{"id":"ou-375508878","p1":"buttplugs galore","p2":"hauntersnightmare","format":"ou","log":"|j|buttplugs galore\n|j|hauntersnightmare\n|player|p1|buttplugs galore|289\n|player|p2|hauntersnightmare|153\n|gametype|singles\n|gen|6\n|tier|OU\n|seed|\n|clearpoke\n|poke|p1|Altaria, M|item\n|poke|p1|Staraptor, F|item\n|poke|p1|Azelf|item\n|poke|p1|Serperior, F|item\n|poke|p1|Eelektross, F|item\n|poke|p1|Latios, M|item\n|poke|p2|Pinsir, M|item\n|poke|p2|Rotom-Wash|item\n|poke|p2|Celebi|item\n|poke|p2|Skarmory, M|item\n|poke|p2|Starmie, shiny|item\n|poke|p2|Landorus-Therian, M|item\n|rule|Swagger Clause: Swagger is banned\n|rule|Baton Pass Clause: Limit one Baton Passer, can't pass Spe and other stats simultaneously\n|rule|Sleep Clause Mod: Limit one foe put to sleep\n|rule|Species Clause: Limit one of each Pok\u00e9mon\n|rule|OHKO Clause: OHKO moves are banned\n|rule|Moody Clause: Moody is banned\n|rule|Evasion Moves Clause: Evasion moves are banned\n|rule|Endless Battle Clause: Forcing endless battles is banned\n|rule|HP Percentage Mod: HP is shown in percentages\n|teampreview\n|c|\u2605hauntersnightmare|glhf man\n|c|\u2605buttplugs galore|u2\n|j|Overmatt\n|c| Overmatt|this should be good\n|c|\u2605buttplugs galore|ehh\n|j|Jm97\n|c|\u2605buttplugs galore|wouldnt go that far\n|choice||\n|\n|start\n|switch|p1a: Eelektross|Eelektross, F|100\/100\n|switch|p2a: Robin Williams|Landorus-Therian, M|100\/100\n|-ability|p2a: Robin Williams|Intimidate|boost\n|-unboost|p1a: Eelektross|atk|1\n|turn|1\n|c| Jm97|Good luck guys!!\n|choice||\n|\n|move|p2a: Robin Williams|Stealth Rock|p1a: Eelektross\n|-sidestart|p1: buttplugs galore|move: Stealth Rock\n|move|p1a: Eelektross|Hidden Power|p2a: Robin Williams\n|-supereffective|p2a: Robin Williams\n|-damage|p2a: Robin Williams|8\/100\n|\n|-heal|p2a: Robin Williams|14\/100|[from] item: Leftovers\n|turn|2\n|choice||\n|\n|move|p2a: Robin Williams|U-turn|p1a: Eelektross\n|-damage|p1a: Eelektross|75\/100\n|choice||\n|\n|switch|p2a: Kenmoar|Rotom-Wash|100\/100\n|move|p1a: Eelektross|Flamethrower|p2a: Kenmoar\n|-resisted|p2a: Kenmoar\n|-crit|p2a: Kenmoar\n|-damage|p2a: Kenmoar|83\/100\n|\n|-heal|p2a: Kenmoar|89\/100|[from] item: Leftovers\n|turn|3\n|j|Gustafio\n|j|Arif's ip\n|c| Gustafio|ohai\n|j|Straight Up Ethan\n|c| Arif's ip|Good luck!\n|c| Straight Up Ethan|Ayy\n|c| Gustafio|I am excite\n|choice||\n|\n|move|p2a: Kenmoar|Volt Switch|p1a: Eelektross\n|-resisted|p1a: Eelektross\n|-damage|p1a: Eelektross|66\/100\n|choice||\n|\n|switch|p2a: Robin Williams|Landorus-Therian, M|14\/100\n|-ability|p2a: Robin Williams|Intimidate|boost\n|-unboost|p1a: Eelektross|atk|1\n|move|p1a: Eelektross|Volt Switch|p2a: Robin Williams\n|-immune|p2a: Robin Williams|[msg]\n|\n|-heal|p2a: Robin Williams|20\/100|[from] item: Leftovers\n|turn|4\n|c| Gustafio|dis gon b gud\n|choice||\n|\n|move|p2a: Robin Williams|U-turn|p1a: Eelektross\n|-damage|p1a: Eelektross|41\/100\n|choice||\n|\n|switch|p2a: Kenmoar|Rotom-Wash|89\/100\n|move|p1a: Eelektross|Giga Drain|p2a: Kenmoar\n|-supereffective|p2a: Kenmoar\n|-damage|p2a: Kenmoar|48\/100\n|-heal|p1a: Eelektross|58\/100|[from] drain|[of] p2a: Kenmoar\n|\n|-heal|p2a: Kenmoar|54\/100|[from] item: Leftovers\n|turn|5\n|choice||\n|\n|switch|p1a: Latios|Latios, M|100\/100\n|-damage|p1a: Latios|88\/100|[from] Stealth Rock\n|move|p2a: Kenmoar|Will-O-Wisp|p1a: Latios\n|-status|p1a: Latios|brn\n|\n|-heal|p2a: Kenmoar|60\/100|[from] item: Leftovers\n|-damage|p1a: Latios|76\/100 brn|[from] brn\n|turn|6\n|choice||\n|\n|switch|p2a: Tweety|Skarmory, M|100\/100\n|move|p1a: Latios|Draco Meteor|p2a: Tweety\n|-resisted|p2a: Tweety\n|-damage|p2a: Tweety|62\/100\n|-unboost|p1a: Latios|spa|2\n|-damage|p1a: Latios|66\/100 brn|[from] item: Life Orb\n|\n|-damage|p1a: Latios|54\/100 brn|[from] brn\n|turn|7\n|l|Straight Up Ethan\n|c| Gustafio|bye\n|choice||\n|\n|move|p1a: Latios|Defog|p2a: Tweety\n|-unboost|p2a: Tweety|evasion|1\n|-sideend|p1: buttplugs galore|Stealth Rock|[from] move: Defog|[of] p1a: Latios\n|move|p2a: Tweety|Iron Head|p1a: Latios\n|-damage|p1a: Latios|23\/100 brn\n|\n|-damage|p1a: Latios|10\/100 brn|[from] brn\n|turn|8\n|choice||\n|\n|move|p1a: Latios|Roost|p1a: Latios\n|-heal|p1a: Latios|61\/100 brn\n|move|p2a: Tweety|Taunt|p1a: Latios\n|-start|p1a: Latios|move: Taunt\n|\n|-damage|p1a: Latios|48\/100 brn|[from] brn\n|turn|9\n|choice||\n|\n|switch|p1a: Serperior|Serperior, F|100\/100\n|move|p2a: Tweety|Toxic|p1a: Serperior\n|-status|p1a: Serperior|tox\n|\n|-damage|p1a: Serperior|94\/100 tox|[from] psn\n|turn|10\n|choice||\n|\n|switch|p2a: Spaceman Spiff|Celebi|100\/100\n|move|p1a: Serperior|Glare|p2a: Spaceman Spiff\n|-status|p2a: Spaceman Spiff|par\n|\n|-heal|p1a: Serperior|100\/100 tox|[from] item: Leftovers\n|-damage|p1a: Serperior|88\/100 tox|[from] psn\n|turn|11\n|choice||\n|\n|switch|p1a: Staraptor|Staraptor, F|100\/100\n|cant|p2a: Spaceman Spiff|par\n|\n|turn|12\n|j|Straight Up Ethan\n|choice||\n|\n|-curestatus|p2a: Spaceman Spiff|par|[from] ability: Natural Cure\n|switch|p2a: Kenmoar|Rotom-Wash|60\/100\n|move|p1a: Staraptor|U-turn|p2a: Kenmoar\n|-damage|p2a: Kenmoar|35\/100\n|c| Gustafio|HeyGuys\n|c| Straight Up Ethan|HeyGuysItsStraightUpEthan\n|c| Gustafio|I can't fucking belive you stole that nickname from me\n|c| Gustafio|*believe\n|c| Arif's ip|HideYoEggs\n|c| Gustafio|REEEEEE\n|c| Gustafio|My mom mentioned that yesterday\n|choice||\n|\n|switch|p1a: Serperior|Serperior, F|88\/100 tox\n|\n|-heal|p1a: Serperior|94\/100 tox|[from] item: Leftovers\n|-heal|p2a: Kenmoar|41\/100|[from] item: Leftovers\n|-damage|p1a: Serperior|88\/100 tox|[from] psn\n|turn|13\n|choice||\n|\n|switch|p1a: Staraptor|Staraptor, F|100\/100\n|switch|p2a: Spaceman Spiff|Celebi|100\/100\n|\n|turn|14\n|c| Gustafio|I was talking about something and she said \"Why the hell is your voice going so high?\"\n|c| Arif's ip|Eggs?\n|c| Arif's ip|LOL\n|c| Gustafio|and all I could think about was hide yo eggs\n|c| Arif's ip|ACCURATE\n|choice||\n|\n|switch|p2a: Tweety|Skarmory, M|62\/100\n|move|p1a: Staraptor|U-turn|p2a: Tweety\n|-resisted|p2a: Tweety\n|-damage|p2a: Tweety|58\/100\n|-damage|p1a: Staraptor|84\/100|[from] item: Rocky Helmet|[of] p2a: Tweety\n|choice||\n|\n|switch|p1a: Eelektross|Eelektross, F|58\/100\n|\n|turn|15\n|choice||\n|\n|switch|p2a: Spaceman Spiff|Celebi|100\/100\n|move|p1a: Eelektross|Flamethrower|p2a: Spaceman Spiff\n|-supereffective|p2a: Spaceman Spiff\n|-damage|p2a: Spaceman Spiff|63\/100\n|\n|-heal|p2a: Spaceman Spiff|69\/100|[from] item: Leftovers\n|turn|16\n|c| Gustafio|fatty damage\n|choice||\n|\n|move|p2a: Spaceman Spiff|Giga Drain|p1a: Eelektross\n|-damage|p1a: Eelektross|39\/100\n|-heal|p2a: Spaceman Spiff|78\/100|[from] drain|[of] p1a: Eelektross\n|move|p1a: Eelektross|Volt Switch|p2a: Spaceman Spiff\n|-resisted|p2a: Spaceman Spiff\n|-damage|p2a: Spaceman Spiff|68\/100\n|j|marty13612\n|c| Fitszy|Do the thingy\n|c| Gustafio|shut the FUCK UP\n|c| Gustafio|thanks\n|c|\u2605hauntersnightmare|switchhhh\n|c|\u2605hauntersnightmare|plzl\n|c|\u2605buttplugs galore|oy\n|c|\u2605buttplugs galore|let a man think\n|c|\u2605hauntersnightmare|lol\n|c|\u2605buttplugs galore|aka calc\n|choice||\n|\n|switch|p1a: Azelf|Azelf|100\/100\n|\n|-heal|p2a: Spaceman Spiff|74\/100|[from] item: Leftovers\n|turn|17\n|c| Gustafio|synonomous\n|c| Fitszy|ayyyyy he did it\n|c| Gustafio|LOL STOP\n|c| Johhnny|Martin, what day was the midterm changed to?\n|c| Gustafio|L M F A O\n|c| Gustafio|I WAS WONDERING WHY DAMIAN WAS SO QUIET\n|choice||\n|\n|switch|p1a: Staraptor|Staraptor, F|84\/100\n|move|p2a: Spaceman Spiff|Giga Drain|p1a: Staraptor\n|-resisted|p1a: Staraptor\n|-damage|p1a: Staraptor|63\/100\n|-heal|p2a: Spaceman Spiff|82\/100|[from] drain|[of] p1a: Staraptor\n|\n|-heal|p2a: Spaceman Spiff|89\/100|[from] item: Leftovers\n|turn|18\n|c| Gustafio|o.O\n|c| Arif's IP|Ayy ;)\n|choice||\n|\n|switch|p1a: Altaria|Altaria, M|100\/100\n|switch|p2a: Robin Williams|Landorus-Therian, M|20\/100\n|-ability|p2a: Robin Williams|Intimidate|boost\n|-unboost|p1a: Altaria|atk|1\n|\n|-heal|p2a: Robin Williams|26\/100|[from] item: Leftovers\n|turn|19\n|choice||\n|\n|detailschange|p1a: Altaria|Altaria-Mega, M\n|-mega|p1a: Altaria|Altaria|Altarianite\n|move|p1a: Altaria|Return|p2a: Robin Williams\n|-damage|p2a: Robin Williams|0 fnt\n|faint|p2a: Robin Williams\n|\n|c| Straight Up Ethan|The fuck is this triple switch shit\n|c|\u2605buttplugs galore|im insane man\n|c| Gustafio|mindgames\n|choice||\n|\n|switch|p2a: Sweeperella|Pinsir, M|100\/100\n|turn|20\n|c|\u2605buttplugs galore|i cant even understand myself sometimes\n|j|jaydee666\n|c| Arif's IP|Battle is scripted, get the mods\n|j|MaxTheFoxx\n|c| Gustafio|yes, this is Ptatrick\n|c| Gustafio|fuck\n|c| Gustafio|ME\n|c| Gustafio|WITH\n|c| Gustafio|A\n|c| Gustafio|RAKE\n|choice||\n|\n|detailschange|p2a: Sweeperella|Pinsir-Mega, M\n|-mega|p2a: Sweeperella|Pinsir|Pinsirite\n|move|p2a: Sweeperella|Swords Dance|p2a: Sweeperella\n|-boost|p2a: Sweeperella|atk|2\n|move|p1a: Altaria|Fire Blast|p2a: Sweeperella|[miss]\n|-miss|p1a: Altaria|p2a: Sweeperella\n|\n|turn|21\n|c| jaydee666|Hi Julian\n|c| Gustafio|hi\n|c|\u2605hauntersnightmare|all comes down to sash self\n|c|\u2605hauntersnightmare|zelf **\n|c|\u2605buttplugs galore|thank god\n|c|\u2605hauntersnightmare|damnn\n|c|\u2605hauntersnightmare|im sorry\n|c|\u2605buttplugs galore|and i was worried\n|choice||\n|\n|move|p2a: Sweeperella|Frustration|p1a: Altaria\n|-damage|p1a: Altaria|0 fnt\n|faint|p1a: Altaria\n|\n|choice||\n|\n|switch|p1a: Azelf|Azelf|100\/100\n|turn|22\n|choice||\n|\n|move|p2a: Sweeperella|Quick Attack|p1a: Azelf\n|-enditem|p1a: Azelf|Focus Sash\n|-damage|p1a: Azelf|1\/100\n|move|p1a: Azelf|Flamethrower|p2a: Sweeperella\n|-supereffective|p2a: Sweeperella\n|-damage|p2a: Sweeperella|20\/100\n|\n|turn|23\n|c|\u2605hauntersnightmare|fucking hell\n|c|\u2605hauntersnightmare|it is\n|c| Gustafio|lel\n|c|\u2605hauntersnightmare|YESS\n|choice||\n|\n|move|p2a: Sweeperella|Quick Attack|p1a: Azelf\n|-damage|p1a: Azelf|0 fnt\n|faint|p1a: Azelf\n|\n|c|\u2605hauntersnightmare|wow\n|c|\u2605hauntersnightmare|sweats\n|c|\u2605buttplugs galore|na its game i needed the fire blast\n|c|\u2605hauntersnightmare|gg\n|c|\u2605buttplugs galore|to hit\n|choice||\n|\n|switch|p1a: Staraptor|Staraptor, F|63\/100\n|turn|24\n|choice||\n|\n|move|p2a: Sweeperella|Quick Attack|p1a: Staraptor\n|-damage|p1a: Staraptor|0 fnt\n|faint|p1a: Staraptor\n|\n|choice||\n|\n|switch|p1a: Eelektross|Eelektross, F|39\/100\n|turn|25\n|c| Gustafio|RIP\n|choice||\n|\n|move|p2a: Sweeperella|Frustration|p1a: Eelektross\n|-resisted|p1a: Eelektross\n|-damage|p1a: Eelektross|0 fnt\n|faint|p1a: Eelektross\n|\n|choice||\n|\n|switch|p1a: Serperior|Serperior, F|88\/100 tox\n|turn|26\n|choice||\n|\n|move|p2a: Sweeperella|Quick Attack|p1a: Serperior\n|-supereffective|p1a: Serperior\n|-damage|p1a: Serperior|0 fnt\n|faint|p1a: Serperior\n|\n|c| Arif's IP|I think Staraptor wins this\n|c|\u2605hauntersnightmare|i got lucky\n|choice||\n|\n|switch|p1a: Latios|Latios, M|48\/100 brn\n|turn|27\n|choice||\n|\n|move|p2a: Sweeperella|Quick Attack|p1a: Latios\n|-damage|p1a: Latios|0 fnt\n|faint|p1a: Latios\n|\n|win|hauntersnightmare\n|player|p1\n|player|p2\n|c|\u2605hauntersnightmare|gg\n|c| MaxTheFoxx|gg\n|c| jaydee666|gg\n|c| Arif's IP|GGs\n|c|\u2605buttplugs galore|gg\n|c| Gustafio|gg\n|l|jaydee666\n|l|Arif's IP\n|l|Overmatt\n|l|Gustafio\n|l|buttplugs galore\n|l|MaxTheFoxx","inputlog":null,"uploadtime":1463800040,"views":12,"p1id":"buttplugsgalore","p2id":"hauntersnightmare","formatid":"ou","rating":0,"private":0,"password":null}