{"id":"ou-380920119","p1":"Candice","p2":"Theycallmedenzel","format":"ou","log":"|j|Candice\n|j|Theycallmedenzel\n|player|p1|Candice|2\n|player|p2|Theycallmedenzel|2\n|gametype|singles\n|gen|6\n|tier|OU\n|rated\n|seed|\n|clearpoke\n|poke|p1|Altaria, M|item\n|poke|p1|Hippowdon, M|item\n|poke|p1|Excadrill, F|item\n|poke|p1|Manaphy|item\n|poke|p1|Ferrothorn, F|item\n|poke|p1|Talonflame, F|\n|poke|p2|Hoopa|item\n|poke|p2|Tornadus-Therian, M|item\n|poke|p2|Tentacruel, F|item\n|poke|p2|Rotom-Wash|item\n|poke|p2|Diancie|item\n|poke|p2|Clefable, F|item\n|rule|Swagger Clause: Swagger is banned\n|rule|Baton Pass Clause: Limit one Baton Passer, can't pass Spe and other stats simultaneously\n|rule|Sleep Clause Mod: Limit one foe put to sleep\n|rule|Species Clause: Limit one of each Pok\u00e9mon\n|rule|OHKO Clause: OHKO moves are banned\n|rule|Moody Clause: Moody is banned\n|rule|Evasion Moves Clause: Evasion moves are banned\n|rule|Endless Battle Clause: Forcing endless battles is banned\n|rule|HP Percentage Mod: HP is shown in percentages\n|teampreview\n|choice||\n|\n|start\n|switch|p1a: Fluffy|Altaria, M|100\/100\n|switch|p2a: Hoopa|Hoopa|100\/100\n|-ability|p1a: Fluffy|Cloud Nine\n|turn|1\n|choice||\n|\n|detailschange|p1a: Fluffy|Altaria-Mega, M\n|-mega|p1a: Fluffy|Altaria|Altarianite\n|move|p2a: Hoopa|Shadow Ball|p1a: Fluffy\n|-damage|p1a: Fluffy|25\/100\n|move|p1a: Fluffy|Hyper Voice|p2a: Hoopa\n|-damage|p2a: Hoopa|47\/100\n|\n|turn|2\n|choice||\n|\n|switch|p1a: Birdie|Talonflame, F|100\/100\n|move|p2a: Hoopa|Shadow Ball|p1a: Birdie\n|-damage|p1a: Birdie|30\/100\n|-unboost|p1a: Birdie|spd|1\n|\n|turn|3\n|choice||\n|\n|switch|p2a: Rotom|Rotom-Wash|100\/100\n|move|p1a: Birdie|Will-O-Wisp|p2a: Rotom\n|-status|p2a: Rotom|brn\n|\n|-damage|p2a: Rotom|88\/100 brn|[from] brn\n|turn|4\n|choice||\n|\n|move|p1a: Birdie|Roost|p1a: Birdie\n|-heal|p1a: Birdie|80\/100\n|move|p2a: Rotom|Volt Switch|p1a: Birdie\n|-damage|p1a: Birdie|49\/100\n|choice||\n|\n|switch|p2a: Diancie|Diancie|100\/100\n|\n|turn|5\n|choice||\n|\n|switch|p1a: Powpow|Hippowdon, M|100\/100\n|-weather|Sandstorm|[from] ability: Sand Stream|[of] p1a: Powpow\n|switch|p2a: Hoopa|Hoopa|47\/100\n|\n|-weather|Sandstorm|[upkeep]\n|-damage|p2a: Hoopa|41\/100|[from] sandstorm\n|turn|6\n|choice||\n|\n|switch|p1a: Spiky|Ferrothorn, F|100\/100\n|move|p2a: Hoopa|Shadow Ball|p1a: Spiky\n|-damage|p1a: Spiky|49\/100\n|\n|-weather|Sandstorm|[upkeep]\n|-damage|p2a: Hoopa|35\/100|[from] sandstorm\n|-heal|p1a: Spiky|55\/100|[from] item: Leftovers\n|turn|7\n|choice||\n|\n|move|p2a: Hoopa|Shadow Ball|p1a: Spiky\n|-damage|p1a: Spiky|0 fnt\n|faint|p1a: Spiky\n|\n|-weather|Sandstorm|[upkeep]\n|-damage|p2a: Hoopa|29\/100|[from] sandstorm\n|choice||\n|\n|switch|p1a: Birdie|Talonflame, F|49\/100\n|turn|8\n|choice||\n|\n|move|p1a: Birdie|Acrobatics|p2a: Hoopa\n|-damage|p2a: Hoopa|0 fnt\n|faint|p2a: Hoopa\n|\n|-weather|Sandstorm|[upkeep]\n|-damage|p1a: Birdie|43\/100|[from] sandstorm\n|choice||\n|\n|switch|p2a: Diancie|Diancie|100\/100\n|turn|9\n|choice||\n|\n|switch|p1a: Fluffy|Altaria-Mega, M|25\/100\n|detailschange|p2a: Diancie|Diancie-Mega\n|-mega|p2a: Diancie|Diancie|Diancite\n|move|p2a: Diancie|Substitute|p2a: Diancie\n|-start|p2a: Diancie|Substitute\n|-damage|p2a: Diancie|76\/100\n|\n|-weather|none\n|turn|10\n|choice||\n|\n|move|p2a: Diancie|Moonblast|p1a: Fluffy\n|-supereffective|p1a: Fluffy\n|-damage|p1a: Fluffy|0 fnt\n|faint|p1a: Fluffy\n|\n|choice||\n|\n|switch|p1a: Powpow|Hippowdon, M|100\/100\n|-weather|Sandstorm|[from] ability: Sand Stream|[of] p1a: Powpow\n|turn|11\n|choice||\n|\n|move|p2a: Diancie|Moonblast|p1a: Powpow\n|-damage|p1a: Powpow|43\/100\n|-unboost|p1a: Powpow|spa|1\n|move|p1a: Powpow|Earthquake|p2a: Diancie\n|-supereffective|p2a: Diancie\n|-end|p2a: Diancie|Substitute\n|\n|-weather|Sandstorm|[upkeep]\n|-heal|p1a: Powpow|49\/100|[from] item: Leftovers\n|turn|12\n|choice||\n|\n|switch|p1a: Toph|Excadrill, F|100\/100\n|move|p2a: Diancie|Moonblast|p1a: Toph\n|-resisted|p1a: Toph\n|-damage|p1a: Toph|66\/100\n|\n|-weather|Sandstorm|[upkeep]\n|turn|13\n|choice||\n|\n|switch|p2a: Rotom|Rotom-Wash|88\/100 brn\n|move|p1a: Toph|Iron Head|p2a: Rotom\n|-resisted|p2a: Rotom\n|-damage|p2a: Rotom|76\/100 brn\n|-damage|p1a: Toph|56\/100|[from] item: Life Orb\n|\n|-weather|Sandstorm|[upkeep]\n|-damage|p2a: Rotom|70\/100 brn|[from] sandstorm\n|-heal|p2a: Rotom|76\/100 brn|[from] item: Leftovers\n|-damage|p2a: Rotom|64\/100 brn|[from] brn\n|turn|14\n|choice||\n|\n|switch|p1a: Lutinot|Manaphy|100\/100\n|switch|p2a: Clefable|Clefable, F|100\/100\n|\n|-weather|Sandstorm|[upkeep]\n|-damage|p1a: Lutinot|94\/100|[from] sandstorm\n|-damage|p2a: Clefable|94\/100|[from] sandstorm\n|-heal|p1a: Lutinot|100\/100|[from] item: Leftovers\n|-heal|p2a: Clefable|100\/100|[from] item: Leftovers\n|turn|15\n|choice||\n|\n|switch|p1a: Powpow|Hippowdon, M|49\/100\n|move|p2a: Clefable|Stealth Rock|p1a: Powpow\n|-sidestart|p1: Candice|move: Stealth Rock\n|\n|-weather|none\n|-heal|p1a: Powpow|55\/100|[from] item: Leftovers\n|turn|16\n|choice||\n|\n|switch|p2a: Tornadus|Tornadus-Therian, M|100\/100\n|move|p1a: Powpow|Stealth Rock|p2a: Tornadus\n|-sidestart|p2: Theycallmedenzel|move: Stealth Rock\n|\n|-heal|p1a: Powpow|61\/100|[from] item: Leftovers\n|turn|17\n|choice||\n|\n|switch|p1a: Birdie|Talonflame, F|43\/100\n|-damage|p1a: Birdie|0 fnt|[from] Stealth Rock\n|faint|p1a: Birdie\n|move|p2a: Tornadus|Hurricane|p1: Birdie|[notarget]\n|-notarget\n|\n|choice||\n|\n|switch|p1a: Powpow|Hippowdon, M|61\/100\n|-damage|p1a: Powpow|55\/100|[from] Stealth Rock\n|-weather|Sandstorm|[from] ability: Sand Stream|[of] p1a: Powpow\n|turn|18\n|choice||\n|\n|switch|p1a: Toph|Excadrill, F|56\/100\n|-damage|p1a: Toph|53\/100|[from] Stealth Rock\n|move|p2a: Tornadus|Focus Blast|p1a: Toph|[miss]\n|-miss|p2a: Tornadus|p1a: Toph\n|\n|-weather|Sandstorm|[upkeep]\n|-damage|p2a: Tornadus|94\/100|[from] sandstorm\n|turn|19\n|choice||\n|\n|switch|p2a: Rotom|Rotom-Wash|64\/100 brn\n|-damage|p2a: Rotom|51\/100 brn|[from] Stealth Rock\n|move|p1a: Toph|Rock Slide|p2a: Rotom\n|-crit|p2a: Rotom\n|-damage|p2a: Rotom|5\/100 brn\n|-damage|p1a: Toph|43\/100|[from] item: Life Orb\n|\n|-weather|Sandstorm|[upkeep]\n|-damage|p2a: Rotom|0 fnt|[from] sandstorm\n|faint|p2a: Rotom\n|choice||\n|\n|switch|p2a: Diancie|Diancie-Mega|76\/100\n|-damage|p2a: Diancie|63\/100|[from] Stealth Rock\n|turn|20\n|choice||\n|\n|move|p2a: Diancie|Protect|p2a: Diancie\n|-singleturn|p2a: Diancie|Protect\n|move|p1a: Toph|Iron Head|p2a: Diancie\n|-activate|p2a: Diancie|Protect\n|\n|-weather|Sandstorm|[upkeep]\n|turn|21\n|choice||\n|\n|switch|p2a: Clefable|Clefable, F|100\/100\n|-damage|p2a: Clefable|88\/100|[from] Stealth Rock\n|move|p1a: Toph|Earthquake|p2a: Clefable\n|-damage|p2a: Clefable|31\/100\n|-damage|p1a: Toph|33\/100|[from] item: Life Orb\n|\n|-weather|Sandstorm|[upkeep]\n|-damage|p2a: Clefable|25\/100|[from] sandstorm\n|-heal|p2a: Clefable|31\/100|[from] item: Leftovers\n|turn|22\n|choice||\n|\n|move|p1a: Toph|Earthquake|p2a: Clefable\n|-crit|p2a: Clefable\n|-damage|p2a: Clefable|0 fnt\n|-damage|p1a: Toph|23\/100|[from] item: Life Orb\n|faint|p2a: Clefable\n|\n|-weather|none\n|choice||\n|\n|switch|p2a: Diancie|Diancie-Mega|63\/100\n|-damage|p2a: Diancie|51\/100|[from] Stealth Rock\n|turn|23\n|choice||\n|\n|switch|p1a: Powpow|Hippowdon, M|55\/100\n|-damage|p1a: Powpow|49\/100|[from] Stealth Rock\n|-weather|Sandstorm|[from] ability: Sand Stream|[of] p1a: Powpow\n|move|p2a: Diancie|Substitute|p2a: Diancie\n|-start|p2a: Diancie|Substitute\n|-damage|p2a: Diancie|26\/100\n|\n|-weather|Sandstorm|[upkeep]\n|-heal|p1a: Powpow|55\/100|[from] item: Leftovers\n|turn|24\n|choice||\n|\n|move|p2a: Diancie|Protect|p2a: Diancie\n|-singleturn|p2a: Diancie|Protect\n|move|p1a: Powpow|Earthquake|p2a: Diancie\n|-activate|p2a: Diancie|Protect\n|\n|-weather|Sandstorm|[upkeep]\n|-heal|p1a: Powpow|61\/100|[from] item: Leftovers\n|turn|25\n|choice||\n|\n|move|p2a: Diancie|Moonblast|p1a: Powpow\n|-damage|p1a: Powpow|7\/100\n|move|p1a: Powpow|Earthquake|p2a: Diancie\n|-supereffective|p2a: Diancie\n|-end|p2a: Diancie|Substitute\n|\n|-weather|Sandstorm|[upkeep]\n|-heal|p1a: Powpow|13\/100|[from] item: Leftovers\n|turn|26\n|choice||\n|\n|move|p2a: Diancie|Moonblast|p1a: Powpow\n|-damage|p1a: Powpow|0 fnt\n|faint|p1a: Powpow\n|\n|-weather|Sandstorm|[upkeep]\n|choice||\n|\n|switch|p1a: Toph|Excadrill, F|23\/100\n|-damage|p1a: Toph|20\/100|[from] Stealth Rock\n|turn|27\n|choice||\n|\n|move|p2a: Diancie|Protect|p2a: Diancie\n|-singleturn|p2a: Diancie|Protect\n|move|p1a: Toph|Earthquake|p2a: Diancie\n|-activate|p2a: Diancie|Protect\n|\n|-weather|none\n|turn|28\n|choice||\n|\n|move|p2a: Diancie|Moonblast|p1a: Toph\n|-resisted|p1a: Toph\n|-damage|p1a: Toph|0 fnt\n|faint|p1a: Toph\n|\n|choice||\n|\n|switch|p1a: Lutinot|Manaphy|100\/100\n|-damage|p1a: Lutinot|88\/100|[from] Stealth Rock\n|turn|29\n|choice||\n|\n|switch|p2a: Tentacruel|Tentacruel, F|100\/100\n|-damage|p2a: Tentacruel|88\/100|[from] Stealth Rock\n|move|p1a: Lutinot|Scald|p2a: Tentacruel\n|-resisted|p2a: Tentacruel\n|-damage|p2a: Tentacruel|73\/100\n|-status|p2a: Tentacruel|brn\n|\n|-heal|p1a: Lutinot|94\/100|[from] item: Leftovers\n|-heal|p2a: Tentacruel|79\/100 brn|[from] item: Black Sludge\n|-damage|p2a: Tentacruel|67\/100 brn|[from] brn\n|turn|30\n|choice||\n|\n|move|p1a: Lutinot|Tail Glow|p1a: Lutinot\n|-boost|p1a: Lutinot|spa|3\n|move|p2a: Tentacruel|Acid Spray|p1a: Lutinot\n|-damage|p1a: Lutinot|84\/100\n|-unboost|p1a: Lutinot|spd|2\n|\n|-heal|p1a: Lutinot|90\/100|[from] item: Leftovers\n|-heal|p2a: Tentacruel|73\/100 brn|[from] item: Black Sludge\n|-damage|p2a: Tentacruel|61\/100 brn|[from] brn\n|turn|31\n|choice||\n|\n|move|p1a: Lutinot|Energy Ball|p2a: Tentacruel\n|-damage|p2a: Tentacruel|7\/100 brn\n|-unboost|p2a: Tentacruel|spd|1\n|move|p2a: Tentacruel|Acid Spray|p1a: Lutinot\n|-damage|p1a: Lutinot|69\/100\n|-unboost|p1a: Lutinot|spd|2\n|\n|-heal|p1a: Lutinot|75\/100|[from] item: Leftovers\n|-heal|p2a: Tentacruel|13\/100 brn|[from] item: Black Sludge\n|-damage|p2a: Tentacruel|1\/100 brn|[from] brn\n|turn|32\n|c|\u2605Theycallmedenzel|gg\n|c|\u2605Candice|gg\n|-message|Candice forfeited.\n|\n|win|Theycallmedenzel\n|player|p1\n|player|p2\n|l|Candice\n|raw|Candice's rating: 1609 &rarr; <strong>1589<\/strong><br \/>(-20 for losing)\n|raw|Theycallmedenzel's rating: 1605 &rarr; <strong>1626<\/strong><br \/>(+21 for winning)","inputlog":null,"uploadtime":1464850511,"views":0,"p1id":"candice","p2id":"theycallmedenzel","formatid":"ou","rating":1589,"private":0,"password":null}