{"id":"ou-376756289","p1":"Amaterus","p2":"I do ok","format":"ou","log":"|j|Amaterus\n|j|I do ok\n|player|p1|Amaterus|#zinnia\n|player|p2|I do ok|250\n|gametype|singles\n|gen|6\n|tier|OU\n|rated\n|seed|\n|clearpoke\n|poke|p1|Gengar, M, shiny|item\n|poke|p1|Meloetta|item\n|poke|p1|Altaria, M, shiny|item\n|poke|p1|Dragonite, M|item\n|poke|p1|Empoleon, M, shiny|item\n|poke|p1|Magnezone, shiny|item\n|poke|p2|Klefki, M|item\n|poke|p2|Hippowdon, M|item\n|poke|p2|Weavile, M|item\n|poke|p2|Thundurus-Therian, M|item\n|poke|p2|Starmie|item\n|poke|p2|Charizard, M|item\n|rule|Swagger Clause: Swagger is banned\n|rule|Baton Pass Clause: Limit one Baton Passer, can't pass Spe and other stats simultaneously\n|rule|Sleep Clause Mod: Limit one foe put to sleep\n|rule|Species Clause: Limit one of each Pok\u00e9mon\n|rule|OHKO Clause: OHKO moves are banned\n|rule|Moody Clause: Moody is banned\n|rule|Evasion Moves Clause: Evasion moves are banned\n|rule|Endless Battle Clause: Forcing endless battles is banned\n|rule|HP Percentage Mod: HP is shown in percentages\n|teampreview\n|choice||\n|\n|start\n|switch|p1a: Calamity|Meloetta|100\/100\n|switch|p2a: Blunder - Therian|Thundurus-Therian, M|100\/100\n|turn|1\n|choice||\n|\n|move|p1a: Calamity|Relic Song|p2a: Blunder - Therian\n|-damage|p2a: Blunder - Therian|54\/100\n|-formechange|p1a: Calamity|Meloetta-Pirouette|[msg]\n|-damage|p1a: Calamity|91\/100|[from] item: Life Orb\n|move|p2a: Blunder - Therian|Thunderbolt|p1a: Calamity\n|-damage|p1a: Calamity|28\/100\n|\n|-heal|p2a: Blunder - Therian|60\/100|[from] item: Leftovers\n|turn|2\n|choice||\n|\n|switch|p2a: Klefki|Klefki, M|100\/100\n|move|p1a: Calamity|Ice Punch|p2a: Klefki\n|-resisted|p2a: Klefki\n|-damage|p2a: Klefki|80\/100\n|-status|p2a: Klefki|frz\n|-damage|p1a: Calamity|18\/100|[from] item: Life Orb\n|\n|-heal|p2a: Klefki|86\/100 frz|[from] item: Leftovers\n|turn|3\n|choice||\n|\n|switch|p2a: Starmie|Starmie|100\/100\n|move|p1a: Calamity|Close Combat|p2a: Starmie\n|-resisted|p2a: Starmie\n|-crit|p2a: Starmie\n|-damage|p2a: Starmie|24\/100\n|-unboost|p1a: Calamity|def|1\n|-unboost|p1a: Calamity|spd|1\n|-damage|p1a: Calamity|8\/100|[from] item: Life Orb\n|\n|-heal|p2a: Starmie|30\/100|[from] item: Leftovers\n|turn|4\n|choice||\n|\n|switch|p2a: Blunder - Therian|Thundurus-Therian, M|60\/100\n|move|p1a: Calamity|Close Combat|p2a: Blunder - Therian\n|-resisted|p2a: Blunder - Therian\n|-damage|p2a: Blunder - Therian|11\/100\n|-unboost|p1a: Calamity|def|1\n|-unboost|p1a: Calamity|spd|1\n|-damage|p1a: Calamity|0 fnt|[from] item: Life Orb\n|faint|p1a: Calamity\n|\n|-heal|p2a: Blunder - Therian|17\/100|[from] item: Leftovers\n|choice||\n|\n|switch|p1a: Crane|Altaria, M, shiny|100\/100\n|-ability|p1a: Crane|Cloud Nine\n|turn|5\n|choice||\n|\n|detailschange|p1a: Crane|Altaria-Mega, M, shiny\n|-mega|p1a: Crane|Altaria|Altarianite\n|move|p2a: Blunder - Therian|Nasty Plot|p2a: Blunder - Therian\n|-boost|p2a: Blunder - Therian|spa|2\n|move|p1a: Crane|Facade|p2a: Blunder - Therian\n|-damage|p2a: Blunder - Therian|0 fnt\n|faint|p2a: Blunder - Therian\n|\n|choice||\n|\n|switch|p2a: Weavile|Weavile, M|100\/100\n|-ability|p2a: Weavile|Pressure\n|turn|6\n|choice||\n|\n|move|p2a: Weavile|Icicle Crash|p1a: Crane\n|-supereffective|p1a: Crane\n|-damage|p1a: Crane|0 fnt\n|-damage|p2a: Weavile|91\/100|[from] item: Life Orb\n|faint|p1a: Crane\n|\n|choice||\n|\n|switch|p1a: Trident|Empoleon, M, shiny|100\/100\n|turn|7\n|choice||\n|\n|move|p2a: Weavile|Knock Off|p1a: Trident\n|-damage|p1a: Trident|59\/100\n|-enditem|p1a: Trident|Leftovers|[from] move: Knock Off|[of] p2a: Weavile\n|-damage|p2a: Weavile|81\/100|[from] item: Life Orb\n|move|p1a: Trident|Stealth Rock|p2a: Weavile\n|-sidestart|p2: I do ok|move: Stealth Rock\n|\n|turn|8\n|choice||\n|\n|switch|p2a: Klefki|Klefki, M|86\/100 frz\n|-damage|p2a: Klefki|80\/100 frz|[from] Stealth Rock\n|move|p1a: Trident|Scald|p2a: Klefki\n|-crit|p2a: Klefki\n|-damage|p2a: Klefki|39\/100 frz\n|-curestatus|p2a: Klefki|frz\n|\n|-heal|p2a: Klefki|45\/100|[from] item: Leftovers\n|turn|9\n|choice||\n|\n|switch|p2a: Starmie|Starmie|30\/100\n|-damage|p2a: Starmie|17\/100|[from] Stealth Rock\n|move|p1a: Trident|Scald|p2a: Starmie\n|-resisted|p2a: Starmie\n|-damage|p2a: Starmie|0 fnt\n|faint|p2a: Starmie\n|\n|choice||\n|\n|switch|p2a: Charizard|Charizard, M|100\/100\n|-damage|p2a: Charizard|51\/100|[from] Stealth Rock\n|turn|10\n|choice||\n|\n|detailschange|p2a: Charizard|Charizard-Mega-Y, M\n|-mega|p2a: Charizard|Charizard|Charizardite Y\n|-weather|SunnyDay|[from] ability: Drought|[of] p2a: Charizard\n|move|p2a: Charizard|Roost|p2a: Charizard\n|-heal|p2a: Charizard|100\/100\n|move|p1a: Trident|Scald|p2a: Charizard\n|-supereffective|p2a: Charizard\n|-damage|p2a: Charizard|72\/100\n|\n|-weather|SunnyDay|[upkeep]\n|turn|11\n|choice||\n|\n|move|p2a: Charizard|Fire Blast|p1a: Trident\n|-damage|p1a: Trident|0 fnt\n|faint|p1a: Trident\n|\n|-weather|SunnyDay|[upkeep]\n|choice||\n|\n|switch|p1a: Apocalypse|Dragonite, M|100\/100\n|turn|12\n|choice||\n|\n|switch|p2a: Klefki|Klefki, M|45\/100\n|-damage|p2a: Klefki|39\/100|[from] Stealth Rock\n|move|p1a: Apocalypse|Extreme Speed|p2a: Klefki\n|-resisted|p2a: Klefki\n|-damage|p2a: Klefki|12\/100\n|\n|-weather|SunnyDay|[upkeep]\n|-heal|p2a: Klefki|18\/100|[from] item: Leftovers\n|turn|13\n|choice||\n|\n|switch|p1a: Grimlock|Magnezone, shiny|100\/100\n|switch|p2a: Hippowdon|Hippowdon, M|100\/100\n|-damage|p2a: Hippowdon|94\/100|[from] Stealth Rock\n|-weather|Sandstorm|[from] ability: Sand Stream|[of] p2a: Hippowdon\n|\n|-weather|Sandstorm|[upkeep]\n|-heal|p2a: Hippowdon|100\/100|[from] item: Leftovers\n|turn|14\n|choice||\n|\n|switch|p1a: Kage|Gengar, M, shiny|100\/100\n|move|p2a: Hippowdon|Stealth Rock|p1a: Kage\n|-sidestart|p1: Amaterus|move: Stealth Rock\n|\n|-weather|Sandstorm|[upkeep]\n|-damage|p1a: Kage|94\/100|[from] sandstorm\n|turn|15\n|choice||\n|\n|switch|p2a: Klefki|Klefki, M|18\/100\n|-damage|p2a: Klefki|12\/100|[from] Stealth Rock\n|move|p1a: Kage|Sludge Wave|p2a: Klefki\n|-immune|p2a: Klefki|[msg]\n|\n|-weather|Sandstorm|[upkeep]\n|-damage|p1a: Kage|88\/100|[from] sandstorm\n|-heal|p2a: Klefki|18\/100|[from] item: Leftovers\n|turn|16\n|choice||\n|\n|switch|p1a: Grimlock|Magnezone, shiny|100\/100\n|-damage|p1a: Grimlock|94\/100|[from] Stealth Rock\n|move|p2a: Klefki|Spikes|p1a: Grimlock\n|-sidestart|p1: Amaterus|Spikes\n|\n|-weather|Sandstorm|[upkeep]\n|-heal|p2a: Klefki|24\/100|[from] item: Leftovers\n|-heal|p1a: Grimlock|100\/100|[from] item: Leftovers\n|turn|17\n|choice||\n|\n|move|p2a: Klefki|Spikes|p1a: Grimlock\n|-sidestart|p1: Amaterus|Spikes\n|move|p1a: Grimlock|Substitute|p1a: Grimlock\n|-start|p1a: Grimlock|Substitute\n|-damage|p1a: Grimlock|76\/100\n|\n|-weather|none\n|-heal|p2a: Klefki|30\/100|[from] item: Leftovers\n|-heal|p1a: Grimlock|82\/100|[from] item: Leftovers\n|turn|18\n|choice||\n|\n|move|p2a: Klefki|Spikes|p1a: Grimlock\n|-sidestart|p1: Amaterus|Spikes\n|move|p1a: Grimlock|Charge Beam|p2a: Klefki\n|-damage|p2a: Klefki|8\/100\n|-boost|p1a: Grimlock|spa|1\n|\n|-heal|p2a: Klefki|14\/100|[from] item: Leftovers\n|-heal|p1a: Grimlock|88\/100|[from] item: Leftovers\n|turn|19\n|choice||\n|\n|move|p2a: Klefki|Flash Cannon|p1a: Grimlock\n|-resisted|p1a: Grimlock\n|-activate|p1a: Grimlock|Substitute|[damage]\n|move|p1a: Grimlock|Charge Beam|p2a: Klefki\n|-damage|p2a: Klefki|0 fnt\n|-boost|p1a: Grimlock|spa|1\n|faint|p2a: Klefki\n|\n|-heal|p1a: Grimlock|94\/100|[from] item: Leftovers\n|choice||\n|\n|switch|p2a: Hippowdon|Hippowdon, M|100\/100\n|-damage|p2a: Hippowdon|94\/100|[from] Stealth Rock\n|-weather|Sandstorm|[from] ability: Sand Stream|[of] p2a: Hippowdon\n|turn|20\n|choice||\n|\n|move|p1a: Grimlock|Flash Cannon|p2a: Hippowdon\n|-damage|p2a: Hippowdon|27\/100\n|move|p2a: Hippowdon|Earthquake|p1a: Grimlock\n|-supereffective|p1a: Grimlock\n|-end|p1a: Grimlock|Substitute\n|\n|-weather|Sandstorm|[upkeep]\n|-heal|p1a: Grimlock|99\/100|[from] item: Leftovers\n|-heal|p2a: Hippowdon|33\/100|[from] item: Leftovers\n|turn|21\n|choice||\n|\n|move|p1a: Grimlock|Flash Cannon|p2a: Hippowdon\n|-damage|p2a: Hippowdon|0 fnt\n|faint|p2a: Hippowdon\n|\n|-weather|Sandstorm|[upkeep]\n|-heal|p1a: Grimlock|100\/100|[from] item: Leftovers\n|choice||\n|\n|switch|p2a: Charizard|Charizard-Mega-Y, M|72\/100\n|-damage|p2a: Charizard|22\/100|[from] Stealth Rock\n|-weather|SunnyDay|[from] ability: Drought|[of] p2a: Charizard\n|turn|22\n|choice||\n|\n|move|p2a: Charizard|Fire Blast|p1a: Grimlock\n|-supereffective|p1a: Grimlock\n|-damage|p1a: Grimlock|0 fnt\n|faint|p1a: Grimlock\n|\n|-weather|SunnyDay|[upkeep]\n|choice||\n|\n|switch|p1a: Apocalypse|Dragonite, M|100\/100\n|-damage|p1a: Apocalypse|76\/100|[from] Stealth Rock\n|turn|23\n|c|\u2605Amaterus|gg.\n|choice||\n|\n|move|p1a: Apocalypse|Extreme Speed|p2a: Charizard\n|-damage|p2a: Charizard|0 fnt\n|faint|p2a: Charizard\n|\n|-weather|SunnyDay|[upkeep]\n|choice||\n|\n|switch|p2a: Weavile|Weavile, M|81\/100\n|-damage|p2a: Weavile|56\/100|[from] Stealth Rock\n|-ability|p2a: Weavile|Pressure\n|turn|24\n|choice||\n|\n|move|p1a: Apocalypse|Extreme Speed|p2a: Weavile\n|-damage|p2a: Weavile|0 fnt\n|faint|p2a: Weavile\n|\n|win|Amaterus\n|player|p1\n|player|p2\n|raw|Amaterus's rating: 1788 &rarr; <strong>1808<\/strong><br \/>(+20 for winning)\n|raw|I do ok's rating: 1786 &rarr; <strong>1766<\/strong><br \/>(-20 for losing)\n|c|\u2605I do ok|u stole a shit team\n|c|\u2605I do ok|and got lucky\n|l|I do ok","inputlog":null,"uploadtime":1464043473,"views":34,"p1id":"amaterus","p2id":"idook","formatid":"ou","rating":1766,"private":0,"password":null}