{"id":"ou-372771995","p1":"marty13612","p2":"HauntersNightmare","format":"ou","log":"|j|marty13612\n|j|HauntersNightmare\n|player|p1|marty13612|126\n|player|p2|HauntersNightmare|153\n|gametype|singles\n|gen|6\n|tier|OU\n|seed|\n|clearpoke\n|poke|p1|Medicham, F|item\n|poke|p1|Rotom-Wash|item\n|poke|p1|Heatran, M|item\n|poke|p1|Excadrill, M|item\n|poke|p1|Zapdos|item\n|poke|p1|Keldeo-Resolute|item\n|poke|p2|Pinsir, F|item\n|poke|p2|Rotom-Wash|item\n|poke|p2|Celebi|item\n|poke|p2|Landorus-Therian, M|item\n|poke|p2|Starmie|item\n|poke|p2|Conkeldurr, M|item\n|rule|Swagger Clause: Swagger is banned\n|rule|Baton Pass Clause: Limit one Baton Passer, can't pass Spe and other stats simultaneously\n|rule|Sleep Clause Mod: Limit one foe put to sleep\n|rule|Species Clause: Limit one of each Pok\u00e9mon\n|rule|OHKO Clause: OHKO moves are banned\n|rule|Moody Clause: Moody is banned\n|rule|Evasion Moves Clause: Evasion moves are banned\n|rule|Endless Battle Clause: Forcing endless battles is banned\n|rule|HP Percentage Mod: HP is shown in percentages\n|teampreview\n|c|\u2605marty13612|I mean\n|c|\u2605marty13612|we dont have to if you dont want to\n|c|\u2605marty13612|I can use my last season draft team\n|c|\u2605HauntersNightmare|nah its all good\n|c|\u2605marty13612|also I think we have the 2 nastiest teams in the draft\n|j|Overmatt\n|c| Overmatt|Mind if i watch?\n|c|\u2605HauntersNightmare|i like dredges team\n|c|\u2605HauntersNightmare|djiordji\n|c|\u2605HauntersNightmare|or w.e.\n|c|\u2605marty13612|ima look at it now\n|c|\u2605marty13612|yeah its nice\n|choice||\n|\n|start\n|switch|p1a: Medicham|Medicham, F|100\/100\n|switch|p2a: Celebi|Celebi|100\/100\n|turn|1\n|c|\u2605marty13612|beware I'm really bad with these mons\n|c|\u2605HauntersNightmare|lol k\n|c|\u2605HauntersNightmare|medicham is amazing\n|c|\u2605marty13612|I usually play with low tier stuff in ou\n|c|\u2605HauntersNightmare|i sub him out on my ou version of this team\n|c|\u2605marty13612|this is the most ou mons ive ever had on 1 team\n|c|\u2605HauntersNightmare|which should have the scizor you snagged\n|choice||\n|\n|detailschange|p1a: Medicham|Medicham-Mega, F\n|-mega|p1a: Medicham|Medicham|Medichamite\n|move|p1a: Medicham|Ice Punch|p2a: Celebi\n|-supereffective|p2a: Celebi\n|-damage|p2a: Celebi|38\/100\n|move|p2a: Celebi|Thunder Wave|p1a: Medicham\n|-status|p1a: Medicham|par\n|\n|-heal|p2a: Celebi|44\/100|[from] item: Leftovers\n|turn|2\n|c|\u2605HauntersNightmare|lol\n|c|\u2605HauntersNightmare|:P\n|choice||\n|\n|switch|p2a: Starmie|Starmie|100\/100\n|move|p1a: Medicham|High Jump Kick|p2a: Starmie\n|-resisted|p2a: Starmie\n|-damage|p2a: Starmie|14\/100\n|\n|-heal|p2a: Starmie|20\/100|[from] item: Leftovers\n|turn|3\n|c|\u2605HauntersNightmare|RIP\n|choice||\n|\n|move|p1a: Medicham|Bullet Punch|p2a: Starmie\n|-resisted|p2a: Starmie\n|-damage|p2a: Starmie|4\/100\n|move|p2a: Starmie|Scald|p1a: Medicham\n|-damage|p1a: Medicham|50\/100 par\n|\n|-heal|p2a: Starmie|10\/100|[from] item: Leftovers\n|turn|4\n|c|\u2605marty13612|wow\n|c|\u2605marty13612|thought that would kill\n|choice||\n|\n|switch|p2a: Landorus|Landorus-Therian, M|100\/100\n|-ability|p2a: Landorus|Intimidate|boost\n|-unboost|p1a: Medicham|atk|1\n|switch|p1a: Rotom|Rotom-Wash|100\/100\n|\n|turn|5\n|c|\u2605HauntersNightmare|im bulky\n|choice||\n|\n|move|p2a: Landorus|U-turn|p1a: Rotom\n|-damage|p1a: Rotom|75\/100\n|choice||\n|\n|switch|p2a: Celebi|Celebi|44\/100\n|move|p1a: Rotom|Will-O-Wisp|p2a: Celebi\n|-status|p2a: Celebi|brn\n|\n|-heal|p2a: Celebi|50\/100 brn|[from] item: Leftovers\n|-heal|p1a: Rotom|82\/100|[from] item: Leftovers\n|-damage|p2a: Celebi|38\/100 brn|[from] brn\n|turn|6\n|choice||\n|\n|move|p2a: Celebi|Baton Pass|p2a: Celebi\n|choice||\n|\n|-curestatus|p2a: Celebi|brn|[from] ability: Natural Cure\n|switch|p2a: Conkeldurr|Conkeldurr, M|100\/100\n|move|p1a: Rotom|Volt Switch|p2a: Conkeldurr\n|-damage|p2a: Conkeldurr|75\/100\n|c|\u2605HauntersNightmare|that fucking zapdos\n|c|\u2605HauntersNightmare|is the bane of my existence\n|c|\u2605marty13612|3 seasons and counting\n|choice||\n|\n|switch|p1a: Keldeo|Keldeo-Resolute|100\/100\n|\n|turn|7\n|c|\u2605HauntersNightmare|i need nasty plot celebii when i play you\n|choice||\n|\n|move|p1a: Keldeo|Scald|p2a: Conkeldurr\n|-damage|p2a: Conkeldurr|9\/100\n|-status|p2a: Conkeldurr|brn\n|move|p2a: Conkeldurr|Drain Punch|p1a: Keldeo\n|-damage|p1a: Keldeo|54\/100\n|-heal|p2a: Conkeldurr|30\/100 brn|[from] drain|[of] p1a: Keldeo\n|\n|-damage|p2a: Conkeldurr|18\/100 brn|[from] brn\n|turn|8\n|c|\u2605HauntersNightmare|UM\n|c|\u2605HauntersNightmare|HAHAHa\n|c|\u2605HauntersNightmare|ugh\n|c|\u2605HauntersNightmare|embaressing\n|c|\u2605HauntersNightmare|no guts\n|c|\u2605marty13612|my team is actually op not gunna lie, I have sylveon, serperior on becnh\n|c|\u2605HauntersNightmare|glad i noticed that not\n|c|\u2605HauntersNightmare|serp is good\n|c|\u2605HauntersNightmare|gonna use a seep team after this\n|choice||\n|\n|switch|p1a: Zapdos|Zapdos|100\/100\n|switch|p2a: Rotom|Rotom-Wash|100\/100\n|\n|turn|9\n|choice||\n|\n|move|p1a: Zapdos|Thunderbolt|p2a: Rotom\n|-damage|p2a: Rotom|64\/100\n|move|p2a: Rotom|Will-O-Wisp|p1a: Zapdos\n|-status|p1a: Zapdos|brn\n|\n|-heal|p2a: Rotom|70\/100|[from] item: Leftovers\n|-damage|p1a: Zapdos|88\/100 brn|[from] brn\n|turn|10\n|choice||\n|\n|switch|p1a: Excadrill|Excadrill, M|100\/100\n|-ability|p1a: Excadrill|Mold Breaker\n|move|p2a: Rotom|Pain Split|p1a: Excadrill\n|-sethp|p1a: Excadrill|80\/100|p2a: Rotom|95\/100|[from] move: Pain Split\n|\n|-heal|p2a: Rotom|100\/100|[from] item: Leftovers\n|turn|11\n|c|\u2605HauntersNightmare|jesus\n|c|\u2605HauntersNightmare|mold breaker\n|c|\u2605HauntersNightmare|counter team much\n|c|\u2605HauntersNightmare|your team should demolish mine lmao\n|c|\u2605HauntersNightmare|best balance breaker in the tier\n|c|\u2605marty13612|im not good\n|c|\u2605HauntersNightmare|one of anyways\n|c|\u2605marty13612|with good mons\n|c|\u2605HauntersNightmare|fair\n|c|\u2605HauntersNightmare|I like em all\n|c|\u2605marty13612|im the guy you used the laptop of\n|choice||\n|\n|switch|p1a: Keldeo|Keldeo-Resolute|54\/100\n|switch|p2a: Landorus|Landorus-Therian, M|100\/100\n|-ability|p2a: Landorus|Intimidate|boost\n|-unboost|p1a: Keldeo|atk|1\n|\n|turn|12\n|c|\u2605HauntersNightmare|agh hey man!\n|c|\u2605HauntersNightmare|ahh ***\n|c|\u2605HauntersNightmare|good switch\n|choice||\n|\n|switch|p2a: Conkeldurr|Conkeldurr, M|18\/100 brn\n|move|p1a: Keldeo|Scald|p2a: Conkeldurr\n|-damage|p2a: Conkeldurr|0 fnt\n|faint|p2a: Conkeldurr\n|\n|choice||\n|\n|switch|p2a: Celebi|Celebi|38\/100\n|turn|13\n|choice||\n|\n|move|p1a: Keldeo|Scald|p2a: Celebi\n|-resisted|p2a: Celebi\n|-damage|p2a: Celebi|12\/100\n|-status|p2a: Celebi|brn\n|move|p2a: Celebi|Recover|p2a: Celebi\n|-heal|p2a: Celebi|62\/100 brn\n|\n|-heal|p2a: Celebi|68\/100 brn|[from] item: Leftovers\n|-damage|p2a: Celebi|56\/100 brn|[from] brn\n|turn|14\n|c|\u2605marty13612|was curious\n|c|\u2605HauntersNightmare|lol\n|c|\u2605marty13612|to see how much that would do\n|c|\u2605HauntersNightmare|i have giga drain too ya punk\n|c|\u2605HauntersNightmare|:P\n|c|\u2605marty13612|recover was telegraphed\n|choice||\n|\n|switch|p1a: Heatran|Heatran, M|100\/100\n|move|p2a: Celebi|Baton Pass|p2a: Celebi\n|choice||\n|\n|-curestatus|p2a: Celebi|brn|[from] ability: Natural Cure\n|switch|p2a: Starmie|Starmie|10\/100\n|\n|-heal|p2a: Starmie|16\/100|[from] item: Leftovers\n|turn|15\n|choice||\n|\n|move|p2a: Starmie|Recover|p2a: Starmie\n|-heal|p2a: Starmie|66\/100\n|move|p1a: Heatran|Earth Power|p2a: Starmie\n|-damage|p2a: Starmie|22\/100\n|-unboost|p2a: Starmie|spd|1\n|\n|-heal|p2a: Starmie|28\/100|[from] item: Leftovers\n|turn|16\n|c|\u2605marty13612|readddss\n|choice||\n|\n|switch|p2a: Rotom|Rotom-Wash|100\/100\n|switch|p1a: Keldeo|Keldeo-Resolute|54\/100\n|\n|turn|17\n|choice||\n|\n|move|p1a: Keldeo|Secret Sword|p2a: Rotom\n|-crit|p2a: Rotom\n|-damage|p2a: Rotom|27\/100\n|move|p2a: Rotom|Will-O-Wisp|p1a: Keldeo|[miss]\n|-miss|p2a: Rotom|p1a: Keldeo\n|\n|-heal|p2a: Rotom|34\/100|[from] item: Leftovers\n|turn|18\n|choice||\n|\n|switch|p2a: Celebi|Celebi|56\/100\n|move|p1a: Keldeo|Secret Sword|p2a: Celebi\n|-resisted|p2a: Celebi\n|-damage|p2a: Celebi|34\/100\n|\n|-heal|p2a: Celebi|40\/100|[from] item: Leftovers\n|turn|19\n|choice||\n|\n|switch|p1a: Heatran|Heatran, M|100\/100\n|move|p2a: Celebi|Baton Pass|p2a: Celebi\n|choice||\n|\n|switch|p2a: Landorus|Landorus-Therian, M|100\/100\n|-ability|p2a: Landorus|Intimidate|boost\n|-unboost|p1a: Heatran|atk|1\n|\n|turn|20\n|choice||\n|\n|move|p1a: Heatran|Toxic|p2a: Landorus\n|-status|p2a: Landorus|tox\n|move|p2a: Landorus|Stealth Rock|p1a: Heatran\n|-sidestart|p1: marty13612|move: Stealth Rock\n|\n|-damage|p2a: Landorus|94\/100 tox|[from] psn\n|turn|21\n|c|\u2605HauntersNightmare|man i was scared of power herb solarbeam\n|c|\u2605HauntersNightmare|lol\n|choice||\n|\n|move|p1a: Heatran|Magma Storm|p2a: Landorus\n|-damage|p2a: Landorus|37\/100 tox\n|-activate|p2a: Landorus|move: Magma Storm|[of] p1a: Heatran\n|move|p2a: Landorus|U-turn|p1a: Heatran\n|-resisted|p1a: Heatran\n|-damage|p1a: Heatran|95\/100\n|choice||\n|\n|switch|p2a: Starmie|Starmie|28\/100\n|\n|-heal|p2a: Starmie|34\/100|[from] item: Leftovers\n|-heal|p1a: Heatran|100\/100|[from] item: Leftovers\n|turn|22\n|c|\u2605marty13612|reads not gunna lie\n|choice||\n|\n|move|p2a: Starmie|Scald|p1a: Heatran\n|-supereffective|p1a: Heatran\n|-damage|p1a: Heatran|24\/100\n|move|p1a: Heatran|Taunt|p2a: Starmie\n|-start|p2a: Starmie|move: Taunt\n|\n|-heal|p2a: Starmie|40\/100|[from] item: Leftovers\n|-heal|p1a: Heatran|31\/100|[from] item: Leftovers\n|turn|23\n|choice||\n|\n|move|p2a: Starmie|Scald|p1a: Heatran\n|-supereffective|p1a: Heatran\n|-damage|p1a: Heatran|0 fnt\n|faint|p1a: Heatran\n|\n|-heal|p2a: Starmie|46\/100|[from] item: Leftovers\n|choice||\n|\n|switch|p1a: Keldeo|Keldeo-Resolute|54\/100\n|-damage|p1a: Keldeo|48\/100|[from] Stealth Rock\n|turn|24\n|choice||\n|\n|move|p2a: Starmie|Scald|p1a: Keldeo\n|-resisted|p1a: Keldeo\n|-damage|p1a: Keldeo|28\/100\n|move|p1a: Keldeo|Hidden Power|p2a: Starmie\n|-supereffective|p2a: Starmie\n|-damage|p2a: Starmie|0 fnt\n|faint|p2a: Starmie\n|\n|choice||\n|\n|switch|p2a: Pinsir|Pinsir, F|100\/100\n|turn|25\n|c|\u2605HauntersNightmare|lol rip\n|c|\u2605HauntersNightmare|sweeperella enters\n|c|\u2605marty13612|I had it last season\n|c|\u2605HauntersNightmare|yeah\n|c|\u2605marty13612|It kinda underpreformed\n|c|\u2605marty13612|but only because my kills were so spread out\n|c|\u2605HauntersNightmare|i should have snagged that lopunny\n|choice||\n|\n|switch|p1a: Medicham|Medicham-Mega, F|50\/100 par\n|-damage|p1a: Medicham|43\/100 par|[from] Stealth Rock\n|detailschange|p2a: Pinsir|Pinsir-Mega, F\n|-mega|p2a: Pinsir|Pinsir|Pinsirite\n|move|p2a: Pinsir|Swords Dance|p2a: Pinsir\n|-boost|p2a: Pinsir|atk|2\n|\n|turn|26\n|c|\u2605HauntersNightmare|but oh well\n|c|\u2605marty13612|I like pinsir more\n|c|\u2605HauntersNightmare|hind sights 2020\n|c|\u2605marty13612|I didnt have have a top tier spinner last season\n|c|\u2605marty13612|only had zap and empoleon\n|choice||\n|\n|move|p2a: Pinsir|Quick Attack|p1a: Medicham\n|-supereffective|p1a: Medicham\n|-damage|p1a: Medicham|0 fnt\n|faint|p1a: Medicham\n|\n|choice||\n|\n|switch|p1a: Excadrill|Excadrill, M|80\/100\n|-damage|p1a: Excadrill|77\/100|[from] Stealth Rock\n|-ability|p1a: Excadrill|Mold Breaker\n|turn|27\n|choice||\n|\n|switch|p2a: Landorus|Landorus-Therian, M|37\/100 tox\n|-ability|p2a: Landorus|Intimidate|boost\n|-unboost|p1a: Excadrill|atk|1\n|move|p1a: Excadrill|Rock Slide|p2a: Landorus\n|-damage|p2a: Landorus|24\/100 tox\n|\n|-heal|p2a: Landorus|30\/100 tox|[from] item: Leftovers\n|-damage|p2a: Landorus|24\/100 tox|[from] psn\n|turn|28\n|choice||\n|\n|switch|p1a: Rotom|Rotom-Wash|82\/100\n|-damage|p1a: Rotom|69\/100|[from] Stealth Rock\n|move|p2a: Landorus|U-turn|p1a: Rotom\n|-damage|p1a: Rotom|44\/100\n|choice||\n|\n|switch|p2a: Celebi|Celebi|40\/100\n|\n|-heal|p2a: Celebi|46\/100|[from] item: Leftovers\n|-heal|p1a: Rotom|50\/100|[from] item: Leftovers\n|turn|29\n|choice||\n|\n|move|p2a: Celebi|Giga Drain|p1a: Rotom\n|-supereffective|p1a: Rotom\n|-damage|p1a: Rotom|6\/100\n|-heal|p2a: Celebi|63\/100|[from] drain|[of] p1a: Rotom\n|move|p1a: Rotom|Volt Switch|p2a: Celebi\n|-resisted|p2a: Celebi\n|-damage|p2a: Celebi|52\/100\n|c|\u2605HauntersNightmare|this thing is also set up wrong lol\n|choice||\n|\n|switch|p1a: Zapdos|Zapdos|88\/100 brn\n|-damage|p1a: Zapdos|63\/100 brn|[from] Stealth Rock\n|\n|-heal|p1a: Zapdos|69\/100 brn|[from] item: Leftovers\n|-heal|p2a: Celebi|59\/100|[from] item: Leftovers\n|-damage|p1a: Zapdos|57\/100 brn|[from] brn\n|turn|30\n|c|\u2605HauntersNightmare|i have twave>calm mind\n|c|\u2605marty13612|I think im losing\n|c|\u2605HauntersNightmare|and I'm still running baton pass\n|choice||\n|\n|move|p1a: Zapdos|Heat Wave|p2a: Celebi|[miss]\n|-miss|p1a: Zapdos|p2a: Celebi\n|move|p2a: Celebi|Baton Pass|p2a: Celebi\n|choice||\n|\n|switch|p2a: Rotom|Rotom-Wash|34\/100\n|\n|-heal|p1a: Zapdos|63\/100 brn|[from] item: Leftovers\n|-heal|p2a: Rotom|40\/100|[from] item: Leftovers\n|-damage|p1a: Zapdos|51\/100 brn|[from] brn\n|turn|31\n|c|\u2605marty13612|that was bad\n|choice||\n|\n|move|p1a: Zapdos|Thunderbolt|p2a: Rotom\n|-damage|p2a: Rotom|0 fnt\n|faint|p2a: Rotom\n|\n|-heal|p1a: Zapdos|57\/100 brn|[from] item: Leftovers\n|-damage|p1a: Zapdos|44\/100 brn|[from] brn\n|choice||\n|\n|switch|p2a: Pinsir|Pinsir-Mega, F|100\/100\n|turn|32\n|choice||\n|\n|move|p2a: Pinsir|Frustration|p1a: Zapdos\n|-resisted|p1a: Zapdos\n|-damage|p1a: Zapdos|0 fnt\n|-status|p2a: Pinsir|par|[from] ability: Static|[of] p1a: Zapdos\n|faint|p1a: Zapdos\n|\n|c|\u2605HauntersNightmare|lmao\n|c|\u2605HauntersNightmare|true\n|c|\u2605marty13612|im shocked that didnt live\n|c|\u2605HauntersNightmare|lol\n|c|\u2605marty13612|im max hp max def bold\n|c|\u2605HauntersNightmare|WHAT\n|c|\u2605HauntersNightmare|ARE YOU IDDING\n|c|\u2605HauntersNightmare|?\n|c|\u2605HauntersNightmare|bull\n|c|\u2605marty13612|im not\n|c|\u2605HauntersNightmare|ya\n|c|\u2605HauntersNightmare|lol\n|c|\u2605marty13612|LOL\n|c|\u2605marty13612|nevermind\n|c|\u2605marty13612|wth happened\n|c|\u2605HauntersNightmare|celebii wins\n|c|\u2605marty13612|my evs are so messed up\n|c|\u2605marty13612|max attack\n|c|\u2605marty13612|max speed\n|c|\u2605marty13612|no nature\n|c|\u2605marty13612|what the hell was that\n|c|\u2605HauntersNightmare|UU set?\n|c|\u2605HauntersNightmare|ohh\n|c|\u2605HauntersNightmare|hmm\n|c|\u2605marty13612|no max attack\n|c|\u2605HauntersNightmare|durunk\n|c|\u2605marty13612|literally useless on zap\n|c|\u2605marty13612|what happened\n|c|\u2605marty13612|wow that might have cost me it\n|c|\u2605HauntersNightmare|your bolt hit hard\n|l|Overmatt\n|choice||\n|\n|switch|p1a: Excadrill|Excadrill, M|77\/100\n|-damage|p1a: Excadrill|74\/100|[from] Stealth Rock\n|-ability|p1a: Excadrill|Mold Breaker\n|turn|33\n|c|\u2605marty13612|that lives with max hp and max def right?\n|c|\u2605marty13612|252 Atk Aerilate Mega Pinsir Return vs. 248 HP \/ 252+ Def Zapdos: 99-117 (25.8 - 30.5%) -- 2.5% chance to 4HKO after Leftovers recovery\n|c|\u2605HauntersNightmare|yeah\n|choice||\n|\n|switch|p2a: Landorus|Landorus-Therian, M|24\/100 tox\n|-ability|p2a: Landorus|Intimidate|boost\n|-unboost|p1a: Excadrill|atk|1\n|move|p1a: Excadrill|Iron Head|p2a: Landorus\n|-damage|p2a: Landorus|2\/100 tox\n|\n|-heal|p2a: Landorus|8\/100 tox|[from] item: Leftovers\n|-damage|p2a: Landorus|2\/100 tox|[from] psn\n|turn|34\n|choice||\n|\n|move|p1a: Excadrill|Iron Head|p2a: Landorus\n|-damage|p2a: Landorus|0 fnt\n|faint|p2a: Landorus\n|\n|choice||\n|\n|switch|p2a: Celebi|Celebi|59\/100\n|turn|35\n|c|\u2605HauntersNightmare|flinch2win\n|c|\u2605marty13612|thats what its looking like\n|choice||\n|\n|switch|p1a: Keldeo|Keldeo-Resolute|28\/100\n|-damage|p1a: Keldeo|22\/100|[from] Stealth Rock\n|move|p2a: Celebi|Recover|p2a: Celebi\n|-heal|p2a: Celebi|100\/100\n|\n|turn|36\n|choice||\n|\n|move|p1a: Keldeo|Hidden Power|p2a: Celebi\n|-supereffective|p2a: Celebi\n|-damage|p2a: Celebi|0 fnt\n|faint|p2a: Celebi\n|\n|c|\u2605marty13612|ah yes\n|c|\u2605HauntersNightmare|oh yeah\n|c|\u2605HauntersNightmare|lol\n|choice||\n|\n|switch|p2a: Pinsir|Pinsir-Mega, F|100\/100 par\n|turn|37\n|c|\u2605marty13612|snack wrap\n|choice||\n|\n|move|p1a: Keldeo|Hidden Power|p2a: Pinsir\n|-resisted|p2a: Pinsir\n|-damage|p2a: Pinsir|78\/100 par\n|cant|p2a: Pinsir|par\n|\n|turn|38\n|choice||\n|\n|move|p1a: Keldeo|Hidden Power|p2a: Pinsir\n|-resisted|p2a: Pinsir\n|-damage|p2a: Pinsir|57\/100 par\n|move|p2a: Pinsir|Swords Dance|p2a: Pinsir\n|-boost|p2a: Pinsir|atk|2\n|\n|turn|39\n|choice||\n|\n|switch|p1a: Rotom|Rotom-Wash|6\/100\n|-damage|p1a: Rotom|0 fnt|[from] Stealth Rock\n|faint|p1a: Rotom\n|move|p2a: Pinsir|Swords Dance|p2a: Pinsir\n|-boost|p2a: Pinsir|atk|2\n|\n|choice||\n|\n|switch|p1a: Excadrill|Excadrill, M|74\/100\n|-damage|p1a: Excadrill|71\/100|[from] Stealth Rock\n|-ability|p1a: Excadrill|Mold Breaker\n|turn|40\n|choice||\n|\n|cant|p2a: Pinsir|par\n|move|p1a: Excadrill|Rock Slide|p2a: Pinsir\n|-supereffective|p2a: Pinsir\n|-damage|p2a: Pinsir|0 fnt\n|faint|p2a: Pinsir\n|\n|win|marty13612\n|player|p1\n|player|p2\n|c|\u2605HauntersNightmare|ggz\n|c|\u2605marty13612|would it kill?\n|c|\u2605HauntersNightmare|nah\n|c|\u2605marty13612|gg man\n|c|\u2605marty13612|intense game\n|c|\u2605marty13612|non draft?\n|c|\u2605marty13612|use that team from before\n|c|\u2605HauntersNightmare|yeah I'm in\n|c|\u2605HauntersNightmare|sorry i was playing another game with matt\n|l|HauntersNightmare","inputlog":null,"uploadtime":1463290767,"views":0,"p1id":"marty13612","p2id":"hauntersnightmare","formatid":"ou","rating":0,"private":0,"password":null}