{"id":"ou-315395916","p1":"Ohmboy Tesla","p2":"venustoise13","format":"ou","log":"|j|Ohmboy Tesla\n|j|venustoise13\n|player|p1|Ohmboy Tesla|136\n|player|p2|venustoise13|101\n|gametype|singles\n|gen|6\n|tier|OU\n|rated\n|seed|31393,51798,38576,5962\n|clearpoke\n|poke|p1|Venusaur, M\n|poke|p1|Talonflame, M\n|poke|p1|Landorus-Therian, M\n|poke|p1|Starmie\n|poke|p1|Clefable, F\n|poke|p1|Scizor, M\n|poke|p2|Gardevoir, M\n|poke|p2|Bronzong\n|poke|p2|Heracross, F\n|poke|p2|Porygon2\n|poke|p2|Hoopa-Unbound\n|poke|p2|Azumarill, M\n|rule|Swagger Clause: Swagger is banned\n|rule|Baton Pass Clause: Limit one Baton Passer, can't pass Spe and other stats simultaneously\n|rule|Sleep Clause Mod: Limit one foe put to sleep\n|rule|Species Clause: Limit one of each Pok\u00e9mon\n|rule|OHKO Clause: OHKO moves are banned\n|rule|Moody Clause: Moody is banned\n|rule|Evasion Moves Clause: Evasion moves are banned\n|rule|Endless Battle Clause: Forcing endless battles is banned\n|rule|HP Percentage Mod: HP is shown in percentages\n|teampreview\n|c|\u2605Ohmboy Tesla|trick room?\n|c|\u2605Ohmboy Tesla|haven't seen that in a while :)\n|choice|team 3|team 4\n|\n|start\n|switch|p1a: Flooffy Paws|Landorus-Therian, M|381\/381\n|switch|p2a: Porygon2|Porygon2|374\/374\n|-ability|p1a: Flooffy Paws|Intimidate|boost\n|-unboost|p2a: Porygon2|atk|1\n|-ability|p2a: Porygon2|Download|boost\n|-boost|p2a: Porygon2|spa|1\n|turn|1\n|choice|move 1|move 2\n|\n|move|p1a: Flooffy Paws|Stealth Rock|p2a: Porygon2\n|-sidestart|p2: venustoise13|move: Stealth Rock\n|move|p2a: Porygon2|Trick Room|p2a: Porygon2\n|-fieldstart|move: Trick Room|[of] p2a: Porygon2\n|\n|turn|2\n|choice|switch 6|move 1\n|\n|switch|p1a: Real Steel|Scizor, M|343\/343\n|move|p2a: Porygon2|Tri Attack|p1a: Real Steel\n|-resisted|p1a: Real Steel\n|-damage|p1a: Real Steel|250\/343\n|-status|p1a: Real Steel|par\n|\n|-heal|p1a: Real Steel|271\/343 par|[from] item: Leftovers\n|turn|3\n|choice|move 3|move 3\n|\n|move|p1a: Real Steel|Bug Bite|p2a: Porygon2\n|-damage|p2a: Porygon2|280\/374\n|move|p2a: Porygon2|Thunderbolt|p1a: Real Steel\n|-damage|p1a: Real Steel|149\/343 par\n|\n|-heal|p1a: Real Steel|170\/343 par|[from] item: Leftovers\n|turn|4\n|choice|move 4|move 3\n|\n|move|p1a: Real Steel|Roost|p1a: Real Steel\n|-heal|p1a: Real Steel|342\/343 par\n|move|p2a: Porygon2|Thunderbolt|p1a: Real Steel\n|-damage|p1a: Real Steel|198\/343 par\n|\n|-heal|p1a: Real Steel|219\/343 par|[from] item: Leftovers\n|turn|5\n|choice|move 3|move 3\n|\n|move|p1a: Real Steel|Bug Bite|p2a: Porygon2\n|-damage|p2a: Porygon2|183\/374\n|move|p2a: Porygon2|Thunderbolt|p1a: Real Steel\n|-damage|p1a: Real Steel|86\/343 par\n|\n|-heal|p1a: Real Steel|107\/343 par|[from] item: Leftovers\n|-fieldend|move: Trick Room\n|turn|6\n|choice|move 1|move 2\n|\n|cant|p1a: Real Steel|par\n|move|p2a: Porygon2|Trick Room|p2a: Porygon2\n|-fieldstart|move: Trick Room|[of] p2a: Porygon2\n|\n|-heal|p1a: Real Steel|128\/343 par|[from] item: Leftovers\n|turn|7\n|choice|move 4|move 3\n|\n|move|p1a: Real Steel|Roost|p1a: Real Steel\n|-heal|p1a: Real Steel|300\/343 par\n|move|p2a: Porygon2|Thunderbolt|p1a: Real Steel\n|-damage|p1a: Real Steel|156\/343 par\n|\n|-heal|p1a: Real Steel|177\/343 par|[from] item: Leftovers\n|turn|8\n|choice|move 4|move 3\n|\n|cant|p1a: Real Steel|par\n|move|p2a: Porygon2|Thunderbolt|p1a: Real Steel\n|-damage|p1a: Real Steel|39\/343 par\n|\n|-heal|p1a: Real Steel|60\/343 par|[from] item: Leftovers\n|turn|9\n|choice|move 4|move 3\n|\n|move|p1a: Real Steel|Roost|p1a: Real Steel\n|-heal|p1a: Real Steel|232\/343 par\n|move|p2a: Porygon2|Thunderbolt|p1a: Real Steel\n|-damage|p1a: Real Steel|96\/343 par\n|\n|-heal|p1a: Real Steel|117\/343 par|[from] item: Leftovers\n|turn|10\n|choice|move 4|move 4\n|\n|move|p1a: Real Steel|Roost|p1a: Real Steel\n|-heal|p1a: Real Steel|289\/343 par\n|move|p2a: Porygon2|Recover|p2a: Porygon2\n|-heal|p2a: Porygon2|370\/374\n|\n|-heal|p1a: Real Steel|310\/343 par|[from] item: Leftovers\n|-fieldend|move: Trick Room\n|turn|11\n|choice|move 1|move 2\n|\n|move|p1a: Real Steel|Swords Dance|p1a: Real Steel\n|-boost|p1a: Real Steel|atk|2\n|move|p2a: Porygon2|Trick Room|p2a: Porygon2\n|-fieldstart|move: Trick Room|[of] p2a: Porygon2\n|\n|-heal|p1a: Real Steel|331\/343 par|[from] item: Leftovers\n|turn|12\n|choice|move 3|switch 3\n|\n|switch|p2a: Heracross|Heracross, F|364\/364\n|-damage|p2a: Heracross|319\/364|[from] Stealth Rock\n|move|p1a: Real Steel|Bug Bite|p2a: Heracross\n|-resisted|p2a: Heracross\n|-damage|p2a: Heracross|145\/364\n|\n|-heal|p1a: Real Steel|343\/343 par|[from] item: Leftovers\n|turn|13\n|choice|move 2|move 1 mega\n|\n|detailschange|p2a: Heracross|Heracross-Mega, F\n|-mega|p2a: Heracross|Heracross|Heracronite\n|move|p1a: Real Steel|Bullet Punch|p2a: Heracross\n|-damage|p2a: Heracross|0 fnt\n|faint|p2a: Heracross\n|\n|choice||switch 6\n|\n|switch|p2a: Azumarill|Azumarill, M|404\/404\n|-damage|p2a: Azumarill|354\/404|[from] Stealth Rock\n|turn|14\n|choice|move 2|move 3\n|\n|cant|p1a: Real Steel|par\n|move|p2a: Azumarill|Waterfall|p1a: Real Steel\n|-crit|p1a: Real Steel\n|-damage|p1a: Real Steel|127\/343 par\n|\n|-heal|p1a: Real Steel|148\/343 par|[from] item: Leftovers\n|turn|15\n|choice|move 2|move 1\n|\n|move|p1a: Real Steel|Bullet Punch|p2a: Azumarill\n|-damage|p2a: Azumarill|156\/404\n|move|p2a: Azumarill|Play Rough|p1a: Real Steel\n|-resisted|p1a: Real Steel\n|-damage|p1a: Real Steel|60\/343 par\n|\n|-heal|p1a: Real Steel|81\/343 par|[from] item: Leftovers\n|-fieldend|move: Trick Room\n|turn|16\n|choice|move 2|move 3\n|\n|move|p1a: Real Steel|Bullet Punch|p2a: Azumarill\n|-damage|p2a: Azumarill|0 fnt\n|faint|p2a: Azumarill\n|\n|-heal|p1a: Real Steel|102\/343 par|[from] item: Leftovers\n|choice||switch 3\n|\n|switch|p2a: Porygon2|Porygon2|370\/374\n|-damage|p2a: Porygon2|324\/374|[from] Stealth Rock\n|-ability|p2a: Porygon2|Download|boost\n|-boost|p2a: Porygon2|spa|1\n|turn|17\n|choice|move 4|move 3\n|\n|move|p2a: Porygon2|Thunderbolt|p1a: Real Steel\n|-crit|p1a: Real Steel\n|-damage|p1a: Real Steel|0 fnt\n|faint|p1a: Real Steel\n|\n|choice|switch 6|\n|\n|switch|p1a: Flooffy Paws|Landorus-Therian, M|381\/381\n|-ability|p1a: Flooffy Paws|Intimidate|boost\n|-unboost|p2a: Porygon2|atk|1\n|turn|18\n|choice|move 4|move 2\n|\n|move|p1a: Flooffy Paws|Knock Off|p2a: Porygon2\n|-damage|p2a: Porygon2|247\/374\n|-enditem|p2a: Porygon2|Eviolite|[from] move: Knock Off|[of] p1a: Flooffy Paws\n|move|p2a: Porygon2|Trick Room|p2a: Porygon2\n|-fieldstart|move: Trick Room|[of] p2a: Porygon2\n|\n|turn|19\n|choice|move 2|move 1\n|\n|move|p2a: Porygon2|Tri Attack|p1a: Flooffy Paws\n|-crit|p1a: Flooffy Paws\n|-damage|p1a: Flooffy Paws|51\/381\n|-status|p1a: Flooffy Paws|frz\n|cant|p1a: Flooffy Paws|frz\n|\n|-heal|p1a: Flooffy Paws|74\/381 frz|[from] item: Leftovers\n|turn|20\n|choice|move 2|move 1\n|\n|move|p2a: Porygon2|Tri Attack|p1a: Flooffy Paws\n|-damage|p1a: Flooffy Paws|0 fnt\n|faint|p1a: Flooffy Paws\n|\n|choice|switch 5|\n|\n|switch|p1a: Cwefabew|Clefable, F|394\/394\n|turn|21\n|choice|move 2|switch 2\n|\n|switch|p2a: Bronzong|Bronzong|338\/338\n|-damage|p2a: Bronzong|317\/338|[from] Stealth Rock\n|move|p1a: Cwefabew|Calm Mind|p1a: Cwefabew\n|-boost|p1a: Cwefabew|spa|1\n|-boost|p1a: Cwefabew|spd|1\n|\n|turn|22\n|choice|switch 2|move 2\n|\n|switch|p1a: Top Gun|Talonflame, M|327\/327\n|move|p2a: Bronzong|Gyro Ball|p1a: Top Gun\n|-resisted|p1a: Top Gun\n|-damage|p1a: Top Gun|176\/327\n|\n|-heal|p1a: Top Gun|196\/327|[from] item: Leftovers\n|-fieldend|move: Trick Room\n|turn|23\n|choice|move 1|move 2\n|\n|move|p1a: Top Gun|Will-O-Wisp|p2a: Bronzong\n|-status|p2a: Bronzong|brn\n|move|p2a: Bronzong|Gyro Ball|p1a: Top Gun\n|-resisted|p1a: Top Gun\n|-damage|p1a: Top Gun|122\/327\n|\n|-heal|p1a: Top Gun|142\/327|[from] item: Leftovers\n|-damage|p2a: Bronzong|275\/338 brn|[from] brn\n|turn|24\n|choice|move 4|move 1\n|\n|move|p1a: Top Gun|Roost|p1a: Top Gun\n|-heal|p1a: Top Gun|306\/327\n|move|p2a: Bronzong|Trick Room|p2a: Bronzong\n|-fieldstart|move: Trick Room|[of] p2a: Bronzong\n|\n|-heal|p1a: Top Gun|326\/327|[from] item: Leftovers\n|-damage|p2a: Bronzong|233\/338 brn|[from] brn\n|turn|25\n|choice|move 2|move 4\n|\n|move|p2a: Bronzong|Explosion|p1a: Top Gun\n|-enditem|p2a: Bronzong|Normal Gem|[from] gem|[move] Explosion\n|-damage|p1a: Top Gun|97\/327\n|faint|p2a: Bronzong\n|move|p1a: Top Gun|Bulk Up|p1a: Top Gun\n|-boost|p1a: Top Gun|atk|1\n|-boost|p1a: Top Gun|def|1\n|\n|-heal|p1a: Top Gun|117\/327|[from] item: Leftovers\n|choice||switch 5\n|\n|switch|p2a: Hoopa|Hoopa-Unbound|363\/363\n|-damage|p2a: Hoopa|318\/363|[from] Stealth Rock\n|turn|26\n|choice|move 3|move 2\n|\n|move|p1a: Top Gun|Brave Bird|p2a: Hoopa\n|-damage|p2a: Hoopa|65\/363\n|-damage|p1a: Top Gun|34\/327|[from] recoil|[of] p2a: Hoopa\n|move|p2a: Hoopa|Psyshock|p1a: Top Gun\n|-damage|p1a: Top Gun|0 fnt\n|faint|p1a: Top Gun\n|\n|choice|switch 4|\n|\n|switch|p1a: Sapphire|Starmie|323\/323\n|turn|27\n|choice|switch 2|move 2\n|\n|switch|p1a: Cwefabew|Clefable, F|394\/394\n|move|p2a: Hoopa|Psyshock|p1a: Cwefabew\n|-damage|p1a: Cwefabew|78\/394\n|\n|-heal|p1a: Cwefabew|102\/394|[from] item: Leftovers\n|turn|28\n|choice|switch 2|move 2\n|\n|switch|p1a: Sapphire|Starmie|323\/323\n|move|p2a: Hoopa|Psyshock|p1a: Sapphire\n|-resisted|p1a: Sapphire\n|-damage|p1a: Sapphire|162\/323\n|\n|-heal|p1a: Sapphire|182\/323|[from] item: Leftovers\n|-fieldend|move: Trick Room\n|turn|29\n|choice|move 2|switch 2\n|\n|switch|p2a: Porygon2|Porygon2|247\/374\n|-damage|p2a: Porygon2|201\/374|[from] Stealth Rock\n|-ability|p2a: Porygon2|Download|boost\n|-boost|p2a: Porygon2|atk|1\n|move|p1a: Sapphire|Scald|p2a: Porygon2\n|-damage|p2a: Porygon2|107\/374\n|\n|-heal|p1a: Sapphire|202\/323|[from] item: Leftovers\n|turn|30\n|choice|move 2|move 2\n|\n|move|p1a: Sapphire|Scald|p2a: Porygon2\n|-damage|p2a: Porygon2|8\/374\n|move|p2a: Porygon2|Trick Room|p2a: Porygon2\n|-fieldstart|move: Trick Room|[of] p2a: Porygon2\n|\n|-heal|p1a: Sapphire|222\/323|[from] item: Leftovers\n|turn|31\n|choice|move 4|move 3\n|\n|move|p2a: Porygon2|Thunderbolt|p1a: Sapphire\n|-supereffective|p1a: Sapphire\n|-damage|p1a: Sapphire|10\/323\n|-status|p1a: Sapphire|par\n|move|p1a: Sapphire|Recover|p1a: Sapphire\n|-heal|p1a: Sapphire|172\/323 par\n|\n|-heal|p1a: Sapphire|192\/323 par|[from] item: Leftovers\n|turn|32\n|choice|switch 3|move 3\n|\n|switch|p1a: Saur|Venusaur, M|363\/363\n|move|p2a: Porygon2|Thunderbolt|p1a: Saur\n|-resisted|p1a: Saur\n|-damage|p1a: Saur|314\/363\n|\n|turn|33\n|choice|move 1 mega|move 4\n|\n|detailschange|p1a: Saur|Venusaur-Mega, M\n|-mega|p1a: Saur|Venusaur|Venusaurite\n|move|p2a: Porygon2|Recover|p2a: Porygon2\n|-heal|p2a: Porygon2|195\/374\n|move|p1a: Saur|Leech Seed|p2a: Porygon2\n|-start|p2a: Porygon2|move: Leech Seed\n|\n|-damage|p2a: Porygon2|149\/374|[from] Leech Seed|[of] p1a: Saur\n|-heal|p1a: Saur|360\/363|[silent]\n|turn|34\n|choice|move 3|move 4\n|\n|move|p2a: Porygon2|Recover|p2a: Porygon2\n|-heal|p2a: Porygon2|336\/374\n|move|p1a: Saur|Sludge Bomb|p2a: Porygon2\n|-damage|p2a: Porygon2|194\/374\n|\n|-damage|p2a: Porygon2|148\/374|[from] Leech Seed|[of] p1a: Saur\n|-heal|p1a: Saur|363\/363|[silent]\n|-fieldend|move: Trick Room\n|turn|35\n|choice|move 2|move 2\n|\n|move|p1a: Saur|Giga Drain|p2a: Porygon2\n|-damage|p2a: Porygon2|48\/374\n|move|p2a: Porygon2|Trick Room|p2a: Porygon2\n|-fieldstart|move: Trick Room|[of] p2a: Porygon2\n|\n|-damage|p2a: Porygon2|2\/374|[from] Leech Seed|[of] p1a: Saur\n|turn|36\n|choice|move 2|move 1\n|\n|move|p2a: Porygon2|Tri Attack|p1a: Saur\n|-damage|p1a: Saur|254\/363\n|move|p1a: Saur|Giga Drain|p2a: Porygon2\n|-damage|p2a: Porygon2|0 fnt\n|-heal|p1a: Saur|255\/363|[from] drain|[of] p2a: Porygon2\n|faint|p2a: Porygon2\n|\n|choice||switch 2\n|\n|switch|p2a: Hoopa|Hoopa-Unbound|65\/363\n|-damage|p2a: Hoopa|20\/363|[from] Stealth Rock\n|turn|37\n|choice|move 2|move 2\n|\n|move|p2a: Hoopa|Psyshock|p1a: Saur\n|-supereffective|p1a: Saur\n|-crit|p1a: Saur\n|-damage|p1a: Saur|0 fnt\n|faint|p1a: Saur\n|\n|choice|switch 3|\n|\n|switch|p1a: Sapphire|Starmie|192\/323\n|turn|38\n|choice|move 4|move 2\n|\n|move|p2a: Hoopa|Psyshock|p1a: Sapphire\n|-resisted|p1a: Sapphire\n|-damage|p1a: Sapphire|26\/323\n|move|p1a: Sapphire|Recover|p1a: Sapphire\n|-heal|p1a: Sapphire|188\/323\n|\n|-heal|p1a: Sapphire|208\/323|[from] item: Leftovers\n|turn|39\n|choice|move 4|move 2\n|\n|move|p2a: Hoopa|Psyshock|p1a: Sapphire\n|-resisted|p1a: Sapphire\n|-damage|p1a: Sapphire|37\/323\n|move|p1a: Sapphire|Recover|p1a: Sapphire\n|-heal|p1a: Sapphire|199\/323\n|\n|-heal|p1a: Sapphire|219\/323|[from] item: Leftovers\n|-fieldend|move: Trick Room\n|turn|40\n|choice|move 2|move 2\n|\n|move|p1a: Sapphire|Scald|p2a: Hoopa\n|-damage|p2a: Hoopa|0 fnt\n|faint|p2a: Hoopa\n|\n|-heal|p1a: Sapphire|239\/323|[from] item: Leftovers\n|choice||switch 4\n|\n|switch|p2a: Gardevoir|Gardevoir, M|340\/340\n|-damage|p2a: Gardevoir|298\/340|[from] Stealth Rock\n|turn|41\n|choice|move 2|move 1\n|\n|move|p1a: Sapphire|Scald|p2a: Gardevoir\n|-damage|p2a: Gardevoir|213\/340\n|move|p2a: Gardevoir|Trick Room|p2a: Gardevoir\n|-fieldstart|move: Trick Room|[of] p2a: Gardevoir\n|\n|-heal|p2a: Gardevoir|234\/340|[from] item: Leftovers\n|-heal|p1a: Sapphire|259\/323|[from] item: Leftovers\n|turn|42\n|choice|move 2|move 3\n|\n|move|p2a: Gardevoir|Moonblast|p1a: Sapphire\n|-damage|p1a: Sapphire|58\/323\n|-unboost|p1a: Sapphire|spa|1\n|move|p1a: Sapphire|Scald|p2a: Gardevoir\n|-damage|p2a: Gardevoir|176\/340\n|\n|-heal|p2a: Gardevoir|197\/340|[from] item: Leftovers\n|-heal|p1a: Sapphire|78\/323|[from] item: Leftovers\n|turn|43\n|choice|move 2|move 3\n|\n|move|p2a: Gardevoir|Moonblast|p1a: Sapphire\n|-crit|p1a: Sapphire\n|-damage|p1a: Sapphire|0 fnt\n|faint|p1a: Sapphire\n|\n|-heal|p2a: Gardevoir|218\/340|[from] item: Leftovers\n|choice|switch 2|\n|\n|switch|p1a: Cwefabew|Clefable, F|102\/394\n|turn|44\n|choice|move 4|move 4\n|\n|move|p2a: Gardevoir|Psyshock|p1a: Cwefabew\n|-damage|p1a: Cwefabew|0 fnt\n|faint|p1a: Cwefabew\n|\n|win|venustoise13\n|player|p1\n|player|p2\n|c|\u2605Ohmboy Tesla|gg\n|c|\u2605venustoise13|gg\n|raw|Ohmboy Tesla's rating: 1363 &rarr; <strong>1343<\/strong><br \/>(-20 for losing)\n|raw|venustoise13's rating: 1365 &rarr; <strong>1385<\/strong><br \/>(+20 for winning)\n|l|Ohmboy Tesla","inputlog":null,"uploadtime":1452357827,"views":2,"p1id":"ohmboytesla","p2id":"venustoise13","formatid":"ou","rating":1343,"private":0,"password":null}