{"id":"ou-380543238","p1":"Candice","p2":"Ramplestilskin","format":"ou","log":"|j|Candice\n|j|Ramplestilskin\n|player|p1|Candice|79\n|player|p2|Ramplestilskin|168\n|gametype|singles\n|gen|6\n|tier|OU\n|rated\n|seed|\n|clearpoke\n|poke|p1|Altaria, F|item\n|poke|p1|Hippowdon, F|item\n|poke|p1|Excadrill, M|item\n|poke|p1|Manaphy|item\n|poke|p1|Ferrothorn, F|item\n|poke|p1|Talonflame, M|\n|poke|p2|Serperior, F, shiny|item\n|poke|p2|Tyranitar, F|item\n|poke|p2|Landorus-Therian, M, shiny|item\n|poke|p2|Starmie, shiny|item\n|poke|p2|Scizor, F, shiny|item\n|poke|p2|Talonflame, F, shiny|item\n|rule|Swagger Clause: Swagger is banned\n|rule|Baton Pass Clause: Limit one Baton Passer, can't pass Spe and other stats simultaneously\n|rule|Sleep Clause Mod: Limit one foe put to sleep\n|rule|Species Clause: Limit one of each Pok\u00e9mon\n|rule|OHKO Clause: OHKO moves are banned\n|rule|Moody Clause: Moody is banned\n|rule|Evasion Moves Clause: Evasion moves are banned\n|rule|Endless Battle Clause: Forcing endless battles is banned\n|rule|HP Percentage Mod: HP is shown in percentages\n|teampreview\n|choice||\n|\n|start\n|switch|p1a: Miyu|Altaria, F|100\/100\n|switch|p2a: Landorus|Landorus-Therian, M, shiny|100\/100\n|-ability|p2a: Landorus|Intimidate|boost\n|-unboost|p1a: Miyu|atk|1\n|-ability|p1a: Miyu|Cloud Nine\n|turn|1\n|choice||\n|\n|detailschange|p1a: Miyu|Altaria-Mega, F\n|-mega|p1a: Miyu|Altaria|Altarianite\n|move|p2a: Landorus|Stealth Rock|p1a: Miyu\n|-sidestart|p1: Candice|move: Stealth Rock\n|move|p1a: Miyu|Hyper Voice|p2a: Landorus\n|-damage|p2a: Landorus|48\/100\n|\n|-heal|p2a: Landorus|54\/100|[from] item: Leftovers\n|turn|2\n|choice||\n|\n|switch|p2a: Talonflame|Talonflame, F, shiny|100\/100\n|move|p1a: Miyu|Hyper Voice|p2a: Talonflame\n|-resisted|p2a: Talonflame\n|-damage|p2a: Talonflame|80\/100\n|\n|-heal|p2a: Talonflame|86\/100|[from] item: Leftovers\n|turn|3\n|choice||\n|\n|switch|p1a: Powpow|Hippowdon, F|100\/100\n|-damage|p1a: Powpow|94\/100|[from] Stealth Rock\n|-weather|Sandstorm|[from] ability: Sand Stream|[of] p1a: Powpow\n|move|p2a: Talonflame|Will-O-Wisp|p1a: Powpow\n|-status|p1a: Powpow|brn\n|\n|-weather|Sandstorm|[upkeep]\n|-damage|p2a: Talonflame|80\/100|[from] sandstorm\n|-heal|p2a: Talonflame|86\/100|[from] item: Leftovers\n|-heal|p1a: Powpow|100\/100 brn|[from] item: Leftovers\n|-damage|p1a: Powpow|88\/100 brn|[from] brn\n|turn|4\n|choice||\n|\n|switch|p2a: Starmie|Starmie, shiny|100\/100\n|move|p1a: Powpow|Stealth Rock|p2a: Starmie\n|-sidestart|p2: Ramplestilskin|move: Stealth Rock\n|\n|-weather|Sandstorm|[upkeep]\n|-damage|p2a: Starmie|94\/100|[from] sandstorm\n|-heal|p2a: Starmie|100\/100|[from] item: Leftovers\n|-heal|p1a: Powpow|94\/100 brn|[from] item: Leftovers\n|-damage|p1a: Powpow|82\/100 brn|[from] brn\n|turn|5\n|choice||\n|\n|switch|p1a: Spiky|Ferrothorn, F|100\/100\n|-damage|p1a: Spiky|94\/100|[from] Stealth Rock\n|move|p2a: Starmie|Rapid Spin|p1a: Spiky\n|-resisted|p1a: Spiky\n|-damage|p1a: Spiky|93\/100\n|-damage|p2a: Starmie|88\/100|[from] ability: Iron Barbs|[of] p1a: Spiky\n|-sideend|p2: Ramplestilskin|Stealth Rock|[from] move: Rapid Spin|[of] p2a: Starmie\n|\n|-weather|Sandstorm|[upkeep]\n|-damage|p2a: Starmie|82\/100|[from] sandstorm\n|-heal|p2a: Starmie|88\/100|[from] item: Leftovers\n|-heal|p1a: Spiky|99\/100|[from] item: Leftovers\n|turn|6\n|choice||\n|\n|switch|p2a: Talonflame|Talonflame, F, shiny|86\/100\n|move|p1a: Spiky|Leech Seed|p2a: Talonflame|[miss]\n|-miss|p1a: Spiky|p2a: Talonflame\n|\n|-weather|Sandstorm|[upkeep]\n|-damage|p2a: Talonflame|80\/100|[from] sandstorm\n|-heal|p2a: Talonflame|86\/100|[from] item: Leftovers\n|-heal|p1a: Spiky|100\/100|[from] item: Leftovers\n|turn|7\n|choice||\n|\n|switch|p1a: Powpow|Hippowdon, F|82\/100 brn\n|-damage|p1a: Powpow|76\/100 brn|[from] Stealth Rock\n|move|p2a: Talonflame|Taunt|p1a: Powpow\n|-start|p1a: Powpow|move: Taunt\n|\n|-weather|none\n|-heal|p2a: Talonflame|92\/100|[from] item: Leftovers\n|-heal|p1a: Powpow|82\/100 brn|[from] item: Leftovers\n|-damage|p1a: Powpow|70\/100 brn|[from] brn\n|turn|8\n|choice||\n|\n|switch|p2a: Landorus|Landorus-Therian, M, shiny|54\/100\n|-ability|p2a: Landorus|Intimidate|boost\n|-unboost|p1a: Powpow|atk|1\n|switch|p1a: Lutinot|Manaphy|100\/100\n|-damage|p1a: Lutinot|88\/100|[from] Stealth Rock\n|\n|-heal|p1a: Lutinot|94\/100|[from] item: Leftovers\n|-heal|p2a: Landorus|60\/100|[from] item: Leftovers\n|turn|9\n|choice||\n|\n|switch|p2a: Serperior|Serperior, F, shiny|100\/100\n|move|p1a: Lutinot|Scald|p2a: Serperior\n|-resisted|p2a: Serperior\n|-damage|p2a: Serperior|80\/100\n|\n|-heal|p2a: Serperior|86\/100|[from] item: Leftovers\n|-heal|p1a: Lutinot|100\/100|[from] item: Leftovers\n|turn|10\n|choice||\n|\n|switch|p1a: Miyu|Altaria-Mega, F|100\/100\n|-damage|p1a: Miyu|88\/100|[from] Stealth Rock\n|move|p2a: Serperior|Substitute|p2a: Serperior\n|-start|p2a: Serperior|Substitute\n|-damage|p2a: Serperior|61\/100\n|\n|-heal|p2a: Serperior|68\/100|[from] item: Leftovers\n|turn|11\n|choice||\n|\n|move|p2a: Serperior|Leech Seed|p1a: Miyu\n|-start|p1a: Miyu|move: Leech Seed\n|move|p1a: Miyu|Hyper Voice|p2a: Serperior\n|-damage|p2a: Serperior|11\/100\n|\n|-heal|p2a: Serperior|18\/100|[from] item: Leftovers\n|-damage|p1a: Miyu|76\/100|[from] Leech Seed|[of] p2a: Serperior\n|-heal|p2a: Serperior|32\/100|[silent]\n|turn|12\n|choice||\n|\n|switch|p2a: Scizor|Scizor, F, shiny|100\/100\n|switch|p1a: Lutinot|Manaphy|100\/100\n|-damage|p1a: Lutinot|88\/100|[from] Stealth Rock\n|\n|-heal|p1a: Lutinot|94\/100|[from] item: Leftovers\n|turn|13\n|choice||\n|\n|detailschange|p2a: Scizor|Scizor-Mega, F, shiny\n|-mega|p2a: Scizor|Scizor|Scizorite\n|move|p1a: Lutinot|Scald|p2a: Scizor\n|-damage|p2a: Scizor|66\/100\n|move|p2a: Scizor|Bug Bite|p1a: Lutinot\n|-damage|p1a: Lutinot|52\/100\n|\n|-heal|p1a: Lutinot|58\/100|[from] item: Leftovers\n|turn|14\n|choice||\n|\n|switch|p2a: Serperior|Serperior, F, shiny|32\/100\n|move|p1a: Lutinot|Scald|p2a: Serperior\n|-resisted|p2a: Serperior\n|-damage|p2a: Serperior|13\/100\n|\n|-heal|p2a: Serperior|20\/100|[from] item: Leftovers\n|-heal|p1a: Lutinot|64\/100|[from] item: Leftovers\n|turn|15\n|choice||\n|\n|switch|p1a: Miyu|Altaria-Mega, F|76\/100\n|-damage|p1a: Miyu|63\/100|[from] Stealth Rock\n|move|p2a: Serperior|Leaf Storm|p1a: Miyu\n|-resisted|p1a: Miyu\n|-damage|p1a: Miyu|41\/100\n|-boost|p2a: Serperior|spa|2\n|\n|-heal|p2a: Serperior|26\/100|[from] item: Leftovers\n|turn|16\n|choice||\n|\n|move|p2a: Serperior|Leaf Storm|p1a: Miyu\n|-resisted|p1a: Miyu\n|-damage|p1a: Miyu|2\/100\n|-boost|p2a: Serperior|spa|2\n|move|p1a: Miyu|Roost|p1a: Miyu\n|-heal|p1a: Miyu|52\/100\n|\n|-heal|p2a: Serperior|32\/100|[from] item: Leftovers\n|turn|17\n|choice||\n|\n|switch|p1a: BB|Talonflame, M|100\/100\n|-damage|p1a: BB|51\/100|[from] Stealth Rock\n|move|p2a: Serperior|Leaf Storm|p1a: BB\n|-resisted|p1a: BB\n|-damage|p1a: BB|9\/100\n|-boost|p2a: Serperior|spa|2\n|\n|-heal|p2a: Serperior|38\/100|[from] item: Leftovers\n|turn|18\n|choice||\n|\n|switch|p2a: Tyranitar|Tyranitar, F|100\/100\n|-weather|Sandstorm|[from] ability: Sand Stream|[of] p2a: Tyranitar\n|move|p1a: BB|Acrobatics|p2a: Tyranitar\n|-resisted|p2a: Tyranitar\n|-damage|p2a: Tyranitar|79\/100\n|\n|-weather|Sandstorm|[upkeep]\n|-damage|p1a: BB|3\/100|[from] sandstorm\n|turn|19\n|choice||\n|\n|-activate|p1a: BB|move: Pursuit\n|move|p2a: Tyranitar|Pursuit|p1a: BB|[from]Pursuit\n|-damage|p1a: BB|0 fnt\n|faint|p1a: BB\n|\n|-weather|Sandstorm|[upkeep]\n|choice||\n|\n|switch|p1a: Toph|Excadrill, M|100\/100\n|-damage|p1a: Toph|97\/100|[from] Stealth Rock\n|turn|20\n|choice||\n|\n|switch|p2a: Landorus|Landorus-Therian, M, shiny|60\/100\n|-ability|p2a: Landorus|Intimidate|boost\n|-unboost|p1a: Toph|atk|1\n|move|p1a: Toph|Iron Head|p2a: Landorus\n|-damage|p2a: Landorus|33\/100\n|-damage|p1a: Toph|87\/100|[from] item: Life Orb\n|\n|-weather|Sandstorm|[upkeep]\n|-heal|p2a: Landorus|39\/100|[from] item: Leftovers\n|turn|21\n|choice||\n|\n|move|p1a: Toph|Rapid Spin|p2a: Landorus\n|-damage|p2a: Landorus|34\/100\n|-sideend|p1: Candice|Stealth Rock|[from] move: Rapid Spin|[of] p1a: Toph\n|-damage|p1a: Toph|78\/100|[from] item: Life Orb\n|move|p2a: Landorus|Knock Off|p1a: Toph\n|-damage|p1a: Toph|32\/100\n|-enditem|p1a: Toph|Life Orb|[from] move: Knock Off|[of] p2a: Landorus\n|\n|-weather|Sandstorm|[upkeep]\n|-heal|p2a: Landorus|40\/100|[from] item: Leftovers\n|turn|22\n|choice||\n|\n|switch|p1a: Lutinot|Manaphy|64\/100\n|move|p2a: Landorus|Stealth Rock|p1a: Lutinot\n|-sidestart|p1: Candice|move: Stealth Rock\n|\n|-weather|none\n|-heal|p1a: Lutinot|70\/100|[from] item: Leftovers\n|-heal|p2a: Landorus|46\/100|[from] item: Leftovers\n|turn|23\n|choice||\n|\n|move|p1a: Lutinot|Scald|p2a: Landorus\n|-supereffective|p2a: Landorus\n|-damage|p2a: Landorus|0 fnt\n|faint|p2a: Landorus\n|\n|-heal|p1a: Lutinot|77\/100|[from] item: Leftovers\n|choice||\n|\n|switch|p2a: Serperior|Serperior, F, shiny|38\/100\n|turn|24\n|choice||\n|\n|switch|p1a: Spiky|Ferrothorn, F|100\/100\n|-damage|p1a: Spiky|94\/100|[from] Stealth Rock\n|move|p2a: Serperior|Leaf Storm|p1a: Spiky\n|-resisted|p1a: Spiky\n|-damage|p1a: Spiky|86\/100\n|-boost|p2a: Serperior|spa|2\n|\n|-heal|p2a: Serperior|44\/100|[from] item: Leftovers\n|-heal|p1a: Spiky|93\/100|[from] item: Leftovers\n|turn|25\n|choice||\n|\n|move|p2a: Serperior|Hidden Power|p1a: Spiky\n|-supereffective|p1a: Spiky\n|-damage|p1a: Spiky|14\/100\n|move|p1a: Spiky|Gyro Ball|p2a: Serperior\n|-damage|p2a: Serperior|0 fnt\n|faint|p2a: Serperior\n|\n|-heal|p1a: Spiky|20\/100|[from] item: Leftovers\n|choice||\n|\n|switch|p2a: Tyranitar|Tyranitar, F|79\/100\n|-weather|Sandstorm|[from] ability: Sand Stream|[of] p2a: Tyranitar\n|turn|26\n|choice||\n|\n|move|p2a: Tyranitar|Pursuit|p1a: Spiky\n|-damage|p1a: Spiky|0 fnt\n|-damage|p2a: Tyranitar|67\/100|[from] ability: Iron Barbs|[of] p1a: Spiky\n|faint|p1a: Spiky\n|\n|-weather|Sandstorm|[upkeep]\n|choice||\n|\n|switch|p1a: Toph|Excadrill, M|32\/100\n|-damage|p1a: Toph|29\/100|[from] Stealth Rock\n|turn|27\n|choice||\n|\n|move|p1a: Toph|Rapid Spin|p2a: Tyranitar\n|-resisted|p2a: Tyranitar\n|-damage|p2a: Tyranitar|64\/100\n|-sideend|p1: Candice|Stealth Rock|[from] move: Rapid Spin|[of] p1a: Toph\n|move|p2a: Tyranitar|Pursuit|p1a: Toph\n|-damage|p1a: Toph|0 fnt\n|faint|p1a: Toph\n|\n|-weather|Sandstorm|[upkeep]\n|choice||\n|\n|switch|p1a: Miyu|Altaria-Mega, F|52\/100\n|turn|28\n|choice||\n|\n|switch|p1a: Powpow|Hippowdon, F|70\/100 brn\n|switch|p2a: Talonflame|Talonflame, F, shiny|92\/100\n|\n|-weather|Sandstorm|[upkeep]\n|-damage|p2a: Talonflame|86\/100|[from] sandstorm\n|-heal|p2a: Talonflame|92\/100|[from] item: Leftovers\n|-heal|p1a: Powpow|76\/100 brn|[from] item: Leftovers\n|-damage|p1a: Powpow|63\/100 brn|[from] brn\n|turn|29\n|choice||\n|\n|switch|p2a: Starmie|Starmie, shiny|88\/100\n|switch|p1a: Lutinot|Manaphy|77\/100\n|\n|-weather|Sandstorm|[upkeep]\n|-damage|p2a: Starmie|82\/100|[from] sandstorm\n|-damage|p1a: Lutinot|70\/100|[from] sandstorm\n|-heal|p2a: Starmie|88\/100|[from] item: Leftovers\n|-heal|p1a: Lutinot|77\/100|[from] item: Leftovers\n|turn|30\n|choice||\n|\n|move|p2a: Starmie|Psyshock|p1a: Lutinot\n|-damage|p1a: Lutinot|50\/100\n|move|p1a: Lutinot|Tail Glow|p1a: Lutinot\n|-boost|p1a: Lutinot|spa|3\n|\n|-weather|none\n|-heal|p2a: Starmie|94\/100|[from] item: Leftovers\n|-heal|p1a: Lutinot|56\/100|[from] item: Leftovers\n|turn|31\n|choice||\n|\n|move|p2a: Starmie|Scald|p1a: Lutinot\n|-resisted|p1a: Lutinot\n|-damage|p1a: Lutinot|43\/100\n|move|p1a: Lutinot|Energy Ball|p2a: Starmie\n|-supereffective|p2a: Starmie\n|-damage|p2a: Starmie|0 fnt\n|faint|p2a: Starmie\n|\n|-heal|p1a: Lutinot|49\/100|[from] item: Leftovers\n|choice||\n|\n|switch|p2a: Tyranitar|Tyranitar, F|64\/100\n|-weather|Sandstorm|[from] ability: Sand Stream|[of] p2a: Tyranitar\n|turn|32\n|choice||\n|\n|switch|p1a: Powpow|Hippowdon, F|63\/100 brn\n|move|p2a: Tyranitar|Stone Edge|p1a: Powpow\n|-resisted|p1a: Powpow\n|-damage|p1a: Powpow|37\/100 brn\n|\n|-weather|Sandstorm|[upkeep]\n|-heal|p1a: Powpow|43\/100 brn|[from] item: Leftovers\n|-damage|p1a: Powpow|31\/100 brn|[from] brn\n|turn|33\n|choice||\n|\n|switch|p2a: Scizor|Scizor-Mega, F, shiny|66\/100\n|move|p1a: Powpow|Slack Off|p1a: Powpow\n|-heal|p1a: Powpow|81\/100 brn\n|\n|-weather|Sandstorm|[upkeep]\n|-heal|p1a: Powpow|87\/100 brn|[from] item: Leftovers\n|-damage|p1a: Powpow|75\/100 brn|[from] brn\n|turn|34\n|choice||\n|\n|switch|p1a: Lutinot|Manaphy|49\/100\n|move|p2a: Scizor|Swords Dance|p2a: Scizor\n|-boost|p2a: Scizor|atk|2\n|\n|-weather|Sandstorm|[upkeep]\n|-damage|p1a: Lutinot|43\/100|[from] sandstorm\n|-heal|p1a: Lutinot|49\/100|[from] item: Leftovers\n|turn|35\n|choice||\n|\n|move|p1a: Lutinot|Scald|p2a: Scizor\n|-damage|p2a: Scizor|31\/100\n|move|p2a: Scizor|Bug Bite|p1a: Lutinot\n|-damage|p1a: Lutinot|0 fnt\n|faint|p1a: Lutinot\n|\n|-weather|Sandstorm|[upkeep]\n|c|\u2605Candice|gg\n|c|\u2605Ramplestilskin|gg\n|-message|Candice forfeited.\n|\n|win|Ramplestilskin\n|player|p1\n|player|p2\n|l|Candice\n|raw|Candice's rating: 1571 &rarr; <strong>1553<\/strong><br \/>(-18 for losing)\n|raw|Ramplestilskin's rating: 1617 &rarr; <strong>1635<\/strong><br \/>(+18 for winning)","inputlog":null,"uploadtime":1464784171,"views":0,"p1id":"candice","p2id":"ramplestilskin","formatid":"ou","rating":1553,"private":0,"password":null}