{"id":"ou-328344323","p1":"SubGame","p2":"the rock cena","format":"ou","log":"|j|SubGame\n|j|the rock cena\n|player|p1|SubGame|141\n|player|p2|the rock cena|170\n|gametype|singles\n|gen|6\n|tier|OU\n|rated\n|seed|3601,57659,57867,64890\n|clearpoke\n|poke|p1|Trevenant, M\n|poke|p1|Clawitzer, F\n|poke|p1|Aggron, F\n|poke|p1|Chansey, F\n|poke|p1|Gliscor, M\n|poke|p1|Lairon, M\n|poke|p2|Krookodile, M, shiny\n|poke|p2|Heracross, M, shiny\n|poke|p2|Darmanitan, M, shiny\n|poke|p2|Ninetales, M, shiny\n|poke|p2|Serperior, M, shiny\n|poke|p2|Ambipom, M, shiny\n|rule|Swagger Clause: Swagger is banned\n|rule|Baton Pass Clause: Limit one Baton Passer, can't pass Spe and other stats simultaneously\n|rule|Sleep Clause Mod: Limit one foe put to sleep\n|rule|Species Clause: Limit one of each Pok\u00e9mon\n|rule|OHKO Clause: OHKO moves are banned\n|rule|Moody Clause: Moody is banned\n|rule|Evasion Moves Clause: Evasion moves are banned\n|rule|Endless Battle Clause: Forcing endless battles is banned\n|rule|HP Percentage Mod: HP is shown in percentages\n|teampreview\n|c|\u2605SubGame|hey\n|choice|team 6|team 5\n|\n|start\n|switch|p1a: Lairon|Lairon, M|261\/261\n|switch|p2a: Serperior|Serperior, M, shiny|292\/292\n|turn|1\n|choice|move 1|move 3\n|\n|move|p2a: Serperior|Reflect|p2a: Serperior\n|-sidestart|p2: the rock cena|Reflect\n|move|p1a: Lairon|Autotomize|p1a: Lairon\n|-boost|p1a: Lairon|spe|2\n|-start|p1a: Lairon|Autotomize\n|\n|turn|2\n|choice|move 3|move 1\n|\n|move|p1a: Lairon|Double-Edge|p2a: Serperior\n|-crit|p2a: Serperior\n|-damage|p2a: Serperior|97\/292\n|move|p2a: Serperior|Leaf Storm|p1a: Lairon\n|-enditem|p1a: Lairon|Focus Sash\n|-damage|p1a: Lairon|1\/261\n|-boost|p2a: Serperior|spa|2\n|\n|-heal|p2a: Serperior|115\/292|[from] item: Leftovers\n|turn|3\n|c|\u2605SubGame|;D\n|choice|move 3|switch 2\n|\n|switch|p2a: Heracross|Heracross, M, shiny|314\/314\n|move|p1a: Lairon|Double-Edge|p2a: Heracross\n|-crit|p2a: Heracross\n|-damage|p2a: Heracross|137\/314\n|\n|-heal|p2a: Heracross|156\/314|[from] item: Leftovers\n|turn|4\n|choice|move 2|move 2\n|\n|move|p1a: Lairon|Head Smash|p2a: Heracross|[miss]\n|-miss|p1a: Lairon|p2a: Heracross\n|move|p2a: Heracross|Brick Break|p1a: Lairon\n|-supereffective|p1a: Lairon\n|-damage|p1a: Lairon|0 fnt\n|faint|p1a: Lairon\n|-ability|p2a: Heracross|Moxie|boost\n|-boost|p2a: Heracross|atk|1\n|\n|-heal|p2a: Heracross|175\/314|[from] item: Leftovers\n|choice|switch 4|\n|\n|switch|p1a: Chansey|Chansey, F|704\/704\n|turn|5\n|choice|move 3|move 2\n|\n|move|p2a: Heracross|Brick Break|p1a: Chansey\n|-supereffective|p1a: Chansey\n|-damage|p1a: Chansey|0 fnt\n|faint|p1a: Chansey\n|-ability|p2a: Heracross|Moxie|boost\n|-boost|p2a: Heracross|atk|1\n|\n|-heal|p2a: Heracross|194\/314|[from] item: Leftovers\n|-sideend|p2: the rock cena|Reflect\n|choice|switch 3|\n|\n|switch|p1a: Aggron|Aggron, F|282\/282\n|turn|6\n|choice|move 1|move 2\n|\n|move|p2a: Heracross|Brick Break|p1a: Aggron\n|-supereffective|p1a: Aggron\n|-enditem|p1a: Aggron|Focus Sash\n|-damage|p1a: Aggron|1\/282\n|move|p1a: Aggron|Autotomize|p1a: Aggron\n|-boost|p1a: Aggron|spe|2\n|-start|p1a: Aggron|Autotomize\n|\n|-heal|p2a: Heracross|213\/314|[from] item: Leftovers\n|turn|7\n|choice|move 3|move 2\n|\n|move|p1a: Aggron|Head Smash|p2a: Heracross\n|-damage|p2a: Heracross|0 fnt\n|faint|p2a: Heracross\n|\n|choice||switch 6\n|\n|switch|p2a: Ambipom|Ambipom, M, shiny|292\/292\n|turn|8\n|choice|move 3|move 4\n|\n|move|p1a: Aggron|Head Smash|p2a: Ambipom\n|-crit|p2a: Ambipom\n|-damage|p2a: Ambipom|0 fnt\n|faint|p2a: Ambipom\n|\n|choice||switch 4\n|\n|switch|p2a: Ninetales|Ninetales, M, shiny|350\/350\n|-weather|SunnyDay|[from] ability: Drought|[of] p2a: Ninetales\n|turn|9\n|c|\u2605SubGame|no fake out?\n|choice|move 3|move 1\n|\n|move|p1a: Aggron|Head Smash|p2a: Ninetales\n|-supereffective|p2a: Ninetales\n|-damage|p2a: Ninetales|0 fnt\n|faint|p2a: Ninetales\n|\n|-weather|SunnyDay|[upkeep]\n|choice||switch 3\n|\n|switch|p2a: Darmanitan|Darmanitan, M, shiny|352\/352\n|turn|10\n|choice|move 4|move 3\n|\n|move|p1a: Aggron|Rock Slide|p2a: Darmanitan\n|-supereffective|p2a: Darmanitan\n|-damage|p2a: Darmanitan|0 fnt\n|faint|p2a: Darmanitan\n|\n|-weather|SunnyDay|[upkeep]\n|choice||switch 2\n|\n|switch|p2a: Serperior|Serperior, M, shiny|115\/292\n|turn|11\n|choice|move 2|move 1\n|\n|move|p1a: Aggron|Double-Edge|p2a: Serperior\n|-damage|p2a: Serperior|0 fnt\n|faint|p2a: Serperior\n|\n|-weather|SunnyDay|[upkeep]\n|choice||switch 5\n|\n|switch|p2a: Krookodile|Krookodile, M, shiny|345\/345\n|turn|12\n|choice|move 2|move 1\n|\n|move|p1a: Aggron|Double-Edge|p2a: Krookodile\n|-damage|p2a: Krookodile|163\/345\n|move|p2a: Krookodile|Crunch|p1a: Aggron\n|-damage|p1a: Aggron|0 fnt\n|faint|p1a: Aggron\n|-ability|p2a: Krookodile|Moxie|boost\n|-boost|p2a: Krookodile|atk|1\n|\n|-weather|SunnyDay|[upkeep]\n|choice|switch 2|\n|\n|switch|p1a: Clawitzer|Clawitzer, F|284\/284\n|turn|13\n|choice|move 1|move 2\n|\n|move|p1a: Clawitzer|Dark Pulse|p2a: Krookodile\n|-resisted|p2a: Krookodile\n|-damage|p2a: Krookodile|79\/345\n|-damage|p1a: Clawitzer|256\/284|[from] item: Life Orb\n|move|p2a: Krookodile|Earthquake|p1a: Clawitzer\n|-damage|p1a: Clawitzer|0 fnt\n|faint|p1a: Clawitzer\n|-ability|p2a: Krookodile|Moxie|boost\n|-boost|p2a: Krookodile|atk|1\n|\n|-weather|SunnyDay|[upkeep]\n|choice|switch 6|\n|\n|switch|p1a: Trevenant|Trevenant, M|374\/374\n|turn|14\n|choice|move 2|move 2\n|\n|move|p2a: Krookodile|Earthquake|p1a: Trevenant\n|-resisted|p1a: Trevenant\n|-damage|p1a: Trevenant|82\/374\n|-enditem|p1a: Trevenant|Sitrus Berry|[eat]\n|-heal|p1a: Trevenant|175\/374|[from] item: Sitrus Berry\n|move|p1a: Trevenant|Horn Leech|p2a: Krookodile\n|-supereffective|p2a: Krookodile\n|-damage|p2a: Krookodile|0 fnt\n|-heal|p1a: Trevenant|215\/374|[from] drain|[of] p2a: Krookodile\n|faint|p2a: Krookodile\n|\n|win|SubGame\n|player|p1\n|player|p2\n|c|\u2605SubGame|gg\n|raw|SubGame's rating: 1070 &rarr; <strong>1105<\/strong><br \/>(+35 for winning)\n|raw|the rock cena's rating: 1129 &rarr; <strong>1100<\/strong><br \/>(-29 for losing)\n|c|\u2605SubGame|kk\n|c|\u2605SubGame|good team","inputlog":null,"uploadtime":1454973480,"views":0,"p1id":"subgame","p2id":"therockcena","formatid":"ou","rating":1100,"private":0,"password":null}