{"id":"ou-373370925","p1":"will-i-am2","p2":"Pitaye","format":"ou","log":"|j|will-i-am2\n|j|Pitaye\n|player|p1|will-i-am2|169\n|player|p2|Pitaye|2\n|gametype|singles\n|gen|6\n|tier|OU\n|rated\n|seed|\n|clearpoke\n|poke|p1|Slowbro, M|item\n|poke|p1|Mandibuzz, F|item\n|poke|p1|Hydreigon, M|item\n|poke|p1|Mamoswine, M|item\n|poke|p1|Jirachi|item\n|poke|p1|Gengar, F|item\n|poke|p2|Zapdos|item\n|poke|p2|Ferrothorn, F|item\n|poke|p2|Heatran, F|item\n|poke|p2|Latias, F|item\n|poke|p2|Lopunny, F|item\n|poke|p2|Manaphy|item\n|rule|Swagger Clause: Swagger is banned\n|rule|Baton Pass Clause: Limit one Baton Passer, can't pass Spe and other stats simultaneously\n|rule|Sleep Clause Mod: Limit one foe put to sleep\n|rule|Species Clause: Limit one of each Pok\u00e9mon\n|rule|OHKO Clause: OHKO moves are banned\n|rule|Moody Clause: Moody is banned\n|rule|Evasion Moves Clause: Evasion moves are banned\n|rule|Endless Battle Clause: Forcing endless battles is banned\n|rule|HP Percentage Mod: HP is shown in percentages\n|teampreview\n|j|Drawler\n|j|Fadewa\n|choice||\n|\n|start\n|switch|p1a: Hydreigon|Hydreigon, M|100\/100\n|switch|p2a: Zappy|Zapdos|100\/100\n|turn|1\n|choice||\n|\n|move|p1a: Hydreigon|Dark Pulse|p2a: Zappy\n|-crit|p2a: Zappy\n|-damage|p2a: Zappy|10\/100\n|move|p2a: Zappy|Toxic|p1a: Hydreigon\n|-status|p1a: Hydreigon|tox\n|\n|-heal|p2a: Zappy|16\/100|[from] item: Leftovers\n|-damage|p1a: Hydreigon|94\/100 tox|[from] psn\n|turn|2\n|j|dazzre\n|choice||\n|\n|switch|p2a: Rose|Ferrothorn, F|100\/100\n|move|p1a: Hydreigon|Dark Pulse|p2a: Rose\n|-damage|p2a: Rose|52\/100\n|\n|-damage|p1a: Hydreigon|82\/100 tox|[from] psn\n|turn|3\n|c|\u2605Pitaye|hm\n|c|\u2605Pitaye|spec is strong :'(\n|choice||\n|\n|move|p1a: Hydreigon|Dark Pulse|p2a: Rose\n|-damage|p2a: Rose|6\/100\n|move|p2a: Rose|Gyro Ball|p1a: Hydreigon\n|-damage|p1a: Hydreigon|30\/100 tox\n|\n|-damage|p1a: Hydreigon|11\/100 tox|[from] psn\n|turn|4\n|choice||\n|\n|switch|p1a: Mandibuzz|Mandibuzz, F|100\/100\n|move|p2a: Rose|Stealth Rock|p1a: Mandibuzz\n|-sidestart|p1: will-i-am2|move: Stealth Rock\n|\n|turn|5\n|choice||\n|\n|switch|p2a: Zappy|Zapdos|16\/100\n|move|p1a: Mandibuzz|Defog|p2a: Zappy\n|-unboost|p2a: Zappy|evasion|1\n|-sideend|p1: will-i-am2|Stealth Rock|[from] move: Defog|[of] p1a: Mandibuzz\n|\n|-heal|p2a: Zappy|22\/100|[from] item: Leftovers\n|turn|6\n|choice||\n|\n|switch|p1a: Mamoswine|Mamoswine, M|100\/100\n|move|p2a: Zappy|Roost|p2a: Zappy\n|-heal|p2a: Zappy|72\/100\n|\n|-heal|p2a: Zappy|78\/100|[from] item: Leftovers\n|turn|7\n|choice||\n|\n|move|p1a: Mamoswine|Knock Off|p2a: Zappy\n|-damage|p2a: Zappy|46\/100\n|-enditem|p2a: Zappy|Leftovers|[from] move: Knock Off|[of] p1a: Mamoswine\n|-damage|p1a: Mamoswine|91\/100|[from] item: Life Orb\n|move|p2a: Zappy|Toxic|p1a: Mamoswine|[miss]\n|-miss|p2a: Zappy|p1a: Mamoswine\n|\n|turn|8\n|c|\u2605Pitaye|:'(\n|choice||\n|\n|switch|p2a: Rose|Ferrothorn, F|6\/100\n|move|p1a: Mamoswine|Knock Off|p2a: Rose\n|-damage|p2a: Rose|0 fnt\n|-damage|p1a: Mamoswine|78\/100|[from] ability: Iron Barbs|[of] p2a: Rose\n|-enditem|p2a: Rose|Chople Berry|[from] move: Knock Off|[of] p1a: Mamoswine\n|-damage|p1a: Mamoswine|68\/100|[from] item: Life Orb\n|faint|p2a: Rose\n|\n|choice||\n|\n|switch|p2a: Lutinot|Manaphy|100\/100\n|turn|9\n|choice||\n|\n|switch|p1a: Hydreigon|Hydreigon, M|11\/100 tox\n|move|p2a: Lutinot|Scald|p1a: Hydreigon\n|-resisted|p1a: Hydreigon\n|-damage|p1a: Hydreigon|0 fnt\n|faint|p1a: Hydreigon\n|\n|choice||\n|\n|switch|p1a: Gengar|Gengar, F|100\/100\n|turn|10\n|choice||\n|\n|move|p1a: Gengar|Thunderbolt|p2a: Lutinot\n|-supereffective|p2a: Lutinot\n|-crit|p2a: Lutinot\n|-damage|p2a: Lutinot|2\/100\n|move|p2a: Lutinot|Psychic|p1a: Gengar\n|-supereffective|p1a: Gengar\n|-damage|p1a: Gengar|7\/100\n|\n|-heal|p2a: Lutinot|8\/100|[from] item: Leftovers\n|turn|11\n|c|\u2605Pitaye|:<\n|choice||\n|\n|switch|p2a: Biscuit|Latias, F|100\/100\n|move|p1a: Gengar|Thunderbolt|p2a: Biscuit\n|-resisted|p2a: Biscuit\n|-damage|p2a: Biscuit|86\/100\n|\n|turn|12\n|choice||\n|\n|switch|p1a: Jirachi|Jirachi|100\/100\n|move|p2a: Biscuit|Healing Wish|p2a: Biscuit\n|faint|p2a: Biscuit\n|\n|choice||\n|\n|switch|p2a: Lutinot|Manaphy|8\/100\n|-heal|p2a: Lutinot|100\/100|[from] move: Healing Wish\n|turn|13\n|choice||\n|\n|move|p2a: Lutinot|Tail Glow|p2a: Lutinot\n|-boost|p2a: Lutinot|spa|3\n|move|p1a: Jirachi|Calm Mind|p1a: Jirachi\n|-boost|p1a: Jirachi|spa|1\n|-boost|p1a: Jirachi|spd|1\n|\n|turn|14\n|choice||\n|\n|move|p2a: Lutinot|Scald|p1a: Jirachi\n|-damage|p1a: Jirachi|59\/100\n|move|p1a: Jirachi|Thunderbolt|p2a: Lutinot\n|-supereffective|p2a: Lutinot\n|-damage|p2a: Lutinot|48\/100\n|\n|-heal|p2a: Lutinot|54\/100|[from] item: Leftovers\n|-heal|p1a: Jirachi|65\/100|[from] item: Leftovers\n|turn|15\n|choice||\n|\n|move|p2a: Lutinot|Scald|p1a: Jirachi\n|-damage|p1a: Jirachi|25\/100\n|move|p1a: Jirachi|Thunderbolt|p2a: Lutinot\n|-supereffective|p2a: Lutinot\n|-damage|p2a: Lutinot|4\/100\n|\n|-heal|p2a: Lutinot|10\/100|[from] item: Leftovers\n|-heal|p1a: Jirachi|31\/100|[from] item: Leftovers\n|turn|16\n|choice||\n|\n|move|p2a: Lutinot|Scald|p1a: Jirachi\n|-damage|p1a: Jirachi|0 fnt\n|faint|p1a: Jirachi\n|\n|-heal|p2a: Lutinot|16\/100|[from] item: Leftovers\n|choice||\n|\n|switch|p1a: Gengar|Gengar, F|7\/100\n|turn|17\n|c|\u2605Pitaye|interesting sets\n|choice||\n|\n|move|p1a: Gengar|Thunderbolt|p2a: Lutinot\n|-supereffective|p2a: Lutinot\n|-damage|p2a: Lutinot|0 fnt\n|faint|p2a: Lutinot\n|\n|choice||\n|\n|switch|p2a: Cherry Bunbun|Lopunny, F|100\/100\n|turn|18\n|choice||\n|\n|switch|p1a: Slowbro|Slowbro, M|100\/100\n|switch|p2a: Volcano|Heatran, F|100\/100\n|\n|turn|19\n|c|\u2605Pitaye|aw\n|choice||\n|\n|move|p2a: Volcano|Toxic|p1a: Slowbro\n|-status|p1a: Slowbro|tox\n|move|p1a: Slowbro|Scald|p2a: Volcano\n|-supereffective|p2a: Volcano\n|-damage|p2a: Volcano|17\/100\n|\n|-heal|p2a: Volcano|23\/100|[from] item: Leftovers\n|-damage|p1a: Slowbro|94\/100 tox|[from] psn\n|turn|20\n|l|Drawler\n|choice||\n|\n|move|p2a: Volcano|Taunt|p1a: Slowbro\n|-start|p1a: Slowbro|move: Taunt\n|move|p1a: Slowbro|Scald|p2a: Volcano\n|-supereffective|p2a: Volcano\n|-damage|p2a: Volcano|0 fnt\n|faint|p2a: Volcano\n|\n|-damage|p1a: Slowbro|82\/100 tox|[from] psn\n|choice||\n|\n|switch|p2a: Cherry Bunbun|Lopunny, F|100\/100\n|turn|21\n|choice||\n|\n|detailschange|p2a: Cherry Bunbun|Lopunny-Mega, F\n|-mega|p2a: Cherry Bunbun|Lopunny|Lopunnite\n|move|p2a: Cherry Bunbun|Return|p1a: Slowbro\n|-damage|p1a: Slowbro|34\/100 tox\n|move|p1a: Slowbro|Psychic|p2a: Cherry Bunbun\n|-supereffective|p2a: Cherry Bunbun\n|-damage|p2a: Cherry Bunbun|0 fnt\n|faint|p2a: Cherry Bunbun\n|\n|-damage|p1a: Slowbro|15\/100 tox|[from] psn\n|c|\u2605Pitaye|gg !\n|-message|Pitaye forfeited.\n|\n|win|will-i-am2\n|player|p1\n|player|p2\n|l|Pitaye\n|raw|will-i-am2's rating: 1785 &rarr; <strong>1796<\/strong><br \/>(+11 for winning)\n|raw|Pitaye's rating: 1618 &rarr; <strong>1607<\/strong><br \/>(-11 for losing)\n|l|will-i-am2","inputlog":null,"uploadtime":1463412482,"views":0,"p1id":"william2","p2id":"pitaye","formatid":"ou","rating":1607,"private":0,"password":null}