{"id":"ou-378538935","p1":"Amaterus","p2":"Billion Dolars","format":"ou","log":"|j|Amaterus\n|j|Billion Dolars\n|player|p1|Amaterus|#zinnia\n|player|p2|Billion Dolars|169\n|gametype|singles\n|gen|6\n|tier|OU\n|rated\n|seed|\n|clearpoke\n|poke|p1|Gengar, M, shiny|item\n|poke|p1|Altaria, M, shiny|item\n|poke|p1|Empoleon, M, shiny|item\n|poke|p1|Meloetta|item\n|poke|p1|Ferrothorn, M|item\n|poke|p1|Zygarde|item\n|poke|p2|Pinsir, M|item\n|poke|p2|Bisharp, M|item\n|poke|p2|Kyurem-Black|item\n|poke|p2|Starmie|item\n|poke|p2|Klefki, F|item\n|poke|p2|Landorus-Therian, M|item\n|rule|Swagger Clause: Swagger is banned\n|rule|Baton Pass Clause: Limit one Baton Passer, can't pass Spe and other stats simultaneously\n|rule|Sleep Clause Mod: Limit one foe put to sleep\n|rule|Species Clause: Limit one of each Pok\u00e9mon\n|rule|OHKO Clause: OHKO moves are banned\n|rule|Moody Clause: Moody is banned\n|rule|Evasion Moves Clause: Evasion moves are banned\n|rule|Endless Battle Clause: Forcing endless battles is banned\n|rule|HP Percentage Mod: HP is shown in percentages\n|teampreview\n|choice||\n|\n|start\n|switch|p1a: Trident|Empoleon, M, shiny|100\/100\n|switch|p2a: Pinsir|Pinsir, M|100\/100\n|turn|1\n|choice||\n|\n|detailschange|p2a: Pinsir|Pinsir-Mega, M\n|-mega|p2a: Pinsir|Pinsir|Pinsirite\n|move|p2a: Pinsir|Earthquake|p1a: Trident\n|-supereffective|p1a: Trident\n|-crit|p1a: Trident\n|-damage|p1a: Trident|15\/100\n|move|p1a: Trident|Scald|p2a: Pinsir\n|-damage|p2a: Pinsir|37\/100\n|\n|-heal|p1a: Trident|21\/100|[from] item: Leftovers\n|turn|2\n|choice||\n|\n|switch|p1a: Temple|Ferrothorn, M|100\/100\n|move|p2a: Pinsir|Frustration|p1a: Temple\n|-damage|p1a: Temple|57\/100\n|-damage|p2a: Pinsir|25\/100|[from] ability: Iron Barbs|[of] p1a: Temple\n|-damage|p2a: Pinsir|8\/100|[from] item: Rocky Helmet|[of] p1a: Temple\n|\n|turn|3\n|j|Ash KetchumGamer\n|choice||\n|\n|move|p2a: Pinsir|Swords Dance|p2a: Pinsir\n|-boost|p2a: Pinsir|atk|2\n|move|p1a: Temple|Spikes|p2a: Pinsir\n|-sidestart|p2: Billion Dolars|Spikes\n|\n|turn|4\n|choice||\n|\n|move|p2a: Pinsir|Earthquake|p1a: Temple\n|-damage|p1a: Temple|14\/100\n|move|p1a: Temple|Spikes|p2a: Pinsir\n|-sidestart|p2: Billion Dolars|Spikes\n|\n|turn|5\n|choice||\n|\n|switch|p1a: Kage|Gengar, M, shiny|100\/100\n|move|p2a: Pinsir|Earthquake|p1a: Kage\n|-immune|p1a: Kage|[msg]|[from] ability: Levitate\n|\n|turn|6\n|choice||\n|\n|switch|p1a: Temple|Ferrothorn, M|14\/100\n|move|p2a: Pinsir|Quick Attack|p1a: Temple\n|-damage|p1a: Temple|0 fnt\n|-damage|p2a: Pinsir|0 fnt|[from] ability: Iron Barbs|[of] p1a: Temple\n|faint|p2a: Pinsir\n|faint|p1a: Temple\n|\n|choice||\n|\n|switch|p1a: Calamity|Meloetta|100\/100\n|switch|p2a: Klefki|Klefki, F|100\/100\n|-damage|p2a: Klefki|84\/100|[from] Spikes\n|turn|7\n|choice||\n|\n|switch|p1a: Serpent|Zygarde|100\/100\n|-ability|p1a: Serpent|Aura Break\n|move|p2a: Klefki|Thunder Wave|p1a: Serpent\n|-immune|p1a: Serpent|[msg]\n|\n|-heal|p2a: Klefki|90\/100|[from] item: Leftovers\n|turn|8\n|choice||\n|\n|move|p2a: Klefki|Spikes|p1a: Serpent\n|-sidestart|p1: Amaterus|Spikes\n|move|p1a: Serpent|Coil|p1a: Serpent\n|-boost|p1a: Serpent|atk|1\n|-boost|p1a: Serpent|def|1\n|-boost|p1a: Serpent|accuracy|1\n|\n|-heal|p2a: Klefki|96\/100|[from] item: Leftovers\n|turn|9\n|choice||\n|\n|move|p2a: Klefki|Magnet Rise|p2a: Klefki\n|-start|p2a: Klefki|Magnet Rise\n|move|p1a: Serpent|Substitute|p1a: Serpent\n|-start|p1a: Serpent|Substitute\n|-damage|p1a: Serpent|75\/100\n|\n|-heal|p1a: Serpent|82\/100|[from] item: Leftovers\n|-heal|p2a: Klefki|100\/100|[from] item: Leftovers\n|turn|10\n|choice||\n|\n|move|p2a: Klefki|Spikes|p1a: Serpent\n|-sidestart|p1: Amaterus|Spikes\n|move|p1a: Serpent|Coil|p1a: Serpent\n|-boost|p1a: Serpent|atk|1\n|-boost|p1a: Serpent|def|1\n|-boost|p1a: Serpent|accuracy|1\n|\n|-heal|p1a: Serpent|88\/100|[from] item: Leftovers\n|turn|11\n|choice||\n|\n|move|p2a: Klefki|Spikes|p1a: Serpent\n|-sidestart|p1: Amaterus|Spikes\n|move|p1a: Serpent|Coil|p1a: Serpent\n|-boost|p1a: Serpent|atk|1\n|-boost|p1a: Serpent|def|1\n|-boost|p1a: Serpent|accuracy|1\n|\n|-heal|p1a: Serpent|94\/100|[from] item: Leftovers\n|turn|12\n|choice||\n|\n|move|p1a: Serpent|Coil|p1a: Serpent\n|-boost|p1a: Serpent|atk|1\n|-boost|p1a: Serpent|def|1\n|-boost|p1a: Serpent|accuracy|1\n|move|p2a: Klefki|Flash Cannon|p1a: Serpent\n|-activate|p1a: Serpent|Substitute|[damage]\n|\n|-heal|p1a: Serpent|99\/100|[from] item: Leftovers\n|turn|13\n|choice||\n|\n|move|p1a: Serpent|Coil|p1a: Serpent\n|-boost|p1a: Serpent|atk|1\n|-boost|p1a: Serpent|def|1\n|-boost|p1a: Serpent|accuracy|1\n|move|p2a: Klefki|Flash Cannon|p1a: Serpent\n|-crit|p1a: Serpent\n|-end|p1a: Serpent|Substitute\n|\n|-heal|p1a: Serpent|100\/100|[from] item: Leftovers\n|-end|p2a: Klefki|Magnet Rise\n|turn|14\n|choice||\n|\n|move|p2a: Klefki|Magnet Rise|p2a: Klefki\n|-start|p2a: Klefki|Magnet Rise\n|move|p1a: Serpent|Substitute|p1a: Serpent\n|-start|p1a: Serpent|Substitute\n|-damage|p1a: Serpent|75\/100\n|\n|-heal|p1a: Serpent|82\/100|[from] item: Leftovers\n|turn|15\n|choice||\n|\n|move|p2a: Klefki|Thunder Wave|p1a: Serpent\n|-immune|p1a: Serpent|[msg]\n|move|p1a: Serpent|Coil|p1a: Serpent\n|-boost|p1a: Serpent|atk|1\n|-boost|p1a: Serpent|def|1\n|-boost|p1a: Serpent|accuracy|1\n|\n|-heal|p1a: Serpent|88\/100|[from] item: Leftovers\n|turn|16\n|choice||\n|\n|move|p1a: Serpent|Extreme Speed|p2a: Klefki\n|-resisted|p2a: Klefki\n|-damage|p2a: Klefki|59\/100\n|move|p2a: Klefki|Thunder Wave|p1a: Serpent\n|-immune|p1a: Serpent|[msg]\n|\n|-heal|p1a: Serpent|94\/100|[from] item: Leftovers\n|-heal|p2a: Klefki|65\/100|[from] item: Leftovers\n|turn|17\n|choice||\n|\n|switch|p2a: Landorus|Landorus-Therian, M|100\/100\n|-ability|p2a: Landorus|Intimidate|boost\n|-immune|p1a: Serpent|[msg]\n|move|p1a: Serpent|Extreme Speed|p2a: Landorus\n|-damage|p2a: Landorus|50\/100\n|\n|-heal|p1a: Serpent|99\/100|[from] item: Leftovers\n|-heal|p2a: Landorus|56\/100|[from] item: Leftovers\n|turn|18\n|choice||\n|\n|move|p2a: Landorus|Earthquake|p1a: Serpent\n|-activate|p1a: Serpent|Substitute|[damage]\n|move|p1a: Serpent|Dragon Tail|p2a: Landorus\n|-damage|p2a: Landorus|0 fnt\n|faint|p2a: Landorus\n|\n|-heal|p1a: Serpent|100\/100|[from] item: Leftovers\n|choice||\n|\n|switch|p2a: Kyurem|Kyurem-Black|100\/100\n|-damage|p2a: Kyurem|84\/100|[from] Spikes\n|-ability|p2a: Kyurem|Teravolt\n|turn|19\n|choice||\n|\n|move|p2a: Kyurem|Ice Beam|p1a: Serpent\n|-supereffective|p1a: Serpent\n|-end|p1a: Serpent|Substitute\n|-damage|p2a: Kyurem|74\/100|[from] item: Life Orb\n|move|p1a: Serpent|Dragon Tail|p2a: Kyurem\n|-supereffective|p2a: Kyurem\n|-damage|p2a: Kyurem|0 fnt\n|faint|p2a: Kyurem\n|\n|choice||\n|\n|switch|p2a: Starmie|Starmie|100\/100\n|-damage|p2a: Starmie|84\/100|[from] Spikes\n|turn|20\n|choice||\n|\n|move|p1a: Serpent|Extreme Speed|p2a: Starmie\n|-damage|p2a: Starmie|0 fnt\n|faint|p2a: Starmie\n|\n|c|\u2605Billion Dolars|why\n|c|\u2605Billion Dolars|extreme speed\n|c|\u2605Billion Dolars|LOL\n|c|\u2605Amaterus|gg.\n|-message|Billion Dolars forfeited.\n|\n|win|Amaterus\n|player|p1\n|player|p2\n|l|Billion Dolars","inputlog":null,"uploadtime":1464381492,"views":296,"p1id":"amaterus","p2id":"billiondolars","formatid":"ou","rating":0,"private":0,"password":null}