{"id":"ou-380880527","p1":"preemptive","p2":"hauntersnightmare","format":"ou","log":"|j|preemptive\n|j|hauntersnightmare\n|player|p1|preemptive|290\n|player|p2|hauntersnightmare|265\n|gametype|singles\n|gen|6\n|tier|OU\n|seed|\n|clearpoke\n|poke|p1|Metagross|item\n|poke|p1|Kingdra, M|item\n|poke|p1|Forretress, F|item\n|poke|p1|Vaporeon, F|item\n|poke|p1|Reuniclus, F|item\n|poke|p1|Weavile, M|item\n|poke|p2|Pinsir, M|item\n|poke|p2|Rotom-Wash|item\n|poke|p2|Skarmory, F|item\n|poke|p2|Landorus-Therian, M|item\n|poke|p2|Conkeldurr, F|item\n|poke|p2|Starmie, shiny|item\n|rule|Swagger Clause: Swagger is banned\n|rule|Baton Pass Clause: Limit one Baton Passer, can't pass Spe and other stats simultaneously\n|rule|Sleep Clause Mod: Limit one foe put to sleep\n|rule|Species Clause: Limit one of each Pok\u00e9mon\n|rule|OHKO Clause: OHKO moves are banned\n|rule|Moody Clause: Moody is banned\n|rule|Evasion Moves Clause: Evasion moves are banned\n|rule|Endless Battle Clause: Forcing endless battles is banned\n|rule|HP Percentage Mod: HP is shown in percentages\n|teampreview\n|c|\u2605hauntersnightmare|glhf man\n|c|\u2605preemptive|hf :]\n|c|\u2605hauntersnightmare|its just us :P lol lets just go\n|choice||\n|\n|start\n|switch|p1a: Ryugujo|Kingdra, M|100\/100\n|switch|p2a: Robin Williams|Landorus-Therian, M|100\/100\n|-ability|p2a: Robin Williams|Intimidate|boost\n|-unboost|p1a: Ryugujo|atk|1\n|turn|1\n|choice||\n|\n|move|p2a: Robin Williams|U-turn|p1a: Ryugujo\n|-damage|p1a: Ryugujo|68\/100\n|choice||\n|\n|switch|p2a: Derp|Conkeldurr, F|100\/100\n|move|p1a: Ryugujo|Scald|p2a: Derp\n|-damage|p2a: Derp|60\/100\n|\n|turn|2\n|choice||\n|\n|switch|p1a: Kabaneri|Forretress, F|100\/100\n|move|p2a: Derp|Knock Off|p1a: Kabaneri\n|-damage|p1a: Kabaneri|78\/100\n|-enditem|p1a: Kabaneri|Leftovers|[from] move: Knock Off|[of] p2a: Derp\n|\n|turn|3\n|choice||\n|\n|move|p2a: Derp|Fire Punch|p1a: Kabaneri\n|-supereffective|p1a: Kabaneri\n|-damage|p1a: Kabaneri|12\/100\n|move|p1a: Kabaneri|Stealth Rock|p2a: Derp\n|-sidestart|p2: hauntersnightmare|move: Stealth Rock\n|\n|turn|4\n|choice||\n|\n|move|p2a: Derp|Drain Punch|p1a: Kabaneri\n|-damage|p1a: Kabaneri|0 fnt\n|-heal|p2a: Derp|64\/100|[from] drain|[of] p1a: Kabaneri\n|faint|p1a: Kabaneri\n|\n|j|Fitzsy\n|choice||\n|\n|switch|p1a: Hard Body|Reuniclus, F|100\/100\n|turn|5\n|choice||\n|\n|switch|p2a: Ex Wife|Starmie, shiny|100\/100\n|-damage|p2a: Ex Wife|88\/100|[from] Stealth Rock\n|move|p1a: Hard Body|Trick Room|p1a: Hard Body\n|-fieldstart|move: Trick Room|[of] p1a: Hard Body\n|\n|-heal|p2a: Ex Wife|94\/100|[from] item: Leftovers\n|turn|6\n|choice||\n|\n|move|p1a: Hard Body|Shadow Ball|p2a: Ex Wife\n|-supereffective|p2a: Ex Wife\n|-crit|p2a: Ex Wife\n|-damage|p2a: Ex Wife|0 fnt\n|faint|p2a: Ex Wife\n|\n|c|\u2605preemptive|TR sweep round 2?\n|c| Fitzsy|Meaty crit\n|choice||\n|\n|switch|p2a: Robin Williams|Landorus-Therian, M|100\/100\n|-damage|p2a: Robin Williams|88\/100|[from] Stealth Rock\n|-ability|p2a: Robin Williams|Intimidate|boost\n|-unboost|p1a: Hard Body|atk|1\n|turn|7\n|j|marty13612\n|choice||\n|\n|move|p1a: Hard Body|Psyshock|p2a: Robin Williams\n|-damage|p2a: Robin Williams|26\/100\n|move|p2a: Robin Williams|U-turn|p1a: Hard Body\n|-supereffective|p1a: Hard Body\n|-damage|p1a: Hard Body|50\/100\n|choice||\n|\n|switch|p2a: Tweety|Skarmory, F|100\/100\n|-damage|p2a: Tweety|88\/100|[from] Stealth Rock\n|\n|turn|8\n|choice||\n|\n|move|p1a: Hard Body|Focus Blast|p2a: Tweety\n|-crit|p2a: Tweety\n|-damage|p2a: Tweety|0 fnt\n|faint|p2a: Tweety\n|\n|c| marty13612|:oooo\n|c|\u2605hauntersnightmare|last minute i switched celebi to skarm\n|c|\u2605preemptive|oh man\n|c| marty13612|WOW\n|c|\u2605hauntersnightmare|like a chump\n|c| Fitzsy|Thatd 2\n|c|\u2605preemptive|that sucked\n|c| marty13612|That was nuts\n|c|\u2605preemptive|rip rocks\n|c|\u2605preemptive|reuniclus doesnt llike you being in first\n|c| marty13612|That was actually unreal\n|choice||\n|\n|switch|p2a: Kenmoar|Rotom-Wash|100\/100\n|-damage|p2a: Kenmoar|88\/100|[from] Stealth Rock\n|turn|9\n|choice||\n|\n|move|p1a: Hard Body|Psyshock|p2a: Kenmoar\n|-damage|p2a: Kenmoar|44\/100\n|move|p2a: Kenmoar|Volt Switch|p1a: Hard Body\n|-damage|p1a: Hard Body|27\/100\n|choice||\n|\n|switch|p2a: Sweeperella|Pinsir, M|100\/100\n|-damage|p2a: Sweeperella|76\/100|[from] Stealth Rock\n|\n|-fieldend|move: Trick Room\n|turn|10\n|choice||\n|\n|detailschange|p2a: Sweeperella|Pinsir-Mega, M\n|-mega|p2a: Sweeperella|Pinsir|Pinsirite\n|move|p2a: Sweeperella|Swords Dance|p2a: Sweeperella\n|-boost|p2a: Sweeperella|atk|2\n|move|p1a: Hard Body|Psyshock|p2a: Sweeperella\n|-damage|p2a: Sweeperella|15\/100\n|\n|turn|11\n|choice||\n|\n|move|p2a: Sweeperella|Frustration|p1a: Hard Body\n|-damage|p1a: Hard Body|0 fnt\n|faint|p1a: Hard Body\n|\n|choice||\n|\n|switch|p1a: Overdrive|Metagross|100\/100\n|turn|12\n|choice||\n|\n|switch|p2a: Robin Williams|Landorus-Therian, M|26\/100\n|-damage|p2a: Robin Williams|14\/100|[from] Stealth Rock\n|-ability|p2a: Robin Williams|Intimidate|boost\n|-fail|p1a: Overdrive|unboost|[from] ability: Clear Body|[of] p1a: Overdrive\n|detailschange|p1a: Overdrive|Metagross-Mega\n|-mega|p1a: Overdrive|Metagross|Metagrossite\n|move|p1a: Overdrive|Rock Polish|p1a: Overdrive\n|-boost|p1a: Overdrive|spe|2\n|\n|turn|13\n|choice||\n|\n|switch|p2a: Sweeperella|Pinsir-Mega, M|15\/100\n|-damage|p2a: Sweeperella|0 fnt|[from] Stealth Rock\n|faint|p2a: Sweeperella\n|move|p1a: Overdrive|Zen Headbutt|p2: Sweeperella|[notarget]\n|-notarget\n|\n|c|\u2605hauntersnightmare|gg\n|choice||\n|\n|switch|p2a: Robin Williams|Landorus-Therian, M|14\/100\n|-damage|p2a: Robin Williams|1\/100|[from] Stealth Rock\n|-ability|p2a: Robin Williams|Intimidate|boost\n|-unboost|p1a: Overdrive|atk|1\n|turn|14\n|choice||\n|\n|move|p1a: Overdrive|Zen Headbutt|p2a: Robin Williams\n|-damage|p2a: Robin Williams|0 fnt\n|faint|p2a: Robin Williams\n|\n|choice||\n|\n|switch|p2a: Kenmoar|Rotom-Wash|44\/100\n|-damage|p2a: Kenmoar|31\/100|[from] Stealth Rock\n|turn|15\n|choice||\n|\n|move|p1a: Overdrive|Zen Headbutt|p2a: Kenmoar\n|-damage|p2a: Kenmoar|0 fnt\n|faint|p2a: Kenmoar\n|\n|choice||\n|\n|switch|p2a: Derp|Conkeldurr, F|64\/100\n|-damage|p2a: Derp|58\/100|[from] Stealth Rock\n|turn|16\n|choice||\n|\n|move|p1a: Overdrive|Zen Headbutt|p2a: Derp\n|-supereffective|p2a: Derp\n|-damage|p2a: Derp|0 fnt\n|faint|p2a: Derp\n|\n|win|preemptive\n|player|p1\n|player|p2\n|c|\u2605preemptive|gg\n|c| marty13612|gg\n|l|hauntersnightmare\n|c| marty13612|salty runback\n|c| Fitzsy|This metta is gross\n|c|\u2605preemptive|The first play slayer\n|c|\u2605preemptive|place","inputlog":null,"uploadtime":1464839532,"views":18,"p1id":"preemptive","p2id":"hauntersnightmare","formatid":"ou","rating":0,"private":0,"password":null}