{"id":"ou-375451618","p1":"Xemnas14","p2":"hauntersnightmare","format":"ou","log":"|j|Xemnas14\n|j|hauntersnightmare\n|player|p1|Xemnas14|265\n|player|p2|hauntersnightmare|153\n|gametype|singles\n|gen|6\n|tier|OU\n|seed|\n|clearpoke\n|poke|p1|Nosepass, L1, M, shiny|item\n|poke|p1|Zoroark, M|item\n|poke|p1|Heatran, M|item\n|poke|p1|Bouffalant, F|item\n|poke|p1|Breloom, F|item\n|poke|p1|Cloyster, M|item\n|poke|p2|Pinsir, M|item\n|poke|p2|Rotom-Wash|item\n|poke|p2|Celebi|item\n|poke|p2|Landorus-Therian, M|item\n|poke|p2|Skarmory, M|item\n|poke|p2|Conkeldurr, M|item\n|rule|Swagger Clause: Swagger is banned\n|rule|Baton Pass Clause: Limit one Baton Passer, can't pass Spe and other stats simultaneously\n|rule|Sleep Clause Mod: Limit one foe put to sleep\n|rule|Species Clause: Limit one of each Pok\u00e9mon\n|rule|OHKO Clause: OHKO moves are banned\n|rule|Moody Clause: Moody is banned\n|rule|Evasion Moves Clause: Evasion moves are banned\n|rule|Endless Battle Clause: Forcing endless battles is banned\n|rule|HP Percentage Mod: HP is shown in percentages\n|teampreview\n|c|\u2605Xemnas14|:p\n|j|marty13612\n|c|\u2605hauntersnightmare|just posting in threat\n|c|\u2605hauntersnightmare|that zoroark\n|j|Gustafio\n|j|Tempest777\n|c| Gustafio|ohai\n|c|\u2605Xemnas14|scary eh?\n|choice||\n|\n|start\n|switch|p1a: Not Zoroark|Nosepass, L1, M, shiny|100\/100\n|switch|p2a: Kenmoar|Rotom-Wash|100\/100\n|turn|1\n|c|\u2605hauntersnightmare|glhf\n|c| Gustafio|pls\n|j|Arif's IP\n|choice||\n|\n|move|p2a: Kenmoar|Will-O-Wisp|p1a: Not Zoroark\n|-status|p1a: Not Zoroark|brn\n|move|p1a: Not Zoroark|Toxic|p2a: Kenmoar|[miss]\n|-miss|p1a: Not Zoroark|p2a: Kenmoar\n|\n|-damage|p1a: Not Zoroark|91\/100 brn|[from] brn\n|turn|2\n|c| Gustafio|lel\n|j|Fitzsy\n|choice||\n|\n|move|p2a: Kenmoar|Volt Switch|p1a: Not Zoroark\n|-damage|p1a: Not Zoroark|0 fnt\n|faint|p1a: Not Zoroark\n|c|\u2605Xemnas14|hahaha\n|c|\u2605Xemnas14|curses\n|choice||\n|\n|switch|p2a: Conkeldurp|Conkeldurr, M|100\/100\n|\n|c| Gustafio|why did that thing take 9% from burn\n|c| Gustafio|wat\n|c|\u2605hauntersnightmare|health\n|c| Fitzsy|Its too good\n|c|\u2605hauntersnightmare|takes 1\/6\n|choice||\n|\n|switch|p1a: Can't Be Zoroark|Cloyster, M|100\/100\n|turn|3\n|c|\u2605hauntersnightmare|of like\n|c|\u2605hauntersnightmare|32\n|c| Gustafio|it was L1???\n|c|\u2605hauntersnightmare|ye\n|c| Gustafio|LMFAO\n|c| Gustafio|WHAT\n|c| Tempest777|whyy\n|choice||\n|\n|move|p1a: Can't Be Zoroark|Rock Blast|p2a: Conkeldurp|[miss]\n|-miss|p1a: Can't Be Zoroark|p2a: Conkeldurp\n|move|p2a: Conkeldurp|Drain Punch|p1a: Can't Be Zoroark\n|-supereffective|p1a: Can't Be Zoroark\n|-damage|p1a: Can't Be Zoroark|41\/100\n|\n|turn|4\n|c| Fitzsy|Fear op\n|c| Fitzsy|Pls nerf\n|c|\u2605Xemnas14|lol\n|choice||\n|\n|move|p1a: Can't Be Zoroark|Rock Blast|p2a: Conkeldurp\n|-resisted|p2a: Conkeldurp\n|-damage|p2a: Conkeldurp|96\/100\n|-resisted|p2a: Conkeldurp\n|-damage|p2a: Conkeldurp|93\/100\n|-resisted|p2a: Conkeldurp\n|-damage|p2a: Conkeldurp|89\/100\n|-resisted|p2a: Conkeldurp\n|-damage|p2a: Conkeldurp|85\/100\n|-resisted|p2a: Conkeldurp\n|-crit|p2a: Conkeldurp\n|-damage|p2a: Conkeldurp|79\/100\n|-hitcount|p2a: Conkeldurp|5\n|move|p2a: Conkeldurp|Drain Punch|p1a: Can't Be Zoroark\n|-supereffective|p1a: Can't Be Zoroark\n|-damage|p1a: Can't Be Zoroark|0 fnt\n|-heal|p2a: Conkeldurp|96\/100|[from] drain|[of] p1a: Can't Be Zoroark\n|faint|p1a: Can't Be Zoroark\n|\n|c|\u2605Xemnas14|oh man all my luck\n|c|\u2605hauntersnightmare|are you kings rock?\n|c| marty13612|rock blast pls\n|c|\u2605hauntersnightmare|cause thats an evil set\n|choice||\n|\n|switch|p1a: Totally Zoroark|Bouffalant, F|100\/100\n|turn|5\n|c|\u2605hauntersnightmare|against the wrong team\n|choice||\n|\n|move|p2a: Conkeldurp|Mach Punch|p1a: Totally Zoroark\n|-supereffective|p1a: Totally Zoroark\n|-crit|p1a: Totally Zoroark\n|-damage|p1a: Totally Zoroark|36\/100\n|move|p1a: Totally Zoroark|Zen Headbutt|p2a: Conkeldurp\n|-supereffective|p2a: Conkeldurp\n|-damage|p2a: Conkeldurp|43\/100\n|\n|-heal|p1a: Totally Zoroark|42\/100|[from] item: Leftovers\n|turn|6\n|c|\u2605Xemnas14|lol\n|choice||\n|\n|move|p2a: Conkeldurp|Mach Punch|p1a: Totally Zoroark\n|-supereffective|p1a: Totally Zoroark\n|-damage|p1a: Totally Zoroark|0 fnt\n|faint|p1a: Totally Zoroark\n|\n|c|\u2605hauntersnightmare|balk\n|c| Fitzsy|Juicy crit\n|choice||\n|\n|switch|p1a: Definitely Not Zor|Breloom, F|100\/100\n|turn|7\n|c|\u2605hauntersnightmare|and that too\n|choice||\n|\n|switch|p2a: Spaceman Spiff|Celebi|100\/100\n|move|p1a: Definitely Not Zor|Extrasensory|p2a: Spaceman Spiff\n|-resisted|p2a: Spaceman Spiff\n|-damage|p2a: Spaceman Spiff|86\/100\n|\n|turn|8\n|c| Arif's IP|This is grim..\n|c|\u2605hauntersnightmare|i bet its zor\n|choice||\n|\n|switch|p1a: Actually Zoroark|Heatran, M|100\/100\n|move|p2a: Spaceman Spiff|Thunder Wave|p1a: Actually Zoroark\n|-status|p1a: Actually Zoroark|par\n|\n|turn|9\n|choice||\n|\n|move|p2a: Spaceman Spiff|Baton Pass|p2a: Spaceman Spiff\n|c| Gustafio|guys its zoroark\n|c| Arif's IP|Hello darkness my old friend\n|choice||\n|\n|switch|p2a: Conkeldurp|Conkeldurr, M|43\/100\n|move|p1a: Actually Zoroark|Earth Power|p2a: Conkeldurp\n|-damage|p2a: Conkeldurp|22\/100\n|\n|turn|10\n|c| Tempest777|still better than me\n|choice||\n|\n|switch|p1a: Definitely Not Zor|Breloom, F|100\/100\n|move|p2a: Conkeldurp|Mach Punch|p1a: Definitely Not Zor\n|-damage|p1a: Definitely Not Zor|66\/100\n|\n|turn|11\n|c|\u2605hauntersnightmare|im colbur berry anyways\n|choice||\n|\n|switch|p2a: Tweety|Skarmory, M|100\/100\n|move|p1a: Definitely Not Zor|Spore|p2a: Tweety\n|-status|p2a: Tweety|slp\n|\n|turn|12\n|choice||\n|\n|switch|p2a: Robin Williams|Landorus-Therian, M|100\/100\n|-ability|p2a: Robin Williams|Intimidate|boost\n|-unboost|p1a: Definitely Not Zor|atk|1\n|move|p1a: Definitely Not Zor|Swords Dance|p1a: Definitely Not Zor\n|-boost|p1a: Definitely Not Zor|atk|2\n|\n|turn|13\n|c| Fitzsy|The tech\n|c| Tempest777|robin williams?\n|c|\u2605hauntersnightmare|hes a genie\n|c| Fitzsy|Too soon\n|c| Tempest777|uhh\n|c|\u2605hauntersnightmare|its not against him\n|c| Tempest777|not really a genie\n|c| Gustafio|his feet arent touching the ground\n|choice||\n|\n|move|p1a: Definitely Not Zor|Mach Punch|p2a: Robin Williams\n|-resisted|p2a: Robin Williams\n|-damage|p2a: Robin Williams|70\/100\n|move|p2a: Robin Williams|Superpower|p1a: Definitely Not Zor\n|-damage|p1a: Definitely Not Zor|0 fnt\n|-unboost|p2a: Robin Williams|atk|1\n|-unboost|p2a: Robin Williams|def|1\n|faint|p1a: Definitely Not Zor\n|\n|c|\u2605hauntersnightmare|i had it long before he died\n|c|\u2605hauntersnightmare|whaaat\n|c| Gustafio|too soon?\n|c|\u2605hauntersnightmare|they're the genies\n|c|\u2605hauntersnightmare|dual genie\n|c| Arif's IP|Stop fitz xD\n|choice||\n|\n|switch|p1a: Actually Zoroark|Heatran, M|100\/100 par\n|turn|14\n|c| Tempest777|i dont think they're genie's\n|c|\u2605hauntersnightmare|its a doubles tactic\n|c|\u2605Xemnas14|Hes a wizard\n|c|\u2605hauntersnightmare|w.e.\n|c| Tempest777|he's a hobo\n|choice||\n|\n|switch|p2a: Kenmoar|Rotom-Wash|100\/100\n|move|p1a: Actually Zoroark|Lava Plume|p2a: Kenmoar\n|-resisted|p2a: Kenmoar\n|-damage|p2a: Kenmoar|81\/100\n|-status|p2a: Kenmoar|brn\n|\n|-heal|p2a: Kenmoar|88\/100 brn|[from] item: Leftovers\n|-damage|p2a: Kenmoar|75\/100 brn|[from] brn\n|turn|15\n|c| Fitzsy|A what?\n|c|\u2605Xemnas14|wicked\n|c| Fitzsy|Zeen\n|c| Tempest777|wicked smaht\n|c|\u2605hauntersnightmare|a wizard harry\n|choice||\n|\n|switch|p1a: Totally Not Zoroar|Zoroark, M|100\/100\n|move|p2a: Kenmoar|Hydro Pump|p1a: Totally Not Zoroar\n|-damage|p1a: Totally Not Zoroar|29\/100\n|\n|-heal|p2a: Kenmoar|81\/100 brn|[from] item: Leftovers\n|-damage|p2a: Kenmoar|69\/100 brn|[from] brn\n|turn|16\n|c| Tempest777|No im nawt agrid\n|c| Gustafio|its not zoro\n|choice||\n|\n|move|p1a: Totally Not Zoroar|Dark Pulse|p2a: Kenmoar\n|-damage|p2a: Kenmoar|19\/100 brn\n|move|p2a: Kenmoar|Volt Switch|p1a: Totally Not Zoroar\n|-damage|p1a: Totally Not Zoroar|0 fnt\n|faint|p1a: Totally Not Zoroar\n|c|\u2605hauntersnightmare|ye wank\n|c|\u2605Xemnas14|Lol totally not\n|c| Fitzsy|ZOOOOLLLLLOOOO\n|choice||\n|\n|switch|p2a: Robin Williams|Landorus-Therian, M|70\/100\n|\n|c|\u2605hauntersnightmare|gg man\n|choice||\n|\n|switch|p1a: Actually Zoroark|Heatran, M|100\/100 par\n|turn|17\n|choice||\n|\n|move|p2a: Robin Williams|Earthquake|p1a: Actually Zoroark\n|-supereffective|p1a: Actually Zoroark\n|-damage|p1a: Actually Zoroark|0 fnt\n|faint|p1a: Actually Zoroark\n|\n|win|hauntersnightmare\n|player|p1\n|player|p2\n|c| Tempest777|Yay im not the only one who got swept\n|c| Fitzsy|Max and i were loomin\n|c|\u2605Xemnas14|Gg :)\n|c| Gustafio|gg\n|c|\u2605Xemnas14|So does someone upload a funny replay?\n|c| Gustafio|yeeeee\n|c| Arif's IP|Gg!\n|c|\u2605hauntersnightmare|i have to upload don't i?\n|l|Arif's IP\n|c| Gustafio|mhmm","inputlog":null,"uploadtime":1463789572,"views":12,"p1id":"xemnas14","p2id":"hauntersnightmare","formatid":"ou","rating":0,"private":0,"password":null}