{"id":"ou-378195064","p1":"Olden Polynice","p2":"Amaterus","format":"ou","log":"|j|Olden Polynice\n|j|Amaterus\n|player|p1|Olden Polynice|2\n|player|p2|Amaterus|151\n|gametype|singles\n|gen|6\n|tier|OU\n|rated\n|seed|\n|clearpoke\n|poke|p1|Klefki, M|item\n|poke|p1|Latias, F|item\n|poke|p1|Excadrill, F|item\n|poke|p1|Heracross, F, shiny|item\n|poke|p1|Tyranitar, M|item\n|poke|p1|Garchomp, M|item\n|poke|p2|Abomasnow, M, shiny|item\n|poke|p2|Kyurem, shiny|item\n|poke|p2|Seismitoad, M|item\n|poke|p2|Victini|item\n|poke|p2|Azumarill, M|item\n|poke|p2|Skarmory, M, shiny|item\n|rule|Swagger Clause: Swagger is banned\n|rule|Baton Pass Clause: Limit one Baton Passer, can't pass Spe and other stats simultaneously\n|rule|Sleep Clause Mod: Limit one foe put to sleep\n|rule|Species Clause: Limit one of each Pok\u00e9mon\n|rule|OHKO Clause: OHKO moves are banned\n|rule|Moody Clause: Moody is banned\n|rule|Evasion Moves Clause: Evasion moves are banned\n|rule|Endless Battle Clause: Forcing endless battles is banned\n|rule|HP Percentage Mod: HP is shown in percentages\n|teampreview\n|choice||\n|\n|start\n|switch|p1a: Heracross|Heracross, F, shiny|100\/100\n|switch|p2a: Kyotaro|Kyurem, shiny|100\/100\n|-ability|p2a: Kyotaro|Pressure\n|turn|1\n|choice||\n|\n|move|p2a: Kyotaro|Draco Meteor|p1a: Heracross|[miss]\n|-miss|p2a: Kyotaro|p1a: Heracross\n|move|p1a: Heracross|Close Combat|p2a: Kyotaro\n|-supereffective|p2a: Kyotaro\n|-damage|p2a: Kyotaro|0 fnt\n|-unboost|p1a: Heracross|def|1\n|-unboost|p1a: Heracross|spd|1\n|faint|p2a: Kyotaro\n|\n|c|\u2605Olden Polynice|FUCKING HAX\n|choice||\n|\n|switch|p2a: Amaterasu|Victini|100\/100\n|turn|2\n|c|\u2605Amaterus|LOL\n|c|\u2605Olden Polynice|BULLSHIT\n|choice||\n|\n|switch|p1a: Garchomp|Garchomp, M|100\/100\n|move|p2a: Amaterasu|U-turn|p1a: Garchomp\n|-damage|p1a: Garchomp|85\/100\n|-damage|p2a: Amaterasu|88\/100|[from] ability: Rough Skin|[of] p1a: Garchomp\n|-damage|p2a: Amaterasu|72\/100|[from] item: Rocky Helmet|[of] p1a: Garchomp\n|c|\u2605Amaterus|FORFEIT THEN\n|c|\u2605Amaterus|-.-\n|choice||\n|\n|switch|p2a: Izo|Abomasnow, M, shiny|100\/100\n|-weather|Hail|[from] ability: Snow Warning|[of] p2a: Izo\n|\n|-weather|Hail|[upkeep]\n|-damage|p1a: Garchomp|79\/100|[from] hail\n|turn|3\n|c|\u2605Olden Polynice|WHY WOULD I FORFEIT WHEN I GOT HAXED.\n|c|\u2605Olden Polynice|YOU FORFEIT\n|c|\u2605Olden Polynice|DAMNIT\n|choice||\n|\n|switch|p1a: Mega Unown|Klefki, M|100\/100\n|detailschange|p2a: Izo|Abomasnow-Mega, M, shiny\n|-mega|p2a: Izo|Abomasnow|Abomasite\n|move|p2a: Izo|Blizzard|p1a: Mega Unown\n|-resisted|p1a: Mega Unown\n|-damage|p1a: Mega Unown|75\/100\n|\n|-weather|Hail|[upkeep]\n|-damage|p1a: Mega Unown|69\/100|[from] hail\n|-heal|p1a: Mega Unown|75\/100|[from] item: Leftovers\n|turn|4\n|c|\u2605Amaterus|YOUR THE ONE HAXING\n|c|\u2605Amaterus|LOL\n|choice||\n|\n|switch|p1a: Heracross|Heracross, F, shiny|100\/100\n|switch|p2a: Mudo|Seismitoad, M|100\/100\n|\n|-weather|Hail|[upkeep]\n|-damage|p1a: Heracross|94\/100|[from] hail\n|-damage|p2a: Mudo|94\/100|[from] hail\n|-heal|p2a: Mudo|100\/100|[from] item: Leftovers\n|turn|5\n|c|\u2605Amaterus|FORFEIT THE FUCKING GAME\n|choice||\n|\n|move|p1a: Heracross|Close Combat|p2a: Mudo\n|-damage|p2a: Mudo|27\/100\n|-unboost|p1a: Heracross|def|1\n|-unboost|p1a: Heracross|spd|1\n|move|p2a: Mudo|Stealth Rock|p1a: Heracross\n|-sidestart|p1: Olden Polynice|move: Stealth Rock\n|\n|-weather|Hail|[upkeep]\n|-damage|p1a: Heracross|88\/100|[from] hail\n|-damage|p2a: Mudo|21\/100|[from] hail\n|-heal|p2a: Mudo|27\/100|[from] item: Leftovers\n|turn|6\n|c|\u2605Olden Polynice|YOU HAXED ME BRO\n|c|\u2605Olden Polynice|YOU SHOULD FORFEIT\n|choice||\n|\n|switch|p2a: Amaterasu|Victini|72\/100\n|move|p1a: Heracross|Close Combat|p2a: Amaterasu\n|-resisted|p2a: Amaterasu\n|-damage|p2a: Amaterasu|27\/100\n|-unboost|p1a: Heracross|def|1\n|-unboost|p1a: Heracross|spd|1\n|\n|-weather|none\n|turn|7\n|c|\u2605Amaterus|I MISSED THE FUCKING DRACO\n|c|\u2605Amaterus|THAT WAS A DEAD FUCKING HERACROSS\n|c|\u2605Amaterus|I WON SO EASY\n|choice||\n|\n|switch|p1a: Garchomp|Garchomp, M|79\/100\n|-damage|p1a: Garchomp|73\/100|[from] Stealth Rock\n|move|p2a: Amaterasu|Energy Ball|p1a: Garchomp\n|-damage|p1a: Garchomp|54\/100\n|-unboost|p1a: Garchomp|spd|1\n|\n|turn|8\n|c|\u2605Olden Polynice|NO WAY JOSE\n|choice||\n|\n|move|p1a: Garchomp|Stealth Rock|p2a: Amaterasu\n|-sidestart|p2: Amaterus|move: Stealth Rock\n|move|p2a: Amaterasu|Energy Ball|p1a: Garchomp\n|-damage|p1a: Garchomp|28\/100\n|\n|turn|9\n|choice||\n|\n|move|p1a: Garchomp|Rest|p1a: Garchomp\n|-status|p1a: Garchomp|slp\n|-heal|p1a: Garchomp|100\/100 slp|[silent]\n|-status|p1a: Garchomp|slp|[from] move: Rest\n|move|p2a: Amaterasu|Energy Ball|p1a: Garchomp\n|-damage|p1a: Garchomp|73\/100 slp\n|\n|turn|10\n|choice||\n|\n|switch|p1a: Tyranitar|Tyranitar, M|100\/100\n|-damage|p1a: Tyranitar|88\/100|[from] Stealth Rock\n|-weather|Sandstorm|[from] ability: Sand Stream|[of] p1a: Tyranitar\n|move|p2a: Amaterasu|Energy Ball|p1a: Tyranitar\n|-supereffective|p1a: Tyranitar\n|-damage|p1a: Tyranitar|60\/100\n|\n|-weather|Sandstorm|[upkeep]\n|-damage|p2a: Amaterasu|21\/100|[from] sandstorm\n|turn|11\n|choice||\n|\n|move|p1a: Tyranitar|Pursuit|p2a: Amaterasu\n|-supereffective|p2a: Amaterasu\n|-damage|p2a: Amaterasu|0 fnt\n|faint|p2a: Amaterasu\n|\n|-weather|Sandstorm|[upkeep]\n|c|\u2605Amaterus|watch me fucking win stilll\n|c|\u2605Amaterus|:]\n|choice||\n|\n|switch|p2a: Mudo|Seismitoad, M|27\/100\n|-damage|p2a: Mudo|21\/100|[from] Stealth Rock\n|turn|12\n|c|\u2605Olden Polynice|IT IS POSSIBLE\n|choice||\n|\n|switch|p1a: Heracross|Heracross, F, shiny|88\/100\n|-damage|p1a: Heracross|76\/100|[from] Stealth Rock\n|move|p2a: Mudo|Scald|p1a: Heracross\n|-damage|p1a: Heracross|46\/100\n|\n|-weather|Sandstorm|[upkeep]\n|-damage|p1a: Heracross|40\/100|[from] sandstorm\n|-heal|p2a: Mudo|27\/100|[from] item: Leftovers\n|turn|13\n|choice||\n|\n|move|p1a: Heracross|Close Combat|p2a: Mudo\n|-damage|p2a: Mudo|0 fnt\n|-unboost|p1a: Heracross|def|1\n|-unboost|p1a: Heracross|spd|1\n|faint|p2a: Mudo\n|\n|-weather|Sandstorm|[upkeep]\n|-damage|p1a: Heracross|34\/100|[from] sandstorm\n|choice||\n|\n|switch|p2a: Izo|Abomasnow-Mega, M, shiny|100\/100\n|-damage|p2a: Izo|75\/100|[from] Stealth Rock\n|-weather|Hail|[from] ability: Snow Warning|[of] p2a: Izo\n|turn|14\n|choice||\n|\n|switch|p1a: Mega Unown|Klefki, M|75\/100\n|-damage|p1a: Mega Unown|69\/100|[from] Stealth Rock\n|move|p2a: Izo|Ice Shard|p1a: Mega Unown\n|-resisted|p1a: Mega Unown\n|-damage|p1a: Mega Unown|56\/100\n|\n|-weather|Hail|[upkeep]\n|-damage|p1a: Mega Unown|50\/100|[from] hail\n|-heal|p1a: Mega Unown|56\/100|[from] item: Leftovers\n|turn|15\n|choice||\n|\n|move|p1a: Mega Unown|Spikes|p2a: Izo\n|-sidestart|p2: Amaterus|Spikes\n|move|p2a: Izo|Earthquake|p1a: Mega Unown\n|-supereffective|p1a: Mega Unown\n|-damage|p1a: Mega Unown|0 fnt\n|faint|p1a: Mega Unown\n|\n|-weather|Hail|[upkeep]\n|choice||\n|\n|switch|p1a: Excadrill|Excadrill, F|100\/100\n|-damage|p1a: Excadrill|97\/100|[from] Stealth Rock\n|-item|p1a: Excadrill|Air Balloon\n|turn|16\n|choice||\n|\n|switch|p2a: Raptor|Skarmory, M, shiny|100\/100\n|-damage|p2a: Raptor|88\/100|[from] Stealth Rock\n|move|p1a: Excadrill|Iron Head|p2a: Raptor\n|-resisted|p2a: Raptor\n|-damage|p2a: Raptor|75\/100\n|-damage|p1a: Excadrill|81\/100|[from] item: Rocky Helmet|[of] p2a: Raptor\n|\n|-weather|Hail|[upkeep]\n|-damage|p1a: Excadrill|75\/100|[from] hail\n|-damage|p2a: Raptor|69\/100|[from] hail\n|turn|17\n|choice||\n|\n|move|p1a: Excadrill|Rapid Spin|p2a: Raptor\n|-resisted|p2a: Raptor\n|-damage|p2a: Raptor|67\/100\n|-damage|p1a: Excadrill|58\/100|[from] item: Rocky Helmet|[of] p2a: Raptor\n|-sideend|p1: Olden Polynice|Stealth Rock|[from] move: Rapid Spin|[of] p1a: Excadrill\n|move|p2a: Raptor|Spikes|p1a: Excadrill\n|-sidestart|p1: Olden Polynice|Spikes\n|\n|-weather|Hail|[upkeep]\n|-damage|p1a: Excadrill|52\/100|[from] hail\n|-damage|p2a: Raptor|61\/100|[from] hail\n|turn|18\n|choice||\n|\n|switch|p1a: Heracross|Heracross, F, shiny|34\/100\n|-damage|p1a: Heracross|22\/100|[from] Spikes\n|move|p2a: Raptor|Defog|p1a: Heracross\n|-unboost|p1a: Heracross|evasion|1\n|-sideend|p1: Olden Polynice|Spikes|[from] move: Defog|[of] p1a: Heracross\n|-sideend|p2: Amaterus|Spikes|[from] move: Defog|[of] p2a: Raptor\n|-sideend|p2: Amaterus|Stealth Rock|[from] move: Defog|[of] p2a: Raptor\n|\n|-weather|none\n|turn|19\n|choice||\n|\n|move|p1a: Heracross|Knock Off|p2a: Raptor\n|-damage|p2a: Raptor|33\/100\n|-damage|p1a: Heracross|5\/100|[from] item: Rocky Helmet|[of] p2a: Raptor\n|-enditem|p2a: Raptor|Rocky Helmet|[from] move: Knock Off|[of] p1a: Heracross\n|move|p2a: Raptor|Spikes|p1a: Heracross\n|-sidestart|p1: Olden Polynice|Spikes\n|\n|turn|20\n|l|Amaterus\n|player|p2\n|j|Amaterus\n|player|p2|Amaterus|151\n|choice||\n|\n|switch|p1a: Excadrill|Excadrill, F|52\/100\n|-item|p1a: Excadrill|Air Balloon\n|move|p2a: Raptor|Spikes|p1a: Excadrill\n|-sidestart|p1: Olden Polynice|Spikes\n|\n|turn|21\n|choice||\n|\n|move|p1a: Excadrill|Rapid Spin|p2a: Raptor\n|-resisted|p2a: Raptor\n|-crit|p2a: Raptor\n|-damage|p2a: Raptor|30\/100\n|-sideend|p1: Olden Polynice|Spikes|[from] move: Rapid Spin|[of] p1a: Excadrill\n|move|p2a: Raptor|Roost|p2a: Raptor\n|-heal|p2a: Raptor|80\/100\n|\n|turn|22\n|choice||\n|\n|move|p1a: Excadrill|Iron Head|p2a: Raptor\n|-resisted|p2a: Raptor\n|-damage|p2a: Raptor|67\/100\n|move|p2a: Raptor|Spikes|p1a: Excadrill\n|-sidestart|p1: Olden Polynice|Spikes\n|\n|turn|23\n|choice||\n|\n|move|p1a: Excadrill|Rapid Spin|p2a: Raptor\n|-resisted|p2a: Raptor\n|-damage|p2a: Raptor|65\/100\n|-sideend|p1: Olden Polynice|Spikes|[from] move: Rapid Spin|[of] p1a: Excadrill\n|move|p2a: Raptor|Counter|p1a: Excadrill\n|-damage|p1a: Excadrill|48\/100\n|-enditem|p1a: Excadrill|Air Balloon\n|\n|turn|24\n|choice||\n|\n|move|p1a: Excadrill|Swords Dance|p1a: Excadrill\n|-boost|p1a: Excadrill|atk|2\n|move|p2a: Raptor|Spikes|p1a: Excadrill\n|-sidestart|p1: Olden Polynice|Spikes\n|\n|turn|25\n|choice||\n|\n|move|p1a: Excadrill|Swords Dance|p1a: Excadrill\n|-boost|p1a: Excadrill|atk|2\n|move|p2a: Raptor|Counter|p1a: Excadrill\n|-fail|p1a: Excadrill\n|\n|turn|26\n|choice||\n|\n|move|p1a: Excadrill|Rapid Spin|p2a: Raptor\n|-resisted|p2a: Raptor\n|-crit|p2a: Raptor\n|-damage|p2a: Raptor|56\/100\n|-sideend|p1: Olden Polynice|Spikes|[from] move: Rapid Spin|[of] p1a: Excadrill\n|move|p2a: Raptor|Roost|p2a: Raptor\n|-heal|p2a: Raptor|100\/100\n|\n|turn|27\n|choice||\n|\n|move|p1a: Excadrill|Swords Dance|p1a: Excadrill\n|-boost|p1a: Excadrill|atk|2\n|move|p2a: Raptor|Counter|p1a: Excadrill\n|-fail|p1a: Excadrill\n|\n|turn|28\n|choice||\n|\n|move|p1a: Excadrill|Earthquake|p2a: Raptor\n|-immune|p2a: Raptor|[msg]\n|move|p2a: Raptor|Counter|p1a: Excadrill\n|-fail|p1a: Excadrill\n|\n|turn|29\n|choice||\n|\n|move|p1a: Excadrill|Earthquake|p2a: Raptor\n|-immune|p2a: Raptor|[msg]\n|move|p2a: Raptor|Counter|p1a: Excadrill\n|-fail|p1a: Excadrill\n|\n|turn|30\n|choice||\n|\n|move|p1a: Excadrill|Swords Dance|p1a: Excadrill\n|-fail|p1a: Excadrill\n|move|p2a: Raptor|Counter|p1a: Excadrill\n|-fail|p1a: Excadrill\n|\n|turn|31\n|choice||\n|\n|move|p1a: Excadrill|Swords Dance|p1a: Excadrill\n|-fail|p1a: Excadrill\n|move|p2a: Raptor|Spikes|p1a: Excadrill\n|-sidestart|p1: Olden Polynice|Spikes\n|\n|turn|32\n|choice||\n|\n|move|p1a: Excadrill|Earthquake|p2a: Raptor\n|-immune|p2a: Raptor|[msg]\n|move|p2a: Raptor|Counter|p1a: Excadrill\n|-fail|p1a: Excadrill\n|\n|turn|33\n|choice||\n|\n|move|p1a: Excadrill|Earthquake|p2a: Raptor\n|-immune|p2a: Raptor|[msg]\n|move|p2a: Raptor|Counter|p1a: Excadrill\n|-fail|p1a: Excadrill\n|\n|turn|34\n|choice||\n|\n|move|p1a: Excadrill|Swords Dance|p1a: Excadrill\n|-fail|p1a: Excadrill\n|move|p2a: Raptor|Spikes|p1a: Excadrill\n|-sidestart|p1: Olden Polynice|Spikes\n|\n|turn|35\n|choice||\n|\n|move|p1a: Excadrill|Swords Dance|p1a: Excadrill\n|-fail|p1a: Excadrill\n|move|p2a: Raptor|Counter|p1a: Excadrill\n|-fail|p1a: Excadrill\n|\n|turn|36\n|choice||\n|\n|move|p1a: Excadrill|Swords Dance|p1a: Excadrill\n|-fail|p1a: Excadrill\n|move|p2a: Raptor|Spikes|p1a: Excadrill\n|-sidestart|p1: Olden Polynice|Spikes\n|\n|turn|37\n|choice||\n|\n|move|p1a: Excadrill|Swords Dance|p1a: Excadrill\n|-fail|p1a: Excadrill\n|move|p2a: Raptor|Counter|p1a: Excadrill\n|-fail|p1a: Excadrill\n|\n|turn|38\n|choice||\n|\n|move|p1a: Excadrill|Earthquake|p2a: Raptor\n|-immune|p2a: Raptor|[msg]\n|move|p2a: Raptor|Counter|p1a: Excadrill\n|-fail|p1a: Excadrill\n|\n|turn|39\n|choice||\n|\n|move|p1a: Excadrill|Earthquake|p2a: Raptor\n|-immune|p2a: Raptor|[msg]\n|move|p2a: Raptor|Counter|p1a: Excadrill\n|-fail|p1a: Excadrill\n|\n|turn|40\n|choice||\n|\n|move|p1a: Excadrill|Swords Dance|p1a: Excadrill\n|-fail|p1a: Excadrill\n|move|p2a: Raptor|Counter|p1a: Excadrill\n|-fail|p1a: Excadrill\n|\n|turn|41\n|choice||\n|\n|move|p1a: Excadrill|Earthquake|p2a: Raptor\n|-immune|p2a: Raptor|[msg]\n|move|p2a: Raptor|Counter|p1a: Excadrill\n|-fail|p1a: Excadrill\n|\n|turn|42\n|choice||\n|\n|move|p1a: Excadrill|Earthquake|p2a: Raptor\n|-immune|p2a: Raptor|[msg]\n|move|p2a: Raptor|Counter|p1a: Excadrill\n|-fail|p1a: Excadrill\n|\n|turn|43\n|choice||\n|\n|switch|p2a: Torrent|Azumarill, M|100\/100\n|move|p1a: Excadrill|Swords Dance|p1a: Excadrill\n|-fail|p1a: Excadrill\n|\n|turn|44\n|choice||\n|\n|switch|p1a: Garchomp|Garchomp, M|73\/100 slp\n|-damage|p1a: Garchomp|48\/100 slp|[from] Spikes\n|move|p2a: Torrent|Aqua Jet|p1a: Garchomp\n|-damage|p1a: Garchomp|22\/100 slp\n|-damage|p2a: Torrent|88\/100|[from] ability: Rough Skin|[of] p1a: Garchomp\n|-damage|p2a: Torrent|72\/100|[from] item: Rocky Helmet|[of] p1a: Garchomp\n|\n|turn|45\n|c|\u2605Amaterus|YES\n|choice||\n|\n|switch|p2a: Izo|Abomasnow-Mega, M, shiny|75\/100\n|-weather|Hail|[from] ability: Snow Warning|[of] p2a: Izo\n|cant|p1a: Garchomp|slp\n|\n|-weather|Hail|[upkeep]\n|-damage|p1a: Garchomp|16\/100 slp|[from] hail\n|turn|46\n|c|\u2605Amaterus|:]\n|choice||\n|\n|switch|p1a: Tyranitar|Tyranitar, M|60\/100\n|-damage|p1a: Tyranitar|35\/100|[from] Spikes\n|-weather|Sandstorm|[from] ability: Sand Stream|[of] p1a: Tyranitar\n|move|p2a: Izo|Ice Shard|p1a: Tyranitar\n|-damage|p1a: Tyranitar|14\/100\n|\n|-weather|Sandstorm|[upkeep]\n|-damage|p2a: Izo|69\/100|[from] sandstorm\n|turn|47\n|c|\u2605Amaterus|Yes i'm going to pull it off\n|c|\u2605Olden Polynice|NOOOOOOOOOOO\n|c|\u2605Olden Polynice|MY LIFE WILL BE OVER\n|c|\u2605Olden Polynice|I WILL HANG MYSELF ON TWITTER\n|c|\u2605Olden Polynice|IF I LOSE\n|choice||\n|\n|switch|p1a: Garchomp|Garchomp, M|16\/100 slp\n|-damage|p1a: Garchomp|0 fnt|[from] Spikes\n|faint|p1a: Garchomp\n|move|p2a: Izo|Ice Shard|p1: Garchomp|[notarget]\n|-notarget\n|\n|-weather|Sandstorm|[upkeep]\n|-damage|p2a: Izo|63\/100|[from] sandstorm\n|-message|Olden Polynice forfeited.\n|\n|win|Amaterus\n|player|p1\n|player|p2\n|l|Olden Polynice\n|raw|Olden Polynice's rating: 1707 &rarr; <strong>1684<\/strong><br \/>(-23 for losing)\n|raw|Amaterus's rating: 1652 &rarr; <strong>1675<\/strong><br \/>(+23 for winning)","inputlog":null,"uploadtime":1464311879,"views":112,"p1id":"oldenpolynice","p2id":"amaterus","formatid":"ou","rating":1675,"private":0,"password":null}