{"id":"ou-377753871","p1":"hauntersnightmare","p2":"FirstDier","format":"ou","log":"|j|hauntersnightmare\n|j|FirstDier\n|player|p1|hauntersnightmare|153\n|player|p2|FirstDier|39\n|gametype|singles\n|gen|6\n|tier|OU\n|seed|\n|clearpoke\n|poke|p1|Pinsir, M|item\n|poke|p1|Rotom-Wash|item\n|poke|p1|Skarmory, M|item\n|poke|p1|Landorus-Therian, M|item\n|poke|p1|Celebi|item\n|poke|p1|Starmie, shiny|item\n|poke|p2|Medicham, F|item\n|poke|p2|Clefable, M|item\n|poke|p2|Excadrill, F|item\n|poke|p2|Nidoking, M|item\n|poke|p2|Tornadus-Therian, M|item\n|poke|p2|Slowking, M|item\n|rule|Swagger Clause: Swagger is banned\n|rule|Baton Pass Clause: Limit one Baton Passer, can't pass Spe and other stats simultaneously\n|rule|Sleep Clause Mod: Limit one foe put to sleep\n|rule|Species Clause: Limit one of each Pok\u00e9mon\n|rule|OHKO Clause: OHKO moves are banned\n|rule|Moody Clause: Moody is banned\n|rule|Evasion Moves Clause: Evasion moves are banned\n|rule|Endless Battle Clause: Forcing endless battles is banned\n|rule|HP Percentage Mod: HP is shown in percentages\n|teampreview\n|c|\u2605hauntersnightmare|hold on gonna post in chat\n|c|\u2605hauntersnightmare|haha\n|c|\u2605hauntersnightmare|gl hf man\n|j|Arif's IP\n|c|\u2605FirstDier|u 2 m8\n|l|Arif's IP\n|j|Ilirawsome\n|j|marty13612\n|choice||\n|\n|start\n|switch|p1a: Robin Williams|Landorus-Therian, M|100\/100\n|switch|p2a: Shakespeare|Tornadus-Therian, M|100\/100\n|-ability|p1a: Robin Williams|Intimidate|boost\n|-unboost|p2a: Shakespeare|atk|1\n|turn|1\n|c| Ilirawsome|Good luck\n|c|\u2605hauntersnightmare|you too!\n|c|\u2605hauntersnightmare|;)\n|choice||\n|\n|move|p2a: Shakespeare|U-turn|p1a: Robin Williams\n|-resisted|p1a: Robin Williams\n|-damage|p1a: Robin Williams|95\/100\n|choice||\n|\n|switch|p2a: King Kush|Slowking, M|100\/100\n|move|p1a: Robin Williams|Knock Off|p2a: King Kush\n|-supereffective|p2a: King Kush\n|-damage|p2a: King Kush|56\/100\n|-enditem|p2a: King Kush|Leftovers|[from] move: Knock Off|[of] p1a: Robin Williams\n|\n|-heal|p1a: Robin Williams|100\/100|[from] item: Leftovers\n|turn|2\n|choice||\n|\n|move|p1a: Robin Williams|U-turn|p2a: King Kush\n|-supereffective|p2a: King Kush\n|-damage|p2a: King Kush|26\/100\n|choice||\n|\n|switch|p1a: Spaceman Spiff|Celebi|100\/100\n|move|p2a: King Kush|Toxic|p1a: Spaceman Spiff\n|-status|p1a: Spaceman Spiff|tox\n|\n|-damage|p1a: Spaceman Spiff|94\/100 tox|[from] psn\n|turn|3\n|choice||\n|\n|switch|p2a: Shakespeare|Tornadus-Therian, M|100\/100\n|move|p1a: Spaceman Spiff|Substitute|p1a: Spaceman Spiff\n|-start|p1a: Spaceman Spiff|Substitute\n|-damage|p1a: Spaceman Spiff|69\/100 tox\n|\n|-heal|p1a: Spaceman Spiff|76\/100 tox|[from] item: Leftovers\n|-damage|p1a: Spaceman Spiff|63\/100 tox|[from] psn\n|turn|4\n|choice||\n|\n|move|p2a: Shakespeare|Knock Off|p1a: Spaceman Spiff\n|-supereffective|p1a: Spaceman Spiff\n|-end|p1a: Spaceman Spiff|Substitute\n|move|p1a: Spaceman Spiff|Baton Pass|p1a: Spaceman Spiff\n|choice||\n|\n|-curestatus|p1a: Spaceman Spiff|tox|[from] ability: Natural Cure\n|switch|p1a: Robin Williams|Landorus-Therian, M|100\/100\n|-ability|p1a: Robin Williams|Intimidate|boost\n|-unboost|p2a: Shakespeare|atk|1\n|\n|turn|5\n|choice||\n|\n|move|p2a: Shakespeare|Knock Off|p1a: Robin Williams\n|-damage|p1a: Robin Williams|86\/100\n|-enditem|p1a: Robin Williams|Leftovers|[from] move: Knock Off|[of] p2a: Shakespeare\n|move|p1a: Robin Williams|Knock Off|p2a: Shakespeare\n|-damage|p2a: Shakespeare|50\/100\n|-enditem|p2a: Shakespeare|Assault Vest|[from] move: Knock Off|[of] p1a: Robin Williams\n|\n|turn|6\n|choice||\n|\n|move|p2a: Shakespeare|U-turn|p1a: Robin Williams\n|-resisted|p1a: Robin Williams\n|-damage|p1a: Robin Williams|82\/100\n|choice||\n|\n|switch|p2a: King Kush|Slowking, M|59\/100\n|move|p1a: Robin Williams|U-turn|p2a: King Kush\n|-supereffective|p2a: King Kush\n|-damage|p2a: King Kush|28\/100\n|choice||\n|\n|switch|p1a: Sweeperella|Pinsir, M|100\/100\n|\n|turn|7\n|choice||\n|\n|detailschange|p1a: Sweeperella|Pinsir-Mega, M\n|-mega|p1a: Sweeperella|Pinsir|Pinsirite\n|move|p1a: Sweeperella|Frustration|p2a: King Kush\n|-damage|p2a: King Kush|0 fnt\n|faint|p2a: King Kush\n|\n|choice||\n|\n|switch|p2a: Namaste Bro|Medicham, F|100\/100\n|turn|8\n|choice||\n|\n|switch|p1a: Ex Wife|Starmie, shiny|100\/100\n|detailschange|p2a: Namaste Bro|Medicham-Mega, F\n|-mega|p2a: Namaste Bro|Medicham|Medichamite\n|move|p2a: Namaste Bro|Fake Out|p1a: Ex Wife\n|-damage|p1a: Ex Wife|75\/100\n|\n|-heal|p1a: Ex Wife|81\/100|[from] item: Leftovers\n|turn|9\n|choice||\n|\n|move|p1a: Ex Wife|Thunder Wave|p2a: Namaste Bro\n|-status|p2a: Namaste Bro|par\n|move|p2a: Namaste Bro|High Jump Kick|p1a: Ex Wife\n|-resisted|p1a: Ex Wife\n|-damage|p1a: Ex Wife|19\/100\n|\n|-heal|p1a: Ex Wife|25\/100|[from] item: Leftovers\n|turn|10\n|c|\u2605hauntersnightmare|I dunno why I did that though\n|choice||\n|\n|switch|p1a: Robin Williams|Landorus-Therian, M|82\/100\n|-ability|p1a: Robin Williams|Intimidate|boost\n|-unboost|p2a: Namaste Bro|atk|1\n|move|p2a: Namaste Bro|Ice Punch|p1a: Robin Williams\n|-supereffective|p1a: Robin Williams\n|-crit|p1a: Robin Williams\n|-damage|p1a: Robin Williams|0 fnt\n|faint|p1a: Robin Williams\n|\n|choice||\n|\n|switch|p1a: Sweeperella|Pinsir-Mega, M|100\/100\n|turn|11\n|choice||\n|\n|switch|p2a: Shakespeare|Tornadus-Therian, M|83\/100\n|move|p1a: Sweeperella|Frustration|p2a: Shakespeare\n|-crit|p2a: Shakespeare\n|-damage|p2a: Shakespeare|0 fnt\n|faint|p2a: Shakespeare\n|\n|choice||\n|\n|switch|p2a: Nickname|Excadrill, F|100\/100\n|-ability|p2a: Nickname|Mold Breaker\n|turn|12\n|choice||\n|\n|switch|p1a: Tweety|Skarmory, M|100\/100\n|move|p2a: Nickname|Rock Slide|p1a: Tweety\n|-damage|p1a: Tweety|80\/100\n|\n|turn|13\n|choice||\n|\n|switch|p2a: No Ma'am|Nidoking, M|100\/100\n|move|p1a: Tweety|Taunt|p2a: No Ma'am\n|-start|p2a: No Ma'am|move: Taunt\n|\n|turn|14\n|c| Ilirawsome|Eh, there was my old mon\n|choice||\n|\n|switch|p1a: Kenmoar|Rotom-Wash|100\/100\n|move|p2a: No Ma'am|Thunderbolt|p1a: Kenmoar\n|-damage|p1a: Kenmoar|66\/100\n|\n|-heal|p1a: Kenmoar|73\/100|[from] item: Leftovers\n|turn|15\n|choice||\n|\n|switch|p2a: Metro Boomin|Clefable, M|100\/100\n|move|p1a: Kenmoar|Hydro Pump|p2a: Metro Boomin\n|-damage|p2a: Metro Boomin|61\/100\n|\n|-heal|p1a: Kenmoar|79\/100|[from] item: Leftovers\n|-heal|p2a: Metro Boomin|68\/100|[from] item: Leftovers\n|turn|16\n|choice||\n|\n|move|p1a: Kenmoar|Volt Switch|p2a: Metro Boomin\n|-damage|p2a: Metro Boomin|44\/100\n|choice||\n|\n|switch|p1a: Tweety|Skarmory, M|80\/100\n|move|p2a: Metro Boomin|Calm Mind|p2a: Metro Boomin\n|-boost|p2a: Metro Boomin|spa|1\n|-boost|p2a: Metro Boomin|spd|1\n|\n|-heal|p2a: Metro Boomin|50\/100|[from] item: Leftovers\n|turn|17\n|choice||\n|\n|move|p1a: Tweety|Iron Head|p2a: Metro Boomin\n|-supereffective|p2a: Metro Boomin\n|-damage|p2a: Metro Boomin|13\/100\n|move|p2a: Metro Boomin|Soft-Boiled|p2a: Metro Boomin\n|-heal|p2a: Metro Boomin|63\/100\n|\n|-heal|p2a: Metro Boomin|69\/100|[from] item: Leftovers\n|turn|18\n|choice||\n|\n|move|p1a: Tweety|Taunt|p2a: Metro Boomin\n|-start|p2a: Metro Boomin|move: Taunt\n|cant|p2a: Metro Boomin|move: Taunt|Heal Bell\n|\n|-heal|p2a: Metro Boomin|75\/100|[from] item: Leftovers\n|turn|19\n|choice||\n|\n|switch|p2a: Nickname|Excadrill, F|100\/100\n|-ability|p2a: Nickname|Mold Breaker\n|move|p1a: Tweety|Roost|p1a: Tweety\n|-heal|p1a: Tweety|100\/100\n|\n|turn|20\n|choice||\n|\n|switch|p1a: Kenmoar|Rotom-Wash|79\/100\n|move|p2a: Nickname|Rock Slide|p1a: Kenmoar\n|-damage|p1a: Kenmoar|51\/100\n|\n|-heal|p1a: Kenmoar|57\/100|[from] item: Leftovers\n|turn|21\n|choice||\n|\n|switch|p2a: Metro Boomin|Clefable, M|75\/100\n|move|p1a: Kenmoar|Volt Switch|p2a: Metro Boomin\n|-damage|p2a: Metro Boomin|53\/100\n|choice||\n|\n|switch|p1a: Sweeperella|Pinsir-Mega, M|100\/100\n|\n|-heal|p2a: Metro Boomin|59\/100|[from] item: Leftovers\n|turn|22\n|choice||\n|\n|move|p1a: Sweeperella|Frustration|p2a: Metro Boomin\n|-damage|p2a: Metro Boomin|1\/100\n|move|p2a: Metro Boomin|Heal Bell|p2a: Metro Boomin\n|-cureteam|p2a: Metro Boomin|[from] move: Heal Bell\n|\n|-heal|p2a: Metro Boomin|7\/100|[from] item: Leftovers\n|turn|23\n|choice||\n|\n|move|p1a: Sweeperella|Close Combat|p2a: Metro Boomin\n|-resisted|p2a: Metro Boomin\n|-damage|p2a: Metro Boomin|0 fnt\n|-unboost|p1a: Sweeperella|def|1\n|-unboost|p1a: Sweeperella|spd|1\n|faint|p2a: Metro Boomin\n|\n|choice||\n|\n|switch|p2a: Namaste Bro|Medicham-Mega, F|100\/100\n|turn|24\n|choice||\n|\n|switch|p1a: Kenmoar|Rotom-Wash|57\/100\n|move|p2a: Namaste Bro|Fake Out|p1a: Kenmoar\n|-damage|p1a: Kenmoar|36\/100\n|\n|-heal|p1a: Kenmoar|42\/100|[from] item: Leftovers\n|turn|25\n|choice||\n|\n|move|p2a: Namaste Bro|High Jump Kick|p1a: Kenmoar\n|-damage|p1a: Kenmoar|0 fnt\n|faint|p1a: Kenmoar\n|\n|choice||\n|\n|switch|p1a: Sweeperella|Pinsir-Mega, M|100\/100\n|turn|26\n|choice||\n|\n|move|p1a: Sweeperella|Frustration|p2a: Namaste Bro\n|-supereffective|p2a: Namaste Bro\n|-damage|p2a: Namaste Bro|0 fnt\n|faint|p2a: Namaste Bro\n|\n|choice||\n|\n|switch|p2a: Nickname|Excadrill, F|100\/100\n|-ability|p2a: Nickname|Mold Breaker\n|turn|27\n|choice||\n|\n|switch|p1a: Tweety|Skarmory, M|100\/100\n|move|p2a: Nickname|Rock Slide|p1a: Tweety\n|-damage|p1a: Tweety|80\/100\n|\n|turn|28\n|choice||\n|\n|move|p2a: Nickname|Rock Slide|p1a: Tweety\n|-damage|p1a: Tweety|59\/100\n|move|p1a: Tweety|Roost|p1a: Tweety\n|-heal|p1a: Tweety|100\/100\n|\n|turn|29\n|choice||\n|\n|switch|p2a: No Ma'am|Nidoking, M|100\/100\n|move|p1a: Tweety|Iron Head|p2a: No Ma'am\n|-damage|p2a: No Ma'am|67\/100\n|\n|turn|30\n|choice||\n|\n|move|p2a: No Ma'am|Stealth Rock|p1a: Tweety\n|-sidestart|p1: hauntersnightmare|move: Stealth Rock\n|move|p1a: Tweety|Iron Head|p2a: No Ma'am\n|-damage|p2a: No Ma'am|38\/100\n|\n|turn|31\n|choice||\n|\n|switch|p1a: Spaceman Spiff|Celebi|63\/100\n|-damage|p1a: Spaceman Spiff|51\/100|[from] Stealth Rock\n|move|p2a: No Ma'am|Flamethrower|p1a: Spaceman Spiff\n|-supereffective|p1a: Spaceman Spiff\n|-damage|p1a: Spaceman Spiff|0 fnt\n|faint|p1a: Spaceman Spiff\n|\n|choice||\n|\n|switch|p1a: Ex Wife|Starmie, shiny|25\/100\n|-damage|p1a: Ex Wife|13\/100|[from] Stealth Rock\n|turn|32\n|choice||\n|\n|move|p1a: Ex Wife|Scald|p2a: No Ma'am\n|-supereffective|p2a: No Ma'am\n|-damage|p2a: No Ma'am|0 fnt\n|faint|p2a: No Ma'am\n|\n|-heal|p1a: Ex Wife|19\/100|[from] item: Leftovers\n|choice||\n|\n|switch|p2a: Nickname|Excadrill, F|100\/100\n|-ability|p2a: Nickname|Mold Breaker\n|turn|33\n|choice||\n|\n|move|p2a: Nickname|Rock Slide|p1a: Ex Wife\n|-damage|p1a: Ex Wife|0 fnt\n|faint|p1a: Ex Wife\n|\n|choice||\n|\n|switch|p1a: Tweety|Skarmory, M|100\/100\n|-damage|p1a: Tweety|88\/100|[from] Stealth Rock\n|turn|34\n|choice||\n|\n|move|p2a: Nickname|Rock Slide|p1a: Tweety\n|-damage|p1a: Tweety|67\/100\n|move|p1a: Tweety|Roost|p1a: Tweety\n|-heal|p1a: Tweety|100\/100\n|\n|turn|35\n|c| marty13612|flinch pls\n|c|\u2605FirstDier|I would have to get fitz lucky to win\n|c|\u2605FirstDier|3 flinches in a row\n|choice||\n|\n|move|p2a: Nickname|Rock Slide|p1a: Tweety\n|-damage|p1a: Tweety|80\/100\n|cant|p1a: Tweety|flinch\n|\n|turn|36\n|c|\u2605FirstDier|comon\n|choice||\n|\n|move|p2a: Nickname|Rock Slide|p1a: Tweety\n|-damage|p1a: Tweety|58\/100\n|cant|p1a: Tweety|flinch\n|\n|turn|37\n|c|\u2605hauntersnightmare|or crits too\n|choice||\n|\n|move|p2a: Nickname|Rock Slide|p1a: Tweety\n|-crit|p1a: Tweety\n|-damage|p1a: Tweety|29\/100\n|move|p1a: Tweety|Roost|p1a: Tweety\n|-heal|p1a: Tweety|79\/100\n|\n|turn|38\n|c|\u2605FirstDier|no\n|c| marty13612|so close\n|c|\u2605FirstDier|not crits\n|c| Ilirawsome|Lol 2 flinches and a crit\n|c|\u2605FirstDier|switch out pinsir for a sec\n|c|\u2605FirstDier|come on\n|c|\u2605FirstDier|pls\n|c|\u2605hauntersnightmare|heart was racing\n|choice||\n|\n|move|p2a: Nickname|Rock Slide|p1a: Tweety\n|-damage|p1a: Tweety|60\/100\n|cant|p1a: Tweety|flinch\n|\n|turn|39\n|choice||\n|\n|move|p2a: Nickname|Rock Slide|p1a: Tweety\n|-damage|p1a: Tweety|40\/100\n|move|p1a: Tweety|Roost|p1a: Tweety\n|-heal|p1a: Tweety|90\/100\n|\n|turn|40\n|choice||\n|\n|move|p2a: Nickname|Rock Slide|p1a: Tweety\n|-damage|p1a: Tweety|67\/100\n|move|p1a: Tweety|Roost|p1a: Tweety\n|-heal|p1a: Tweety|100\/100\n|\n|turn|41\n|c|\u2605FirstDier|just for the last rock slide\n|c|\u2605FirstDier|come1 do a bro a favour lol\n|choice||\n|\n|move|p2a: Nickname|Rock Slide|p1a: Tweety\n|-damage|p1a: Tweety|81\/100\n|move|p1a: Tweety|Roost|p1a: Tweety\n|-heal|p1a: Tweety|100\/100\n|\n|turn|42\n|c|\u2605hauntersnightmare|lmao\n|choice||\n|\n|move|p2a: Nickname|Rock Slide|p1a: Tweety\n|-damage|p1a: Tweety|80\/100\n|move|p1a: Tweety|Roost|p1a: Tweety\n|-heal|p1a: Tweety|100\/100\n|\n|turn|43\n|choice||\n|\n|move|p2a: Nickname|Rock Slide|p1a: Tweety\n|-damage|p1a: Tweety|80\/100\n|move|p1a: Tweety|Roost|p1a: Tweety\n|-heal|p1a: Tweety|100\/100\n|\n|turn|44\n|choice||\n|\n|move|p2a: Nickname|Rock Slide|p1a: Tweety\n|-damage|p1a: Tweety|81\/100\n|move|p1a: Tweety|Roost|p1a: Tweety\n|-heal|p1a: Tweety|100\/100\n|\n|turn|45\n|choice||\n|\n|-activate|p2a: Nickname|move: Struggle\n|move|p2a: Nickname|Struggle|p1a: Tweety\n|-damage|p1a: Tweety|87\/100\n|-damage|p2a: Nickname|84\/100|[from] item: Rocky Helmet|[of] p1a: Tweety\n|-damage|p2a: Nickname|59\/100|[from] recoil\n|move|p1a: Tweety|Roost|p1a: Tweety\n|-heal|p1a: Tweety|100\/100\n|\n|turn|46\n|c|\u2605FirstDier|gg\n|c| Ilirawsome|This hurts to watch\n|c|\u2605FirstDier|wp\n|choice||\n|\n|-activate|p2a: Nickname|move: Struggle\n|move|p2a: Nickname|Struggle|p1a: Tweety\n|-damage|p1a: Tweety|87\/100\n|-damage|p2a: Nickname|42\/100|[from] item: Rocky Helmet|[of] p1a: Tweety\n|-damage|p2a: Nickname|17\/100|[from] recoil\n|move|p1a: Tweety|Roost|p1a: Tweety\n|-heal|p1a: Tweety|100\/100\n|\n|turn|47\n|c| Ilirawsome|gg\n|c|\u2605hauntersnightmare|thx you too man\n|c|\u2605hauntersnightmare|gg\n|choice||\n|\n|switch|p1a: Sweeperella|Pinsir-Mega, M|100\/100\n|-damage|p1a: Sweeperella|51\/100|[from] Stealth Rock\n|-activate|p2a: Nickname|move: Struggle\n|move|p2a: Nickname|Struggle|p1a: Sweeperella\n|-damage|p1a: Sweeperella|31\/100\n|-damage|p2a: Nickname|0 fnt|[from] recoil\n|faint|p2a: Nickname\n|\n|win|hauntersnightmare\n|player|p1\n|player|p2\n|c|\u2605FirstDier|wow\n|l|FirstDier\n|c|\u2605hauntersnightmare|thats a kill for pinsir right?\n|c| Ilirawsome|Technically Pinsir didn't kill so I assume no, but idk","inputlog":null,"uploadtime":1464229286,"views":15,"p1id":"hauntersnightmare","p2id":"firstdier","formatid":"ou","rating":0,"private":0,"password":null}