{"id":"ou-376282110","p1":"Amaterus","p2":"xxempoleonlovex x","format":"ou","log":"|j|Amaterus\n|j|xxempoleonlovex x\n|player|p1|Amaterus|#zinnia\n|player|p2|xxempoleonlovex x|2\n|gametype|singles\n|gen|6\n|tier|OU\n|rated\n|seed|\n|clearpoke\n|poke|p1|Hippowdon, M|item\n|poke|p1|Diancie|item\n|poke|p1|Thundurus, M, shiny|item\n|poke|p1|Tentacruel, M, shiny|item\n|poke|p1|Celebi|item\n|poke|p1|Skarmory, M, shiny|item\n|poke|p2|Landorus-Therian, M|item\n|poke|p2|Heatran, F|item\n|poke|p2|Gengar, F|item\n|poke|p2|Suicune|item\n|poke|p2|Medicham, M|item\n|poke|p2|Latios, M|item\n|rule|Swagger Clause: Swagger is banned\n|rule|Baton Pass Clause: Limit one Baton Passer, can't pass Spe and other stats simultaneously\n|rule|Sleep Clause Mod: Limit one foe put to sleep\n|rule|Species Clause: Limit one of each Pok\u00e9mon\n|rule|OHKO Clause: OHKO moves are banned\n|rule|Moody Clause: Moody is banned\n|rule|Evasion Moves Clause: Evasion moves are banned\n|rule|Endless Battle Clause: Forcing endless battles is banned\n|rule|HP Percentage Mod: HP is shown in percentages\n|teampreview\n|j|HxH Hisoka\n|c| HxH Hisoka|\"eh i still win whatevs'\n|c|\u2605Amaterus|yeah i do\n|c| HxH Hisoka|lmaoo\n|c|\u2605Amaterus|against him\n|c|\u2605Amaterus|xD\n|c| HxH Hisoka|i cant stop laughuing\n|j|Flexxin\n|c| HxH Hisoka|you lost\n|c| HxH Hisoka|haha\n|c|\u2605Amaterus|u spelled\n|c| HxH Hisoka|you said\n|c|\u2605Amaterus|laughing wrong\n|c| HxH Hisoka|\"eh i still win whatevs'\n|c| HxH Hisoka|and then had to eat ur foot\n|c| HxH Hisoka|and then had to eat ur foot\nAmaterus turned on modjoin.\n|raw|<div class=\"broadcast-red\"><b>Moderated chat was set to +!<\/b><br \/>Only users of rank + and higher can talk.<\/div>\nAmaterus made this room hidden.\nHxH Hisoka was promoted to Room Voice by xxempoleonlovex x.\n|c|+HxH Hisoka|thanks you\n|c|+HxH Hisoka|lol\n|choice||\n|\n|start\n|switch|p1a: Navel Rock|Diancie|100\/100\n|switch|p2a: charge|Suicune|100\/100\n|-ability|p2a: charge|Pressure\n|turn|1\n|c|+HxH Hisoka|do flexxin too pls\n|choice||\n|\n|move|p1a: Navel Rock|Moonblast|p2a: charge\n|-damage|p2a: charge|70\/100\n|move|p2a: charge|Scald|p1a: Navel Rock\n|-supereffective|p1a: Navel Rock\n|-damage|p1a: Navel Rock|48\/100\n|\n|-heal|p2a: charge|76\/100|[from] item: Leftovers\n|turn|2\n|choice||\n|\n|detailschange|p1a: Navel Rock|Diancie-Mega\n|-mega|p1a: Navel Rock|Diancie|Diancite\n|move|p1a: Navel Rock|Protect|p1a: Navel Rock\n|-singleturn|p1a: Navel Rock|Protect\n|move|p2a: charge|Scald|p1a: Navel Rock\n|-activate|p1a: Navel Rock|Protect\n|\n|-heal|p2a: charge|82\/100|[from] item: Leftovers\n|turn|3\n|choice||\n|\n|switch|p1a: Kraken|Tentacruel, M, shiny|100\/100\n|move|p2a: charge|Scald|p1a: Kraken\n|-resisted|p1a: Kraken\n|-damage|p1a: Kraken|90\/100\n|\n|-heal|p1a: Kraken|96\/100|[from] item: Black Sludge\n|-heal|p2a: charge|89\/100|[from] item: Leftovers\n|turn|4\n|choice||\n|\n|move|p1a: Kraken|Toxic Spikes|p2a: charge\n|-sidestart|p2: xxempoleonlovex x|move: Toxic Spikes\n|move|p2a: charge|Scald|p1a: Kraken\n|-resisted|p1a: Kraken\n|-damage|p1a: Kraken|86\/100\n|\n|-heal|p1a: Kraken|93\/100|[from] item: Black Sludge\n|-heal|p2a: charge|95\/100|[from] item: Leftovers\n|turn|5\n|choice||\n|\n|switch|p1a: Hades|Hippowdon, M|100\/100\n|-weather|Sandstorm|[from] ability: Sand Stream|[of] p1a: Hades\n|move|p2a: charge|Scald|p1a: Hades\n|-supereffective|p1a: Hades\n|-damage|p1a: Hades|63\/100\n|-status|p1a: Hades|brn\n|\n|-weather|Sandstorm|[upkeep]\n|-damage|p2a: charge|89\/100|[from] sandstorm\n|-heal|p2a: charge|95\/100|[from] item: Leftovers\n|-heal|p1a: Hades|69\/100 brn|[from] item: Leftovers\n|-damage|p1a: Hades|57\/100 brn|[from] brn\n|turn|6\n|c|+HxH Hisoka|can you promote flexxin as well pls\n|c|\u2605xxempoleonlovex x|damn hes good\nFlexxin was promoted to Room Voice by xxempoleonlovex x.\n|c|+HxH Hisoka|kek i know riught\n|c|+Flexxin|siii\n|c|+HxH Hisoka|he was taling mad shit last game\n|choice||\n|\n|move|p2a: charge|Scald|p1a: Hades\n|-supereffective|p1a: Hades\n|-damage|p1a: Hades|18\/100 brn\n|move|p1a: Hades|Toxic|p2a: charge\n|-status|p2a: charge|tox\n|\n|-weather|Sandstorm|[upkeep]\n|-damage|p2a: charge|89\/100 tox|[from] sandstorm\n|-heal|p2a: charge|95\/100 tox|[from] item: Leftovers\n|-heal|p1a: Hades|24\/100 brn|[from] item: Leftovers\n|-damage|p2a: charge|89\/100 tox|[from] psn\n|-damage|p1a: Hades|12\/100 brn|[from] brn\n|turn|7\n|c|+Flexxin|thanks papi chuuu\n|c|+HxH Hisoka|and got tossed on his neck\n|c|+HxH Hisoka|by flexxin\n|c|+HxH Hisoka|ol boy straight said\n|choice||\n|\n|switch|p1a: Kraken|Tentacruel, M, shiny|93\/100\n|move|p2a: charge|Scald|p1a: Kraken\n|-resisted|p1a: Kraken\n|-damage|p1a: Kraken|83\/100\n|\n|-weather|Sandstorm|[upkeep]\n|-damage|p1a: Kraken|77\/100|[from] sandstorm\n|-damage|p2a: charge|82\/100 tox|[from] sandstorm\n|-heal|p1a: Kraken|83\/100|[from] item: Black Sludge\n|-heal|p2a: charge|89\/100 tox|[from] item: Leftovers\n|-damage|p2a: charge|76\/100 tox|[from] psn\n|turn|8\n|choice||\n|\n|move|p1a: Kraken|Toxic Spikes|p2a: charge\n|-sidestart|p2: xxempoleonlovex x|move: Toxic Spikes\n|move|p2a: charge|Scald|p1a: Kraken\n|-resisted|p1a: Kraken\n|-damage|p1a: Kraken|72\/100\n|\n|-weather|Sandstorm|[upkeep]\n|-damage|p1a: Kraken|66\/100|[from] sandstorm\n|-damage|p2a: charge|70\/100 tox|[from] sandstorm\n|-heal|p1a: Kraken|72\/100|[from] item: Black Sludge\n|-heal|p2a: charge|76\/100 tox|[from] item: Leftovers\n|-damage|p2a: charge|58\/100 tox|[from] psn\n|turn|9\n|c|+HxH Hisoka|\"eh i still win whatevs' at like the veru beginning\n|choice||\n|\n|switch|p1a: Navel Rock|Diancie-Mega|48\/100\n|move|p2a: charge|Rest|p2a: charge\n|-status|p2a: charge|slp\n|-heal|p2a: charge|100\/100 slp|[silent]\n|-status|p2a: charge|slp|[from] move: Rest\n|\n|-weather|none\n|turn|10\n|choice||\n|\n|move|p1a: Navel Rock|Moonblast|p2a: charge\n|-damage|p2a: charge|59\/100 slp\n|cant|p2a: charge|slp\n|move|p2a: charge|Sleep Talk|p2a: charge\n|move|p2a: charge|Rest|p2a: charge|[from]Sleep Talk\n|-fail|p2a: charge\n|\n|-heal|p2a: charge|65\/100 slp|[from] item: Leftovers\n|turn|11\n|c|+HxH Hisoka|and had no idea what could still happen\n|c|+HxH Hisoka|shit was too funny\n|choice||\n|\n|move|p1a: Navel Rock|Moonblast|p2a: charge\n|-damage|p2a: charge|20\/100 slp\n|-unboost|p2a: charge|spa|1\n|cant|p2a: charge|slp\n|move|p2a: charge|Sleep Talk|p2a: charge\n|move|p2a: charge|Rest|p2a: charge|[from]Sleep Talk\n|-fail|p2a: charge\n|\n|-heal|p2a: charge|26\/100 slp|[from] item: Leftovers\n|turn|12\n|choice||\n|\n|move|p1a: Navel Rock|Moonblast|p2a: charge\n|-damage|p2a: charge|0 fnt\n|faint|p2a: charge\n|\n|c|+Flexxin|wow\n|choice||\n|\n|switch|p2a: in|Gengar, F|100\/100\n|turn|13\n|c|+Flexxin|double rests\n|choice||\n|\n|switch|p1a: Hades|Hippowdon, M|12\/100 brn\n|-weather|Sandstorm|[from] ability: Sand Stream|[of] p1a: Hades\n|move|p2a: in|Shadow Ball|p1a: Hades\n|-damage|p1a: Hades|0 fnt\n|-damage|p2a: in|91\/100|[from] item: Life Orb\n|faint|p1a: Hades\n|\n|-weather|Sandstorm|[upkeep]\n|-damage|p2a: in|85\/100|[from] sandstorm\n|choice||\n|\n|switch|p1a: Thor|Thundurus, M, shiny|100\/100\n|turn|14\n|choice||\n|\n|switch|p2a: is|Heatran, F|100\/100\n|move|p1a: Thor|Substitute|p1a: Thor\n|-start|p1a: Thor|Substitute\n|-damage|p1a: Thor|76\/100\n|\n|-weather|Sandstorm|[upkeep]\n|-damage|p1a: Thor|70\/100|[from] sandstorm\n|-heal|p1a: Thor|76\/100|[from] item: Leftovers\n|turn|15\n|choice||\n|\n|move|p1a: Thor|Nasty Plot|p1a: Thor\n|-boost|p1a: Thor|spa|2\n|move|p2a: is|Lava Plume|p1a: Thor\n|-end|p1a: Thor|Substitute\n|\n|-weather|Sandstorm|[upkeep]\n|-damage|p1a: Thor|70\/100|[from] sandstorm\n|-heal|p1a: Thor|76\/100|[from] item: Leftovers\n|turn|16\n|choice||\n|\n|switch|p2a: ary|Landorus-Therian, M|100\/100\n|-ability|p2a: ary|Intimidate|boost\n|-unboost|p1a: Thor|atk|1\n|move|p1a: Thor|Thunderbolt|p2a: ary\n|-immune|p2a: ary|[msg]\n|\n|-weather|Sandstorm|[upkeep]\n|-damage|p1a: Thor|70\/100|[from] sandstorm\n|-heal|p1a: Thor|76\/100|[from] item: Leftovers\n|turn|17\n|choice||\n|\n|move|p1a: Thor|Substitute|p1a: Thor\n|-start|p1a: Thor|Substitute\n|-damage|p1a: Thor|51\/100\n|move|p2a: ary|Stone Edge|p1a: Thor\n|-supereffective|p1a: Thor\n|-end|p1a: Thor|Substitute\n|\n|-weather|none\n|-heal|p1a: Thor|57\/100|[from] item: Leftovers\n|turn|18\n|l|Amaterus\n|player|p1\n|j|Amaterus\n|player|p1|Amaterus|#zinnia\n|c|+Flexxin|are you the og empo love?\n|choice||\n|\n|switch|p1a: Raptor|Skarmory, M, shiny|100\/100\n|move|p2a: ary|Stone Edge|p1a: Raptor\n|-damage|p1a: Raptor|77\/100\n|\n|turn|19\n|c|+Flexxin|or just some fan\n|c|+Flexxin|tbh imo\n|choice||\n|\n|switch|p1a: Navel Rock|Diancie-Mega|48\/100\n|move|p2a: ary|Stone Edge|p1a: Navel Rock\n|-crit|p1a: Navel Rock\n|-damage|p1a: Navel Rock|0 fnt\n|faint|p1a: Navel Rock\n|\n|c|\u2605xxempoleonlovex x|im rea lone\n|choice||\n|\n|switch|p1a: Everette|Celebi|100\/100\n|turn|20\n|c|+HxH Hisoka|good playnice\n|c|\u2605xxempoleonlovex x|ty\n|choice||\n|\n|switch|p2a: is|Heatran, F|100\/100\n|move|p1a: Everette|Psychic|p2a: is\n|-resisted|p2a: is\n|-damage|p2a: is|90\/100\n|\n|-heal|p2a: is|96\/100|[from] item: Leftovers\n|turn|21\n|choice||\n|\n|move|p1a: Everette|Earth Power|p2a: is\n|-supereffective|p2a: is\n|-damage|p2a: is|38\/100\n|move|p2a: is|Lava Plume|p1a: Everette\n|-supereffective|p1a: Everette\n|-damage|p1a: Everette|57\/100\n|-status|p1a: Everette|brn\n|\n|-heal|p1a: Everette|63\/100 brn|[from] item: Leftovers\n|-heal|p2a: is|45\/100|[from] item: Leftovers\n|-damage|p1a: Everette|51\/100 brn|[from] brn\n|turn|22\n|choice||\n|\n|-curestatus|p1a: Everette|brn|[from] ability: Natural Cure\n|switch|p1a: Thor|Thundurus, M, shiny|57\/100\n|switch|p2a: bullying|Latios, M|100\/100\n|\n|-heal|p1a: Thor|63\/100|[from] item: Leftovers\n|turn|23\n|c|\u2605xxempoleonlovex x|oh no\n|choice||\n|\n|move|p1a: Thor|Substitute|p1a: Thor\n|-start|p1a: Thor|Substitute\n|-damage|p1a: Thor|38\/100\n|move|p2a: bullying|Psyshock|p1a: Thor\n|-end|p1a: Thor|Substitute\n|-damage|p2a: bullying|91\/100|[from] item: Life Orb\n|\n|-heal|p1a: Thor|44\/100|[from] item: Leftovers\n|turn|24\n|choice||\n|\n|switch|p1a: Raptor|Skarmory, M, shiny|77\/100\n|move|p2a: bullying|Psyshock|p1a: Raptor\n|-resisted|p1a: Raptor\n|-damage|p1a: Raptor|62\/100\n|-damage|p2a: bullying|81\/100|[from] item: Life Orb\n|\n|turn|25\n|choice||\n|\n|move|p2a: bullying|Hidden Power|p1a: Raptor\n|-supereffective|p1a: Raptor\n|-damage|p1a: Raptor|0 fnt\n|-damage|p2a: bullying|71\/100|[from] item: Life Orb\n|faint|p1a: Raptor\n|\n|choice||\n|\n|switch|p1a: Thor|Thundurus, M, shiny|44\/100\n|turn|26\n|c|+HxH Hisoka|lol what is this clown doing?\n|choice||\n|\n|move|p1a: Thor|Substitute|p1a: Thor\n|-start|p1a: Thor|Substitute\n|-damage|p1a: Thor|19\/100\n|move|p2a: bullying|Psyshock|p1a: Thor\n|-end|p1a: Thor|Substitute\n|-damage|p2a: bullying|61\/100|[from] item: Life Orb\n|\n|-heal|p1a: Thor|25\/100|[from] item: Leftovers\n|turn|27\n|c|+Flexxin|ezz\n|choice||\n|\n|move|p1a: Thor|Hidden Power|p2a: bullying\n|-damage|p2a: bullying|28\/100\n|move|p2a: bullying|Psyshock|p1a: Thor\n|-damage|p1a: Thor|0 fnt\n|-damage|p2a: bullying|18\/100|[from] item: Life Orb\n|faint|p1a: Thor\n|\n|c|+HxH Hisoka|his name describes him well\n|choice||\n|\n|switch|p1a: Everette|Celebi|51\/100\n|turn|28\n|c|+HxH Hisoka|tbh\n|c|\u2605xxempoleonlovex x|its too easy\n|c|+Flexxin|omggg\n|c|+Flexxin|hp flyingg\n|choice||\n|\n|move|p2a: bullying|Draco Meteor|p1a: Everette\n|-damage|p1a: Everette|0 fnt\n|-unboost|p2a: bullying|spa|2\n|-damage|p2a: bullying|8\/100|[from] item: Life Orb\n|faint|p1a: Everette\n|\n|c|\u2605xxempoleonlovex x|GG\n|c|\u2605xxempoleonlovex x|EASY\n|c|+HxH Hisoka|a clean 5-0\n|c|+HxH Hisoka|nice\n|c|+Flexxin|who\n|c|+Flexxin|is\n|c|+Flexxin|amaterus\n|c|+Flexxin|?\n|c|+HxH Hisoka|ys\n|c|+HxH Hisoka|obv lol\n|choice||\n|\n|switch|p1a: Kraken|Tentacruel, M, shiny|72\/100\n|turn|29\n|c|+HxH Hisoka|his name is what he is\n|c|+HxH Hisoka|tbh\n|choice||\n|\n|move|p2a: bullying|Roost|p2a: bullying\n|-heal|p2a: bullying|58\/100\n|move|p1a: Kraken|Acid Spray|p2a: bullying\n|-damage|p2a: bullying|47\/100\n|-unboost|p2a: bullying|spd|2\n|\n|-heal|p1a: Kraken|79\/100|[from] item: Black Sludge\n|turn|30\n|c|+Flexxin|preservvveeee the 5-0\n|c|+Flexxin|plzzzz\n|choice||\n|\n|switch|p2a: of|Medicham, M|100\/100\n|-status|p2a: of|tox\n|move|p1a: Kraken|Acid Spray|p2a: of\n|-damage|p2a: of|79\/100 tox\n|-unboost|p2a: of|spd|2\n|\n|-heal|p1a: Kraken|85\/100|[from] item: Black Sludge\n|-damage|p2a: of|73\/100 tox|[from] psn\n|turn|31\n|choice||\n|\n|detailschange|p2a: of|Medicham-Mega, M\n|-mega|p2a: of|Medicham|Medichamite\n|move|p2a: of|Zen Headbutt|p1a: Kraken\n|-supereffective|p1a: Kraken\n|-damage|p1a: Kraken|0 fnt\n|faint|p1a: Kraken\n|\n|win|xxempoleonlovex x\n|player|p1\n|player|p2\n|l|Amaterus\n|raw|Amaterus's rating: 1831 &rarr; <strong>1806<\/strong><br \/>(-25 for losing)\n|raw|xxempoleonlovex x's rating: 1744 &rarr; <strong>1769<\/strong><br \/>(+25 for winning)\n|c|+Flexxin|ezz\n|c|\u2605xxempoleonlovex x|EZZZ","inputlog":null,"uploadtime":1463953755,"views":26,"p1id":"amaterus","p2id":"xxempoleonlovexx","formatid":"ou","rating":1769,"private":0,"password":null}