{"id":"ou-381109818","p1":"blackwing2198","p2":"Candice","format":"ou","log":"|j|blackwing2198\n|j|Candice\n|player|p1|blackwing2198|4\n|player|p2|Candice|79\n|gametype|singles\n|gen|6\n|tier|OU\n|rated\n|seed|\n|clearpoke\n|poke|p1|Magnezone|item\n|poke|p1|Latios, M|item\n|poke|p1|Diancie|item\n|poke|p1|Tangrowth, M|item\n|poke|p1|Jirachi|item\n|poke|p1|Dragonite, F|item\n|poke|p2|Altaria, F|item\n|poke|p2|Hippowdon, F|item\n|poke|p2|Excadrill, F|item\n|poke|p2|Manaphy|item\n|poke|p2|Ferrothorn, F|item\n|poke|p2|Talonflame, F|\n|rule|Swagger Clause: Swagger is banned\n|rule|Baton Pass Clause: Limit one Baton Passer, can't pass Spe and other stats simultaneously\n|rule|Sleep Clause Mod: Limit one foe put to sleep\n|rule|Species Clause: Limit one of each Pok\u00e9mon\n|rule|OHKO Clause: OHKO moves are banned\n|rule|Moody Clause: Moody is banned\n|rule|Evasion Moves Clause: Evasion moves are banned\n|rule|Endless Battle Clause: Forcing endless battles is banned\n|rule|HP Percentage Mod: HP is shown in percentages\n|teampreview\n|choice||\n|\n|start\n|switch|p1a: Magnezone|Magnezone|100\/100\n|switch|p2a: Powpow|Hippowdon, F|100\/100\n|-weather|Sandstorm|[from] ability: Sand Stream|[of] p2a: Powpow\n|turn|1\n|choice||\n|\n|switch|p1a: Tangrowth|Tangrowth, M|100\/100\n|move|p2a: Powpow|Stealth Rock|p1a: Tangrowth\n|-sidestart|p1: blackwing2198|move: Stealth Rock\n|\n|-weather|Sandstorm|[upkeep]\n|-damage|p1a: Tangrowth|94\/100|[from] sandstorm\n|turn|2\n|choice||\n|\n|switch|p2a: Miyu|Altaria, F|100\/100\n|-ability|p2a: Miyu|Cloud Nine\n|move|p1a: Tangrowth|Knock Off|p2a: Miyu\n|-crit|p2a: Miyu\n|-damage|p2a: Miyu|82\/100\n|\n|-weather|Sandstorm|[upkeep]\n|turn|3\n|choice||\n|\n|detailschange|p2a: Miyu|Altaria-Mega, F\n|-mega|p2a: Miyu|Altaria|Altarianite\n|move|p2a: Miyu|Flamethrower|p1a: Tangrowth\n|-supereffective|p1a: Tangrowth\n|-damage|p1a: Tangrowth|19\/100\n|move|p1a: Tangrowth|Toxic|p2a: Miyu\n|-status|p2a: Miyu|tox\n|\n|-weather|Sandstorm|[upkeep]\n|-damage|p2a: Miyu|76\/100 tox|[from] sandstorm\n|-damage|p1a: Tangrowth|13\/100|[from] sandstorm\n|-damage|p2a: Miyu|69\/100 tox|[from] psn\n|turn|4\n|choice||\n|\n|switch|p1a: Diancie|Diancie|100\/100\n|-damage|p1a: Diancie|88\/100|[from] Stealth Rock\n|move|p2a: Miyu|Heal Bell|p2a: Miyu\n|-cureteam|p2a: Miyu|[from] move: Heal Bell\n|\n|-weather|Sandstorm|[upkeep]\n|-damage|p2a: Miyu|63\/100|[from] sandstorm\n|turn|5\n|choice||\n|\n|switch|p2a: Powpow|Hippowdon, F|100\/100\n|detailschange|p1a: Diancie|Diancie-Mega\n|-mega|p1a: Diancie|Diancie|Diancite\n|move|p1a: Diancie|Stealth Rock|p2a: Powpow\n|-sidestart|p2: Candice|move: Stealth Rock\n|\n|-weather|none\n|turn|6\n|choice||\n|\n|switch|p1a: Tangrowth|Tangrowth, M|46\/100\n|-damage|p1a: Tangrowth|34\/100|[from] Stealth Rock\n|switch|p2a: Miyu|Altaria-Mega, F|63\/100\n|-damage|p2a: Miyu|51\/100|[from] Stealth Rock\n|\n|turn|7\n|choice||\n|\n|switch|p1a: Diancie|Diancie-Mega|88\/100\n|-damage|p1a: Diancie|76\/100|[from] Stealth Rock\n|move|p2a: Miyu|Flamethrower|p1a: Diancie\n|-resisted|p1a: Diancie\n|-damage|p1a: Diancie|58\/100\n|\n|turn|8\n|choice||\n|\n|switch|p2a: Spiky|Ferrothorn, F|100\/100\n|-damage|p2a: Spiky|94\/100|[from] Stealth Rock\n|move|p1a: Diancie|Moonblast|p2a: Spiky\n|-resisted|p2a: Spiky\n|-damage|p2a: Spiky|78\/100\n|-unboost|p2a: Spiky|spa|1\n|\n|-heal|p2a: Spiky|85\/100|[from] item: Leftovers\n|turn|9\n|choice||\n|\n|switch|p2a: Powpow|Hippowdon, F|100\/100\n|-damage|p2a: Powpow|94\/100|[from] Stealth Rock\n|-weather|Sandstorm|[from] ability: Sand Stream|[of] p2a: Powpow\n|move|p1a: Diancie|Diamond Storm|p2a: Powpow\n|-resisted|p2a: Powpow\n|-damage|p2a: Powpow|76\/100\n|-boost|p1a: Diancie|def|1\n|\n|-weather|Sandstorm|[upkeep]\n|-heal|p2a: Powpow|83\/100|[from] item: Leftovers\n|turn|10\n|choice||\n|\n|switch|p1a: Tangrowth|Tangrowth, M|67\/100\n|-damage|p1a: Tangrowth|54\/100|[from] Stealth Rock\n|move|p2a: Powpow|Stone Edge|p1a: Tangrowth\n|-damage|p1a: Tangrowth|42\/100\n|\n|-weather|Sandstorm|[upkeep]\n|-damage|p1a: Tangrowth|35\/100|[from] sandstorm\n|-heal|p2a: Powpow|89\/100|[from] item: Leftovers\n|turn|11\n|choice||\n|\n|switch|p2a: Miyu|Altaria-Mega, F|51\/100\n|-damage|p2a: Miyu|38\/100|[from] Stealth Rock\n|move|p1a: Tangrowth|Toxic|p2a: Miyu\n|-status|p2a: Miyu|tox\n|\n|-weather|Sandstorm|[upkeep]\n|-damage|p2a: Miyu|32\/100 tox|[from] sandstorm\n|-damage|p1a: Tangrowth|29\/100|[from] sandstorm\n|-damage|p2a: Miyu|26\/100 tox|[from] psn\n|turn|12\n|choice||\n|\n|switch|p1a: Diancie|Diancie-Mega|58\/100\n|-damage|p1a: Diancie|46\/100|[from] Stealth Rock\n|move|p2a: Miyu|Roost|p2a: Miyu\n|-heal|p2a: Miyu|76\/100 tox\n|\n|-weather|Sandstorm|[upkeep]\n|-damage|p2a: Miyu|70\/100 tox|[from] sandstorm\n|-damage|p2a: Miyu|57\/100 tox|[from] psn\n|turn|13\n|choice||\n|\n|switch|p2a: Spiky|Ferrothorn, F|85\/100\n|-damage|p2a: Spiky|78\/100|[from] Stealth Rock\n|move|p1a: Diancie|Moonblast|p2a: Spiky\n|-resisted|p2a: Spiky\n|-damage|p2a: Spiky|61\/100\n|\n|-weather|none\n|-heal|p2a: Spiky|68\/100|[from] item: Leftovers\n|turn|14\n|choice||\n|\n|move|p1a: Diancie|Moonblast|p2a: Spiky\n|-resisted|p2a: Spiky\n|-crit|p2a: Spiky\n|-damage|p2a: Spiky|43\/100\n|move|p2a: Spiky|Leech Seed|p1a: Diancie\n|move|p1a: Diancie|Leech Seed|p2a: Spiky|[from]Magic Bounce\n|-immune|p2a: Spiky|[msg]\n|\n|-heal|p2a: Spiky|49\/100|[from] item: Leftovers\n|turn|15\n|choice||\n|\n|move|p1a: Diancie|Moonblast|p2a: Spiky\n|-resisted|p2a: Spiky\n|-damage|p2a: Spiky|33\/100\n|move|p2a: Spiky|Leech Seed|p1a: Diancie\n|move|p1a: Diancie|Leech Seed|p2a: Spiky|[from]Magic Bounce\n|-immune|p2a: Spiky|[msg]\n|\n|-heal|p2a: Spiky|39\/100|[from] item: Leftovers\n|turn|16\n|choice||\n|\n|move|p1a: Diancie|Moonblast|p2a: Spiky\n|-resisted|p2a: Spiky\n|-damage|p2a: Spiky|22\/100\n|move|p2a: Spiky|Gyro Ball|p1a: Diancie\n|-supereffective|p1a: Diancie\n|-crit|p1a: Diancie\n|-damage|p1a: Diancie|0 fnt\n|faint|p1a: Diancie\n|\n|-heal|p2a: Spiky|28\/100|[from] item: Leftovers\n|choice||\n|\n|switch|p1a: Magnezone|Magnezone|100\/100\n|-damage|p1a: Magnezone|94\/100|[from] Stealth Rock\n|turn|17\n|c|\u2605blackwing2198|Finally\n|choice||\n|\n|move|p1a: Magnezone|Hidden Power|p2a: Spiky\n|-supereffective|p2a: Spiky\n|-damage|p2a: Spiky|0 fnt\n|faint|p2a: Spiky\n|\n|choice||\n|\n|switch|p2a: Powpow|Hippowdon, F|89\/100\n|-damage|p2a: Powpow|83\/100|[from] Stealth Rock\n|-weather|Sandstorm|[from] ability: Sand Stream|[of] p2a: Powpow\n|turn|18\n|choice||\n|\n|switch|p1a: Tangrowth|Tangrowth, M|63\/100\n|-damage|p1a: Tangrowth|50\/100|[from] Stealth Rock\n|switch|p2a: Miyu|Altaria-Mega, F|57\/100 tox\n|-damage|p2a: Miyu|45\/100 tox|[from] Stealth Rock\n|\n|-weather|Sandstorm|[upkeep]\n|-damage|p2a: Miyu|38\/100 tox|[from] sandstorm\n|-damage|p1a: Tangrowth|44\/100|[from] sandstorm\n|-damage|p2a: Miyu|32\/100 tox|[from] psn\n|turn|19\n|choice||\n|\n|switch|p1a: Magnezone|Magnezone|94\/100\n|-damage|p1a: Magnezone|88\/100|[from] Stealth Rock\n|move|p2a: Miyu|Roost|p2a: Miyu\n|-heal|p2a: Miyu|82\/100 tox\n|\n|-weather|Sandstorm|[upkeep]\n|-damage|p2a: Miyu|76\/100 tox|[from] sandstorm\n|-damage|p2a: Miyu|64\/100 tox|[from] psn\n|turn|20\n|choice||\n|\n|switch|p2a: Lutinot|Manaphy|100\/100\n|-damage|p2a: Lutinot|88\/100|[from] Stealth Rock\n|move|p1a: Magnezone|Hidden Power|p2a: Lutinot\n|-resisted|p2a: Lutinot\n|-damage|p2a: Lutinot|71\/100\n|\n|-weather|Sandstorm|[upkeep]\n|-damage|p2a: Lutinot|65\/100|[from] sandstorm\n|-heal|p2a: Lutinot|71\/100|[from] item: Leftovers\n|turn|21\n|choice||\n|\n|switch|p2a: Toph|Excadrill, F|100\/100\n|-damage|p2a: Toph|97\/100|[from] Stealth Rock\n|switch|p1a: Latios|Latios, M|100\/100\n|-damage|p1a: Latios|88\/100|[from] Stealth Rock\n|\n|-weather|Sandstorm|[upkeep]\n|-damage|p1a: Latios|82\/100|[from] sandstorm\n|turn|22\n|choice||\n|\n|move|p2a: Toph|Rapid Spin|p1a: Latios\n|-damage|p1a: Latios|68\/100\n|-sideend|p2: Candice|Stealth Rock|[from] move: Rapid Spin|[of] p2a: Toph\n|-damage|p2a: Toph|87\/100|[from] item: Life Orb\n|move|p1a: Latios|Surf|p2a: Toph\n|-supereffective|p2a: Toph\n|-damage|p2a: Toph|7\/100\n|\n|-weather|none\n|turn|23\n|choice||\n|\n|switch|p2a: Miyu|Altaria-Mega, F|64\/100 tox\n|move|p1a: Latios|Defog|p2a: Miyu\n|-unboost|p2a: Miyu|evasion|1\n|-sideend|p1: blackwing2198|Stealth Rock|[from] move: Defog|[of] p1a: Latios\n|\n|-damage|p2a: Miyu|57\/100 tox|[from] psn\n|turn|24\n|choice||\n|\n|switch|p1a: Magnezone|Magnezone|88\/100\n|move|p2a: Miyu|Roost|p2a: Miyu\n|-heal|p2a: Miyu|100\/100 tox\n|\n|-damage|p2a: Miyu|88\/100 tox|[from] psn\n|turn|25\n|choice||\n|\n|switch|p2a: Powpow|Hippowdon, F|83\/100\n|-weather|Sandstorm|[from] ability: Sand Stream|[of] p2a: Powpow\n|move|p1a: Magnezone|Flash Cannon|p2a: Powpow\n|-damage|p2a: Powpow|18\/100\n|\n|-weather|Sandstorm|[upkeep]\n|-heal|p2a: Powpow|24\/100|[from] item: Leftovers\n|turn|26\n|choice||\n|\n|switch|p2a: Lutinot|Manaphy|71\/100\n|move|p1a: Magnezone|Flash Cannon|p2a: Lutinot\n|-resisted|p2a: Lutinot\n|-damage|p2a: Lutinot|37\/100\n|\n|-weather|Sandstorm|[upkeep]\n|-damage|p2a: Lutinot|31\/100|[from] sandstorm\n|-heal|p2a: Lutinot|37\/100|[from] item: Leftovers\n|turn|27\n|choice||\n|\n|switch|p1a: Tangrowth|Tangrowth, M|77\/100\n|move|p2a: Lutinot|Scald|p1a: Tangrowth\n|-resisted|p1a: Tangrowth\n|-damage|p1a: Tangrowth|53\/100\n|\n|-weather|Sandstorm|[upkeep]\n|-damage|p2a: Lutinot|31\/100|[from] sandstorm\n|-damage|p1a: Tangrowth|47\/100|[from] sandstorm\n|-heal|p2a: Lutinot|37\/100|[from] item: Leftovers\n|turn|28\n|choice||\n|\n|switch|p2a: BB|Talonflame, F|100\/100\n|switch|p1a: Magnezone|Magnezone|88\/100\n|\n|-weather|Sandstorm|[upkeep]\n|-damage|p2a: BB|94\/100|[from] sandstorm\n|turn|29\n|choice||\n|\n|switch|p2a: Powpow|Hippowdon, F|24\/100\n|move|p1a: Magnezone|Flash Cannon|p2a: Powpow\n|-damage|p2a: Powpow|0 fnt\n|faint|p2a: Powpow\n|\n|-weather|none\n|choice||\n|\n|switch|p2a: BB|Talonflame, F|94\/100\n|turn|30\n|choice||\n|\n|switch|p1a: Tangrowth|Tangrowth, M|80\/100\n|move|p2a: BB|Will-O-Wisp|p1a: Tangrowth|[miss]\n|-miss|p2a: BB|p1a: Tangrowth\n|\n|turn|31\n|choice||\n|\n|switch|p2a: Miyu|Altaria-Mega, F|88\/100 tox\n|switch|p1a: Magnezone|Magnezone|88\/100\n|\n|-damage|p2a: Miyu|82\/100 tox|[from] psn\n|turn|32\n|choice||\n|\n|switch|p2a: Toph|Excadrill, F|7\/100\n|move|p1a: Magnezone|Flash Cannon|p2a: Toph\n|-resisted|p2a: Toph\n|-damage|p2a: Toph|0 fnt\n|faint|p2a: Toph\n|\n|choice||\n|\n|switch|p2a: BB|Talonflame, F|94\/100\n|turn|33\n|choice||\n|\n|switch|p1a: Latios|Latios, M|68\/100\n|move|p2a: BB|Swords Dance|p2a: BB\n|-boost|p2a: BB|atk|2\n|\n|turn|34\n|choice||\n|\n|move|p2a: BB|Acrobatics|p1a: Latios\n|-damage|p1a: Latios|0 fnt\n|faint|p1a: Latios\n|\n|choice||\n|\n|switch|p1a: Tangrowth|Tangrowth, M|100\/100\n|turn|35\n|choice||\n|\n|move|p2a: BB|Acrobatics|p1a: Tangrowth\n|-supereffective|p1a: Tangrowth\n|-damage|p1a: Tangrowth|11\/100\n|-damage|p2a: BB|78\/100|[from] item: Rocky Helmet|[of] p1a: Tangrowth\n|move|p1a: Tangrowth|Toxic|p2a: BB\n|-status|p2a: BB|tox\n|\n|-damage|p2a: BB|72\/100 tox|[from] psn\n|turn|36\n|choice||\n|\n|move|p2a: BB|Will-O-Wisp|p1a: Tangrowth\n|-status|p1a: Tangrowth|brn\n|move|p1a: Tangrowth|Earthquake|p2a: BB\n|-immune|p2a: BB|[msg]\n|\n|-damage|p2a: BB|60\/100 tox|[from] psn\n|-damage|p1a: Tangrowth|0 fnt|[from] brn\n|faint|p1a: Tangrowth\n|choice||\n|\n|switch|p1a: Magnezone|Magnezone|88\/100\n|turn|37\n|choice||\n|\n|move|p2a: BB|Acrobatics|p1a: Magnezone\n|-resisted|p1a: Magnezone\n|-damage|p1a: Magnezone|65\/100\n|move|p1a: Magnezone|Volt Switch|p2a: BB\n|-supereffective|p2a: BB\n|-damage|p2a: BB|0 fnt\n|faint|p2a: BB\n|choice||\n|\n|switch|p1a: Jirachi|Jirachi|100\/100\n|\n|choice||\n|\n|switch|p2a: Lutinot|Manaphy|37\/100\n|turn|38\n|choice||\n|\n|move|p1a: Jirachi|U-turn|p2a: Lutinot\n|-damage|p2a: Lutinot|18\/100\n|choice||\n|\n|switch|p1a: Magnezone|Magnezone|65\/100\n|move|p2a: Lutinot|Scald|p1a: Magnezone\n|-damage|p1a: Magnezone|24\/100\n|-status|p1a: Magnezone|brn\n|\n|-heal|p2a: Lutinot|24\/100|[from] item: Leftovers\n|-damage|p1a: Magnezone|11\/100 brn|[from] brn\n|turn|39\n|choice||\n|\n|move|p2a: Lutinot|Scald|p1a: Magnezone\n|-damage|p1a: Magnezone|0 fnt\n|faint|p1a: Magnezone\n|\n|-heal|p2a: Lutinot|30\/100|[from] item: Leftovers\n|choice||\n|\n|switch|p1a: Dragonite|Dragonite, F|100\/100\n|turn|40\n|choice||\n|\n|switch|p2a: Miyu|Altaria-Mega, F|82\/100 tox\n|move|p1a: Dragonite|Dragon Claw|p2a: Miyu\n|-immune|p2a: Miyu|[msg]\n|\n|-damage|p2a: Miyu|76\/100 tox|[from] psn\n|turn|41\n|choice||\n|\n|move|p1a: Dragonite|Dragon Dance|p1a: Dragonite\n|-boost|p1a: Dragonite|atk|1\n|-boost|p1a: Dragonite|spe|1\n|move|p2a: Miyu|Flamethrower|p1a: Dragonite\n|-resisted|p1a: Dragonite\n|-damage|p1a: Dragonite|94\/100\n|\n|-heal|p1a: Dragonite|100\/100|[from] item: Leftovers\n|-damage|p2a: Miyu|63\/100 tox|[from] psn\n|turn|42\n|choice||\n|\n|move|p1a: Dragonite|Earthquake|p2a: Miyu\n|-damage|p2a: Miyu|27\/100 tox\n|move|p2a: Miyu|Hyper Voice|p1a: Dragonite\n|-supereffective|p1a: Dragonite\n|-damage|p1a: Dragonite|50\/100\n|\n|-heal|p1a: Dragonite|56\/100|[from] item: Leftovers\n|-damage|p2a: Miyu|8\/100 tox|[from] psn\n|turn|43\n|-message|Candice forfeited.\n|\n|win|blackwing2198\n|player|p1\n|player|p2\n|l|Candice\n|raw|blackwing2198's rating: 1647 &rarr; <strong>1669<\/strong><br \/>(+22 for winning)\n|raw|Candice's rating: 1676 &rarr; <strong>1655<\/strong><br \/>(-21 for losing)","inputlog":null,"uploadtime":1464892663,"views":0,"p1id":"blackwing2198","p2id":"candice","formatid":"ou","rating":1655,"private":0,"password":null}