{"id":"ou-376776266","p1":"Amaterus","p2":"prepare for die","format":"ou","log":"|j|Amaterus\n|j|prepare for die\n|player|p1|Amaterus|#zinnia\n|player|p2|prepare for die|2\n|gametype|singles\n|gen|6\n|tier|OU\n|rated\n|seed|\n|clearpoke\n|poke|p1|Gengar, M, shiny|item\n|poke|p1|Meloetta|item\n|poke|p1|Altaria, M, shiny|item\n|poke|p1|Dragonite, M|item\n|poke|p1|Empoleon, M, shiny|item\n|poke|p1|Magnezone, shiny|item\n|poke|p2|Seismitoad, F|item\n|poke|p2|Shedinja|item\n|poke|p2|Togekiss, M|item\n|poke|p2|Dugtrio, F|item\n|poke|p2|Sableye, M|item\n|poke|p2|Talonflame, M|item\n|rule|Swagger Clause: Swagger is banned\n|rule|Baton Pass Clause: Limit one Baton Passer, can't pass Spe and other stats simultaneously\n|rule|Sleep Clause Mod: Limit one foe put to sleep\n|rule|Species Clause: Limit one of each Pok\u00e9mon\n|rule|OHKO Clause: OHKO moves are banned\n|rule|Moody Clause: Moody is banned\n|rule|Evasion Moves Clause: Evasion moves are banned\n|rule|Endless Battle Clause: Forcing endless battles is banned\n|rule|HP Percentage Mod: HP is shown in percentages\n|teampreview\n|choice||\n|\n|start\n|switch|p1a: Trident|Empoleon, M, shiny|100\/100\n|switch|p2a: Sableye|Sableye, M|100\/100\n|turn|1\n|choice||\n|\n|detailschange|p2a: Sableye|Sableye-Mega, M\n|-mega|p2a: Sableye|Sableye|Sablenite\n|move|p1a: Trident|Protect|p1a: Trident\n|-singleturn|p1a: Trident|Protect\n|move|p2a: Sableye|Will-O-Wisp|p1a: Trident\n|-activate|p1a: Trident|Protect\n|\n|turn|2\n|choice||\n|\n|move|p1a: Trident|Scald|p2a: Sableye\n|-damage|p2a: Sableye|72\/100\n|-status|p2a: Sableye|brn\n|move|p2a: Sableye|Will-O-Wisp|p1a: Trident|[miss]\n|-miss|p2a: Sableye|p1a: Trident\n|\n|-damage|p2a: Sableye|60\/100 brn|[from] brn\n|turn|3\n|choice||\n|\n|switch|p1a: Crane|Altaria, M, shiny|100\/100\n|-ability|p1a: Crane|Cloud Nine\n|move|p2a: Sableye|Recover|p2a: Sableye\n|-heal|p2a: Sableye|100\/100 brn\n|\n|-damage|p2a: Sableye|88\/100 brn|[from] brn\n|turn|4\n|choice||\n|\n|switch|p1a: Trident|Empoleon, M, shiny|100\/100\n|switch|p2a: Talonflame|Talonflame, M|100\/100\n|\n|turn|5\n|choice||\n|\n|move|p1a: Trident|Protect|p1a: Trident\n|-singleturn|p1a: Trident|Protect\n|move|p2a: Talonflame|Will-O-Wisp|p1a: Trident\n|-activate|p1a: Trident|Protect\n|\n|turn|6\n|choice||\n|\n|switch|p2a: Sableye|Sableye-Mega, M|88\/100 brn\n|move|p1a: Trident|Scald|p2a: Sableye\n|-damage|p2a: Sableye|57\/100 brn\n|\n|-damage|p2a: Sableye|44\/100 brn|[from] brn\n|turn|7\n|choice||\n|\n|move|p1a: Trident|Scald|p2a: Sableye\n|-damage|p2a: Sableye|14\/100 brn\n|move|p2a: Sableye|Recover|p2a: Sableye\n|-heal|p2a: Sableye|64\/100 brn\n|\n|-damage|p2a: Sableye|52\/100 brn|[from] brn\n|turn|8\n|choice||\n|\n|move|p1a: Trident|Scald|p2a: Sableye\n|-damage|p2a: Sableye|19\/100 brn\n|move|p2a: Sableye|Recover|p2a: Sableye\n|-heal|p2a: Sableye|69\/100 brn\n|\n|-damage|p2a: Sableye|57\/100 brn|[from] brn\n|turn|9\n|choice||\n|\n|switch|p2a: Seismitoad|Seismitoad, F|100\/100\n|move|p1a: Trident|Scald|p2a: Seismitoad\n|-immune|p2a: Seismitoad|[msg]|[from] ability: Water Absorb\n|\n|turn|10\n|j|poop in me\n|choice||\n|\n|move|p2a: Seismitoad|Knock Off|p1a: Trident\n|-damage|p1a: Trident|86\/100\n|-enditem|p1a: Trident|Leftovers|[from] move: Knock Off|[of] p2a: Seismitoad\n|move|p1a: Trident|Stealth Rock|p2a: Seismitoad\n|-sidestart|p2: prepare for die|move: Stealth Rock\n|\n|turn|11\n|choice||\n|\n|move|p2a: Seismitoad|Stealth Rock|p1a: Trident\n|-sidestart|p1: Amaterus|move: Stealth Rock\n|move|p1a: Trident|Scald|p2a: Seismitoad\n|-immune|p2a: Seismitoad|[msg]|[from] ability: Water Absorb\n|\n|turn|12\n|choice||\n|\n|move|p2a: Seismitoad|Scald|p1a: Trident\n|-resisted|p1a: Trident\n|-damage|p1a: Trident|75\/100\n|move|p1a: Trident|Scald|p2a: Seismitoad\n|-immune|p2a: Seismitoad|[msg]|[from] ability: Water Absorb\n|\n|turn|13\n|choice||\n|\n|move|p2a: Seismitoad|Scald|p1a: Trident\n|-resisted|p1a: Trident\n|-damage|p1a: Trident|64\/100\n|move|p1a: Trident|Scald|p2a: Seismitoad\n|-immune|p2a: Seismitoad|[msg]|[from] ability: Water Absorb\n|\n|turn|14\n|choice||\n|\n|switch|p1a: Crane|Altaria, M, shiny|100\/100\n|-damage|p1a: Crane|76\/100|[from] Stealth Rock\n|-ability|p1a: Crane|Cloud Nine\n|move|p2a: Seismitoad|Scald|p1a: Crane\n|-resisted|p1a: Crane\n|-damage|p1a: Crane|68\/100\n|\n|turn|15\n|choice||\n|\n|switch|p1a: Kage|Gengar, M, shiny|100\/100\n|-damage|p1a: Kage|88\/100|[from] Stealth Rock\n|switch|p2a: Talonflame|Talonflame, M|100\/100\n|-damage|p2a: Talonflame|51\/100|[from] Stealth Rock\n|\n|-heal|p2a: Talonflame|57\/100|[from] item: Leftovers\n|turn|16\n|choice||\n|\n|switch|p1a: Trident|Empoleon, M, shiny|64\/100\n|-damage|p1a: Trident|58\/100|[from] Stealth Rock\n|move|p2a: Talonflame|Roost|p2a: Talonflame\n|-heal|p2a: Talonflame|100\/100\n|\n|turn|17\n|choice||\n|\n|switch|p2a: Seismitoad|Seismitoad, F|100\/100\n|-damage|p2a: Seismitoad|94\/100|[from] Stealth Rock\n|move|p1a: Trident|Scald|p2a: Seismitoad\n|-heal|p2a: Seismitoad|100\/100|[from] ability: Water Absorb|[of] p1a: Trident\n|\n|turn|18\n|choice||\n|\n|switch|p1a: Crane|Altaria, M, shiny|68\/100\n|-damage|p1a: Crane|43\/100|[from] Stealth Rock\n|-ability|p1a: Crane|Cloud Nine\n|move|p2a: Seismitoad|Scald|p1a: Crane\n|-resisted|p1a: Crane\n|-damage|p1a: Crane|36\/100\n|\n|turn|19\n|choice||\n|\n|switch|p2a: Talonflame|Talonflame, M|100\/100\n|-damage|p2a: Talonflame|51\/100|[from] Stealth Rock\n|move|p1a: Crane|Roost|p1a: Crane\n|-heal|p1a: Crane|86\/100\n|\n|-heal|p2a: Talonflame|57\/100|[from] item: Leftovers\n|turn|20\n|choice||\n|\n|move|p2a: Talonflame|Roost|p2a: Talonflame\n|-heal|p2a: Talonflame|100\/100\n|move|p1a: Crane|Dragon Dance|p1a: Crane\n|-boost|p1a: Crane|atk|1\n|-boost|p1a: Crane|spe|1\n|\n|turn|21\n|choice||\n|\n|detailschange|p1a: Crane|Altaria-Mega, M, shiny\n|-mega|p1a: Crane|Altaria|Altarianite\n|move|p1a: Crane|Dragon Dance|p1a: Crane\n|-boost|p1a: Crane|atk|1\n|-boost|p1a: Crane|spe|1\n|move|p2a: Talonflame|Will-O-Wisp|p1a: Crane|[miss]\n|-miss|p2a: Talonflame|p1a: Crane\n|\n|turn|22\n|choice||\n|\n|move|p1a: Crane|Dragon Dance|p1a: Crane\n|-boost|p1a: Crane|atk|1\n|-boost|p1a: Crane|spe|1\n|move|p2a: Talonflame|Will-O-Wisp|p1a: Crane\n|-status|p1a: Crane|brn\n|\n|-damage|p1a: Crane|73\/100 brn|[from] brn\n|turn|23\n|choice||\n|\n|move|p1a: Crane|Facade|p2a: Talonflame\n|-resisted|p2a: Talonflame\n|-damage|p2a: Talonflame|3\/100\n|move|p2a: Talonflame|Will-O-Wisp|p1a: Crane|[miss]\n|-miss|p2a: Talonflame|p1a: Crane\n|\n|-heal|p2a: Talonflame|9\/100|[from] item: Leftovers\n|-damage|p1a: Crane|61\/100 brn|[from] brn\n|turn|24\n|c|\u2605Amaterus|when i win\n|c|\u2605Amaterus|because im facade\n|l|Amaterus\n|player|p1\n|j|Amaterus\n|player|p1|Amaterus|#zinnia\n|choice||\n|\n|move|p2a: Talonflame|Brave Bird|p1a: Crane\n|-damage|p1a: Crane|32\/100 brn\n|-damage|p2a: Talonflame|0 fnt|[from] recoil|[of] p1a: Crane\n|faint|p2a: Talonflame\n|move|p1a: Crane|Roost|p1a: Crane\n|-heal|p1a: Crane|82\/100 brn\n|\n|-damage|p1a: Crane|69\/100 brn|[from] brn\n|-message|prepare for die forfeited.\n|\n|win|Amaterus\n|player|p1\n|player|p2\n|l|prepare for die","inputlog":null,"uploadtime":1464046632,"views":37,"p1id":"amaterus","p2id":"preparefordie","formatid":"ou","rating":0,"private":0,"password":null}