{"id":"ou-378083644","p1":"Amaterus","p2":"DoctorPhrog","format":"ou","log":"|j|Amaterus\n|j|DoctorPhrog\n|player|p1|Amaterus|#zinnia\n|player|p2|DoctorPhrog|117\n|gametype|singles\n|gen|6\n|tier|OU\n|rated\n|seed|\n|clearpoke\n|poke|p1|Gengar, M, shiny|item\n|poke|p1|Meloetta|item\n|poke|p1|Altaria, M, shiny|item\n|poke|p1|Dragonite, M|item\n|poke|p1|Empoleon, M, shiny|item\n|poke|p1|Magnezone, shiny|item\n|poke|p2|Hawlucha, M|item\n|poke|p2|Talonflame, F|item\n|poke|p2|Thundurus-Therian, M|item\n|poke|p2|Landorus-Therian, M|item\n|poke|p2|Pinsir, F|item\n|poke|p2|Skarmory, M|item\n|rule|Swagger Clause: Swagger is banned\n|rule|Baton Pass Clause: Limit one Baton Passer, can't pass Spe and other stats simultaneously\n|rule|Sleep Clause Mod: Limit one foe put to sleep\n|rule|Species Clause: Limit one of each Pok\u00e9mon\n|rule|OHKO Clause: OHKO moves are banned\n|rule|Moody Clause: Moody is banned\n|rule|Evasion Moves Clause: Evasion moves are banned\n|rule|Endless Battle Clause: Forcing endless battles is banned\n|rule|HP Percentage Mod: HP is shown in percentages\n|teampreview\n|j|Kickasser\n|j|Ash KetchumGamer\n|c|\u2605DoctorPhrog|i've missed this team\n|j|Gentleman Vex\n|c|\u2605DoctorPhrog|prepare to meet my birds\n|j|zCompuLsive\n|choice||\n|\n|start\n|switch|p1a: Calamity|Meloetta|100\/100\n|switch|p2a: Fucking Specs|Thundurus-Therian, M|100\/100\n|turn|1\n|c| Gentleman Vex|good luck have fun guys\n|choice||\n|\n|move|p1a: Calamity|Relic Song|p2a: Fucking Specs\n|-damage|p2a: Fucking Specs|44\/100\n|-damage|p1a: Calamity|91\/100|[from] item: Life Orb\n|-formechange|p1a: Calamity|Meloetta-Pirouette|[msg]\n|move|p2a: Fucking Specs|Agility|p2a: Fucking Specs\n|-boost|p2a: Fucking Specs|spe|2\n|\n|turn|2\n|choice||\n|\n|move|p2a: Fucking Specs|Focus Blast|p1a: Calamity\n|-supereffective|p1a: Calamity\n|-crit|p1a: Calamity\n|-damage|p1a: Calamity|0 fnt\n|faint|p1a: Calamity\n|\n|c|\u2605Amaterus|glhf\n|choice||\n|\n|switch|p1a: Apocalypse|Dragonite, M|100\/100\n|turn|3\n|choice||\n|\n|move|p1a: Apocalypse|Extreme Speed|p2a: Fucking Specs\n|-damage|p2a: Fucking Specs|0 fnt\n|faint|p2a: Fucking Specs\n|\n|choice||\n|\n|switch|p2a: Setup Bait|Skarmory, M|100\/100\n|turn|4\n|choice||\n|\n|switch|p1a: Grimlock|Magnezone, shiny|100\/100\n|move|p2a: Setup Bait|Stealth Rock|p1a: Grimlock\n|-sidestart|p1: Amaterus|move: Stealth Rock\n|\n|turn|5\n|choice||\n|\n|move|p1a: Grimlock|Charge Beam|p2a: Setup Bait\n|-supereffective|p2a: Setup Bait\n|-damage|p2a: Setup Bait|49\/100\n|move|p2a: Setup Bait|Whirlwind|p1a: Grimlock\n|drag|p1a: Apocalypse|Dragonite, M|100\/100\n|-damage|p1a: Apocalypse|76\/100|[from] Stealth Rock\n|\n|-heal|p2a: Setup Bait|55\/100|[from] item: Leftovers\n|turn|6\n|choice||\n|\n|move|p1a: Apocalypse|Fire Punch|p2a: Setup Bait\n|-supereffective|p2a: Setup Bait\n|-damage|p2a: Setup Bait|0 fnt\n|faint|p2a: Setup Bait\n|\n|choice||\n|\n|switch|p2a: Standard.rocks|Landorus-Therian, M|100\/100\n|-ability|p2a: Standard.rocks|Intimidate|boost\n|-unboost|p1a: Apocalypse|atk|1\n|turn|7\n|choice||\n|\n|switch|p1a: Trident|Empoleon, M, shiny|100\/100\n|-damage|p1a: Trident|94\/100|[from] Stealth Rock\n|move|p2a: Standard.rocks|Substitute|p2a: Standard.rocks\n|-start|p2a: Standard.rocks|Substitute\n|-damage|p2a: Standard.rocks|75\/100\n|\n|-heal|p1a: Trident|100\/100|[from] item: Leftovers\n|turn|8\n|choice||\n|\n|move|p2a: Standard.rocks|Earthquake|p1a: Trident\n|-supereffective|p1a: Trident\n|-damage|p1a: Trident|20\/100\n|move|p1a: Trident|Scald|p2a: Standard.rocks\n|-supereffective|p2a: Standard.rocks\n|-end|p2a: Standard.rocks|Substitute\n|\n|-heal|p1a: Trident|26\/100|[from] item: Leftovers\n|turn|9\n|choice||\n|\n|move|p2a: Standard.rocks|Earthquake|p1a: Trident\n|-supereffective|p1a: Trident\n|-damage|p1a: Trident|0 fnt\n|faint|p1a: Trident\n|\n|choice||\n|\n|switch|p1a: Kage|Gengar, M, shiny|100\/100\n|-damage|p1a: Kage|88\/100|[from] Stealth Rock\n|turn|10\n|choice||\n|\n|move|p1a: Kage|Shadow Ball|p2a: Standard.rocks\n|-damage|p2a: Standard.rocks|4\/100\n|-damage|p1a: Kage|78\/100|[from] item: Life Orb\n|-enditem|p2a: Standard.rocks|Salac Berry|[eat]\n|-boost|p2a: Standard.rocks|spe|1\n|move|p2a: Standard.rocks|Stone Edge|p1a: Kage|[miss]\n|-miss|p2a: Standard.rocks|p1a: Kage\n|\n|turn|11\n|choice||\n|\n|switch|p1a: Grimlock|Magnezone, shiny|100\/100\n|-damage|p1a: Grimlock|94\/100|[from] Stealth Rock\n|move|p2a: Standard.rocks|Stone Edge|p1a: Grimlock\n|-resisted|p1a: Grimlock\n|-damage|p1a: Grimlock|80\/100\n|\n|-heal|p1a: Grimlock|86\/100|[from] item: Leftovers\n|turn|12\n|choice||\n|\n|switch|p1a: Apocalypse|Dragonite, M|76\/100\n|-damage|p1a: Apocalypse|51\/100|[from] Stealth Rock\n|move|p2a: Standard.rocks|Earthquake|p1a: Apocalypse\n|-immune|p1a: Apocalypse|[msg]\n|\n|turn|13\n|choice||\n|\n|move|p1a: Apocalypse|Extreme Speed|p2a: Standard.rocks\n|-damage|p2a: Standard.rocks|0 fnt\n|faint|p2a: Standard.rocks\n|\n|choice||\n|\n|switch|p2a: Sub-Puncher|Pinsir, F|100\/100\n|turn|14\n|choice||\n|\n|move|p1a: Apocalypse|Extreme Speed|p2a: Sub-Puncher\n|-damage|p2a: Sub-Puncher|40\/100\n|move|p2a: Sub-Puncher|Stone Edge|p1a: Apocalypse\n|-supereffective|p1a: Apocalypse\n|-crit|p1a: Apocalypse\n|-damage|p1a: Apocalypse|0 fnt\n|faint|p1a: Apocalypse\n|-ability|p2a: Sub-Puncher|Moxie|boost\n|-boost|p2a: Sub-Puncher|atk|1\n|\n|choice||\n|\n|switch|p1a: Grimlock|Magnezone, shiny|86\/100\n|-damage|p1a: Grimlock|80\/100|[from] Stealth Rock\n|turn|15\n|choice||\n|\n|move|p2a: Sub-Puncher|Close Combat|p1a: Grimlock\n|-supereffective|p1a: Grimlock\n|-damage|p1a: Grimlock|0 fnt\n|-unboost|p2a: Sub-Puncher|def|1\n|-unboost|p2a: Sub-Puncher|spd|1\n|faint|p1a: Grimlock\n|-ability|p2a: Sub-Puncher|Moxie|boost\n|-boost|p2a: Sub-Puncher|atk|1\n|\n|choice||\n|\n|switch|p1a: Kage|Gengar, M, shiny|78\/100\n|-damage|p1a: Kage|66\/100|[from] Stealth Rock\n|turn|16\n|choice||\n|\n|detailschange|p2a: Sub-Puncher|Pinsir-Mega, F\n|-mega|p2a: Sub-Puncher|Pinsir|Pinsirite\n|move|p2a: Sub-Puncher|Quick Attack|p1a: Kage\n|-damage|p1a: Kage|0 fnt\n|faint|p1a: Kage\n|\n|c|\u2605DoctorPhrog|gg :]\n|choice||\n|\n|switch|p1a: Crane|Altaria, M, shiny|100\/100\n|-damage|p1a: Crane|76\/100|[from] Stealth Rock\n|-ability|p1a: Crane|Cloud Nine\n|turn|17\n|c|\u2605Amaterus|gg\n|choice||\n|\n|detailschange|p1a: Crane|Altaria-Mega, M, shiny\n|-mega|p1a: Crane|Altaria|Altarianite\n|move|p2a: Sub-Puncher|Return|p1a: Crane\n|-damage|p1a: Crane|0 fnt\n|faint|p1a: Crane\n|\n|win|DoctorPhrog\n|player|p1\n|player|p2\n|raw|Amaterus's rating: 1735 &rarr; <strong>1719<\/strong><br \/>(-16 for losing)\n|raw|DoctorPhrog's rating: 1809 &rarr; <strong>1825<\/strong><br \/>(+16 for winning)\n|l|Amaterus\n|l|Ash KetchumGamer\n|l|Kickasser\n|l|Gentleman Vex","inputlog":null,"uploadtime":1464294191,"views":76,"p1id":"amaterus","p2id":"doctorphrog","formatid":"ou","rating":1719,"private":0,"password":null}