{"id":"ou-377712149","p1":"Djole123","p2":"hauntersnightmare","format":"ou","log":"|j|Djole123\n|j|hauntersnightmare\n|player|p1|Djole123|219\n|player|p2|hauntersnightmare|153\n|gametype|singles\n|gen|6\n|tier|OU\n|seed|\n|clearpoke\n|poke|p1|Talonflame, M|item\n|poke|p1|Roserade, F|item\n|poke|p1|Azumarill, M|item\n|poke|p1|Gardevoir, F|item\n|poke|p1|Salamence, F|item\n|poke|p1|Blastoise, F|item\n|poke|p2|Pinsir, M|item\n|poke|p2|Rotom-Wash|item\n|poke|p2|Celebi|item\n|poke|p2|Skarmory, M|item\n|poke|p2|Starmie, shiny|item\n|poke|p2|Landorus-Therian, M|item\n|rule|Swagger Clause: Swagger is banned\n|rule|Baton Pass Clause: Limit one Baton Passer, can't pass Spe and other stats simultaneously\n|rule|Sleep Clause Mod: Limit one foe put to sleep\n|rule|Species Clause: Limit one of each Pok\u00e9mon\n|rule|OHKO Clause: OHKO moves are banned\n|rule|Moody Clause: Moody is banned\n|rule|Evasion Moves Clause: Evasion moves are banned\n|rule|Endless Battle Clause: Forcing endless battles is banned\n|rule|HP Percentage Mod: HP is shown in percentages\n|teampreview\n|j|Ilirawsome\n|j|Straight Up Ethan\n|c|\u2605hauntersnightmare|gonna wait a sec for ppl\n|c|\u2605hauntersnightmare|glhf man :)\n|c| Straight Up Ethan|ZAC AND DJORDJE LEGGOOOO\n|c| Ilirawsome|gl\n|c|\u2605Djole123|yeah totes\n|c| Straight Up Ethan|LAS\n|c|\u2605Djole123|glhf :)\n|j|marty13612\n|c| Straight Up Ethan|just start, if anyone's joining they're already here lol\n|choice||\n|\n|start\n|switch|p1a: Salamence|Salamence, F|100\/100\n|switch|p2a: Robin Williams|Landorus-Therian, M|100\/100\n|-ability|p1a: Salamence|Intimidate|boost\n|-unboost|p2a: Robin Williams|atk|1\n|-ability|p2a: Robin Williams|Intimidate|boost\n|-unboost|p1a: Salamence|atk|1\n|turn|1\n|c| Straight Up Ethan|salamence's debut\n|c|\u2605hauntersnightmare|inb4 hydro\n|c| Straight Up Ethan|here it comes\n|c| marty13612|More like mememence\n|c| Straight Up Ethan|more like gonna make mence meat outta you\n|c| marty13612|More like sal's mence meat deli\n|c| Ilirawsome|Cue Mulan song: I'll make a Mence outta yooooooooouuuuuu\n|c| Straight Up Ethan|lol\n|choice||\n|\n|switch|p1a: Azumarill|Azumarill, M|100\/100\n|switch|p2a: Kenmoar|Rotom-Wash|100\/100\n|\n|turn|2\n|choice||\n|\n|switch|p1a: Roserade|Roserade, F|100\/100\n|move|p2a: Kenmoar|Volt Switch|p1a: Roserade\n|-resisted|p1a: Roserade\n|-damage|p1a: Roserade|84\/100\n|choice||\n|\n|switch|p2a: Ex Wife|Starmie, shiny|100\/100\n|\n|turn|3\n|c| marty13612|Shit it just came to me\n|c| marty13612|If there were any shadow tag mons in the draft\n|c| marty13612|I would spam\n|c| marty13612|(cant switch out)\n|c|\u2605hauntersnightmare|goth would have ben #1 pick for me lol\n|c| marty13612|Switch me out\n|choice||\n|\n|switch|p2a: Tweety|Skarmory, M|100\/100\n|switch|p1a: Blastoise|Blastoise, F|100\/100\n|\n|turn|4\n|c|\u2605hauntersnightmare|and everyone would run shed shell lol\n|choice||\n|\n|switch|p2a: Spaceman Spiff|Celebi|100\/100\n|move|p1a: Blastoise|Scald|p2a: Spaceman Spiff\n|-resisted|p2a: Spaceman Spiff\n|-damage|p2a: Spaceman Spiff|93\/100\n|\n|-heal|p2a: Spaceman Spiff|99\/100|[from] item: Leftovers\n|turn|5\n|choice||\n|\n|switch|p1a: Salamence|Salamence, F|100\/100\n|-ability|p1a: Salamence|Intimidate|boost\n|-unboost|p2a: Spaceman Spiff|atk|1\n|move|p2a: Spaceman Spiff|Baton Pass|p2a: Spaceman Spiff\n|choice||\n|\n|switch|p2a: Robin Williams|Landorus-Therian, M|100\/100\n|-ability|p2a: Robin Williams|Intimidate|boost\n|-unboost|p1a: Salamence|atk|1\n|\n|turn|6\n|c|\u2605hauntersnightmare|6 turns, 20 dmg\n|c|\u2605hauntersnightmare|pokemon folks\n|c|\u2605Djole123|game of the switch\n|c| marty13612|More like volt switch\n|c| Straight Up Ethan|guise pl0x\n|c| marty13612|Reveal u turn\n|choice||\n|\n|switch|p1a: Talonflame|Talonflame, M|100\/100\n|move|p2a: Robin Williams|Stealth Rock|p1a: Talonflame\n|-sidestart|p1: Djole123|move: Stealth Rock\n|\n|turn|7\n|c|\u2605hauntersnightmare|ofc i have u turn\n|c| Straight Up Ethan|u-turn mence lets go\n|c|\u2605hauntersnightmare|burned stone edge still reis\n|c|\u2605hauntersnightmare|reks ****\n|c|\u2605hauntersnightmare|defog op\n|choice||\n|\n|move|p1a: Talonflame|Brave Bird|p2a: Robin Williams\n|-damage|p2a: Robin Williams|65\/100\n|-damage|p1a: Talonflame|85\/100|[from] recoil|[of] p2a: Robin Williams\n|move|p2a: Robin Williams|U-turn|p1a: Talonflame\n|-resisted|p1a: Talonflame\n|-crit|p1a: Talonflame\n|-damage|p1a: Talonflame|74\/100\n|choice||\n|\n|switch|p2a: Kenmoar|Rotom-Wash|100\/100\n|\n|turn|8\n|c| marty13612|Washing detergant should be a move, removes all stat changes and damage\n|c| Straight Up Ethan|removes damage wtf\n|c| marty13612|No does damage\n|c| Straight Up Ethan|oh lol\n|c| Straight Up Ethan|clear smog\n|c|\u2605hauntersnightmare|so chestorest?\n|c| marty13612|Clear smog yes\n|c|\u2605hauntersnightmare|ohh\n|c|\u2605hauntersnightmare|got ya\n|c|\u2605hauntersnightmare|that would be nuts lol\n|c|\u2605hauntersnightmare|rotom just needs steam eruption\n|c|\u2605hauntersnightmare|or scald\n|c| Straight Up Ethan|yeah ezpz\n|c| marty13612|Rotom more like i wrote a tomr\n|c| marty13612|Tome\n|choice||\n|\n|switch|p1a: Roserade|Roserade, F|84\/100\n|-damage|p1a: Roserade|72\/100|[from] Stealth Rock\n|move|p2a: Kenmoar|Volt Switch|p1a: Roserade\n|-resisted|p1a: Roserade\n|-damage|p1a: Roserade|56\/100\n|choice||\n|\n|switch|p2a: Sweeperella|Pinsir, M|100\/100\n|\n|turn|9\n|c| marty13612|Reveal kill\n|c| Straight Up Ethan|dont emga\n|c| Straight Up Ethan|mega\n|c| Straight Up Ethan|keep hyper cutter\n|c| Straight Up Ethan|it's a super martin tech\n|c|\u2605hauntersnightmare|i need STAB\n|c|\u2605hauntersnightmare|and frustration is incoming anyways\n|c|\u2605hauntersnightmare|so who cares\n|c|\u2605hauntersnightmare|;)\n|choice||\n|\n|detailschange|p2a: Sweeperella|Pinsir-Mega, M\n|-mega|p2a: Sweeperella|Pinsir|Pinsirite\n|move|p2a: Sweeperella|Feint|p1a: Roserade\n|-supereffective|p1a: Roserade\n|-damage|p1a: Roserade|0 fnt\n|faint|p1a: Roserade\n|\n|c| Straight Up Ethan|it was a joke so ok\n|choice||\n|\n|switch|p1a: Talonflame|Talonflame, M|74\/100\n|-damage|p1a: Talonflame|24\/100|[from] Stealth Rock\n|turn|10\n|choice||\n|\n|move|p2a: Sweeperella|Feint|p1a: Talonflame\n|-crit|p1a: Talonflame\n|-damage|p1a: Talonflame|0 fnt\n|faint|p1a: Talonflame\n|\n|c|\u2605hauntersnightmare|ruh roh\n|c|\u2605hauntersnightmare|didn't you see feint ....\n|c| Straight Up Ethan|chill\n|c|\u2605hauntersnightmare|im so chill\n|c| marty13612|Frustration is for edglords\n|c| Straight Up Ethan|no need to insult him bro\n|c|\u2605Djole123|figured bravebird would have priority\n|c|\u2605hauntersnightmare|I didn't insult anyon in the slightest lol\n|c|\u2605hauntersnightmare|it does\n|c|\u2605hauntersnightmare|feint is +2\n|c| marty13612|I was just kidding\n|c| marty13612|Return is for sociable human beings\n|choice||\n|\n|switch|p1a: Blastoise|Blastoise, F|100\/100\n|-damage|p1a: Blastoise|88\/100|[from] Stealth Rock\n|turn|11\n|choice||\n|\n|switch|p2a: Kenmoar|Rotom-Wash|100\/100\n|move|p1a: Blastoise|Rapid Spin|p2a: Kenmoar\n|-damage|p2a: Kenmoar|98\/100\n|-sideend|p1: Djole123|Stealth Rock|[from] move: Rapid Spin|[of] p1a: Blastoise\n|\n|-heal|p2a: Kenmoar|100\/100|[from] item: Leftovers\n|-heal|p1a: Blastoise|94\/100|[from] item: Leftovers\n|turn|12\n|choice||\n|\n|switch|p1a: Gardevoir|Gardevoir, F|100\/100\n|move|p2a: Kenmoar|Will-O-Wisp|p1a: Gardevoir\n|-status|p1a: Gardevoir|brn\n|-status|p2a: Kenmoar|brn|[from] ability: Synchronize|[of] p1a: Gardevoir\n|\n|-damage|p1a: Gardevoir|88\/100 brn|[from] brn\n|-damage|p2a: Kenmoar|88\/100 brn|[from] brn\n|turn|13\n|c| Ilirawsome|That lack of ghost type on rotom is so weird lol\n|c|\u2605hauntersnightmare|haha\n|c| marty13612|Why feint?\n|c| Straight Up Ethan|for talon\n|c| Straight Up Ethan|+2\n|c|\u2605hauntersnightmare|cause brave bird on talon flame outspend quick attack\n|c| Straight Up Ethan|beats out bb\n|c|\u2605hauntersnightmare|outspeeds ***\n|c| marty13612|Why\n|c| Straight Up Ethan|just scarf pinsir duh\n|c| Straight Up Ethan|+2 prio\n|c|\u2605hauntersnightmare|cause its +2\n|c|\u2605hauntersnightmare|like epseed\n|c| Straight Up Ethan|gale wings gives +1\n|c| marty13612|Oh i should have known that\n|choice||\n|\n|switch|p2a: Tweety|Skarmory, M|100\/100\n|detailschange|p1a: Gardevoir|Gardevoir-Mega, F\n|-mega|p1a: Gardevoir|Gardevoir|Gardevoirite\n|move|p1a: Gardevoir|Hyper Voice|p2a: Tweety\n|-resisted|p2a: Tweety\n|-crit|p2a: Tweety\n|-damage|p2a: Tweety|52\/100\n|\n|-damage|p1a: Gardevoir|76\/100 brn|[from] brn\n|turn|14\n|j|Fitzsy\n|c| Fitzsy|Hi\n|choice||\n|\n|move|p1a: Gardevoir|Focus Blast|p2a: Tweety\n|-damage|p2a: Tweety|4\/100\n|move|p2a: Tweety|Roost|p2a: Tweety\n|-heal|p2a: Tweety|54\/100\n|\n|-damage|p1a: Gardevoir|64\/100 brn|[from] brn\n|turn|15\n|c| marty13612|Hi\n|c|\u2605hauntersnightmare|erp\n|c|\u2605hauntersnightmare|can still die i think\n|c|\u2605hauntersnightmare|ughhhhhh\n|c|\u2605hauntersnightmare|decisions\n|choice||\n|\n|move|p1a: Gardevoir|Focus Blast|p2a: Tweety\n|-crit|p2a: Tweety\n|-damage|p2a: Tweety|0 fnt\n|faint|p2a: Tweety\n|\n|-damage|p1a: Gardevoir|51\/100 brn|[from] brn\n|c|\u2605hauntersnightmare|yup\n|c|\u2605hauntersnightmare|good thing i packed steel wing\n|c| marty13612|When focus mis CRITS\n|choice||\n|\n|switch|p2a: Ex Wife|Starmie, shiny|100\/100\n|turn|16\n|c|\u2605hauntersnightmare|such a key focus hit too lol\n|c|\u2605hauntersnightmare|i do love that move though\n|c|\u2605hauntersnightmare|big love hate\n|choice||\n|\n|move|p2a: Ex Wife|Scald|p1a: Gardevoir\n|-damage|p1a: Gardevoir|25\/100 brn\n|move|p1a: Gardevoir|Thunder Wave|p2a: Ex Wife\n|-status|p2a: Ex Wife|par\n|\n|-damage|p1a: Gardevoir|13\/100 brn|[from] brn\n|turn|17\n|c| marty13612|I remember in season 2 i was really salt sheik critted a focus blast on me\n|c| marty13612|Its like, couldnt ypu miss\n|c| Straight Up Ethan|lol cant you miss\n|c| Straight Up Ethan|please\n|choice||\n|\n|move|p1a: Gardevoir|Hyper Voice|p2a: Ex Wife\n|-damage|p2a: Ex Wife|8\/100 par\n|move|p2a: Ex Wife|Scald|p1a: Gardevoir\n|-damage|p1a: Gardevoir|0 fnt\n|faint|p1a: Gardevoir\n|\n|-heal|p2a: Ex Wife|14\/100 par|[from] item: Leftovers\n|choice||\n|\n|switch|p1a: Azumarill|Azumarill, M|100\/100\n|turn|18\n|choice||\n|\n|move|p1a: Azumarill|Play Rough|p2a: Ex Wife\n|-damage|p2a: Ex Wife|0 fnt\n|faint|p2a: Ex Wife\n|\n|choice||\n|\n|switch|p2a: Spaceman Spiff|Celebi|99\/100\n|turn|19\n|c| Fitzsy|Sap sipper azumarill pls\n|c| Straight Up Ethan|its coming\n|c|\u2605hauntersnightmare|lol\n|c| Fitzsy|Im feeling it mr krabs\n|choice||\n|\n|switch|p1a: Salamence|Salamence, F|100\/100\n|-ability|p1a: Salamence|Intimidate|boost\n|-unboost|p2a: Spaceman Spiff|atk|1\n|move|p2a: Spaceman Spiff|Substitute|p2a: Spaceman Spiff\n|-start|p2a: Spaceman Spiff|Substitute\n|-damage|p2a: Spaceman Spiff|75\/100\n|\n|-heal|p2a: Spaceman Spiff|81\/100|[from] item: Leftovers\n|turn|20\n|choice||\n|\n|move|p2a: Spaceman Spiff|Baton Pass|p2a: Spaceman Spiff\n|choice||\n|\n|switch|p2a: Robin Williams|Landorus-Therian, M|65\/100\n|-ability|p2a: Robin Williams|Intimidate|boost\n|-unboost|p1a: Salamence|atk|1\n|move|p1a: Salamence|Fire Blast|p2a: Robin Williams|[miss]\n|-miss|p1a: Salamence|p2a: Robin Williams\n|\n|-heal|p2a: Robin Williams|71\/100|[from] item: Leftovers\n|turn|21\n|c| Ilirawsome|That -1 Attack baton pass though\n|c| Fitzsy|Ouch\n|choice||\n|\n|switch|p1a: Azumarill|Azumarill, M|100\/100\n|move|p2a: Robin Williams|Stone Edge|p1a: Azumarill\n|-damage|p1a: Azumarill|77\/100\n|\n|-heal|p2a: Robin Williams|77\/100|[from] item: Leftovers\n|turn|22\n|choice||\n|\n|move|p1a: Azumarill|Aqua Jet|p2a: Robin Williams\n|-supereffective|p2a: Robin Williams\n|-end|p2a: Robin Williams|Substitute\n|move|p2a: Robin Williams|Stealth Rock|p1a: Azumarill\n|-sidestart|p1: Djole123|move: Stealth Rock\n|\n|-heal|p2a: Robin Williams|83\/100|[from] item: Leftovers\n|turn|23\n|choice||\n|\n|switch|p2a: Kenmoar|Rotom-Wash|88\/100 brn\n|move|p1a: Azumarill|Aqua Jet|p2a: Kenmoar\n|-resisted|p2a: Kenmoar\n|-damage|p2a: Kenmoar|74\/100 brn\n|\n|-heal|p2a: Kenmoar|80\/100 brn|[from] item: Leftovers\n|-damage|p2a: Kenmoar|68\/100 brn|[from] brn\n|turn|24\n|choice||\n|\n|switch|p1a: Blastoise|Blastoise, F|94\/100\n|-damage|p1a: Blastoise|82\/100|[from] Stealth Rock\n|move|p2a: Kenmoar|Will-O-Wisp|p1a: Blastoise\n|-status|p1a: Blastoise|brn\n|\n|-heal|p2a: Kenmoar|74\/100 brn|[from] item: Leftovers\n|-heal|p1a: Blastoise|88\/100 brn|[from] item: Leftovers\n|-damage|p2a: Kenmoar|61\/100 brn|[from] brn\n|-damage|p1a: Blastoise|75\/100 brn|[from] brn\n|turn|25\n|choice||\n|\n|move|p2a: Kenmoar|Volt Switch|p1a: Blastoise\n|-supereffective|p1a: Blastoise\n|-damage|p1a: Blastoise|27\/100 brn\n|choice||\n|\n|switch|p2a: Robin Williams|Landorus-Therian, M|83\/100\n|-ability|p2a: Robin Williams|Intimidate|boost\n|-unboost|p1a: Blastoise|atk|1\n|move|p1a: Blastoise|Rapid Spin|p2a: Robin Williams\n|-damage|p2a: Robin Williams|82\/100\n|-sideend|p1: Djole123|Stealth Rock|[from] move: Rapid Spin|[of] p1a: Blastoise\n|\n|-heal|p2a: Robin Williams|88\/100|[from] item: Leftovers\n|-heal|p1a: Blastoise|33\/100 brn|[from] item: Leftovers\n|-damage|p1a: Blastoise|20\/100 brn|[from] brn\n|turn|26\n|choice||\n|\n|move|p2a: Robin Williams|Earthquake|p1a: Blastoise\n|-damage|p1a: Blastoise|0 fnt\n|faint|p1a: Blastoise\n|\n|-heal|p2a: Robin Williams|94\/100|[from] item: Leftovers\n|choice||\n|\n|switch|p1a: Azumarill|Azumarill, M|77\/100\n|turn|27\n|choice||\n|\n|switch|p2a: Spaceman Spiff|Celebi|81\/100\n|move|p1a: Azumarill|Superpower|p2a: Spaceman Spiff\n|-resisted|p2a: Spaceman Spiff\n|-damage|p2a: Spaceman Spiff|51\/100\n|-unboost|p1a: Azumarill|atk|1\n|-unboost|p1a: Azumarill|def|1\n|\n|-heal|p2a: Spaceman Spiff|57\/100|[from] item: Leftovers\n|turn|28\n|j|FirstDier\n|choice||\n|\n|switch|p1a: Salamence|Salamence, F|100\/100\n|-ability|p1a: Salamence|Intimidate|boost\n|-unboost|p2a: Spaceman Spiff|atk|1\n|move|p2a: Spaceman Spiff|Baton Pass|p2a: Spaceman Spiff\n|choice||\n|\n|switch|p2a: Robin Williams|Landorus-Therian, M|94\/100\n|-ability|p2a: Robin Williams|Intimidate|boost\n|-unboost|p1a: Salamence|atk|1\n|\n|-heal|p2a: Robin Williams|100\/100|[from] item: Leftovers\n|turn|29\n|c| Straight Up Ethan|these -1 passes\n|c| Straight Up Ethan|too strong lol\n|choice||\n|\n|move|p1a: Salamence|Toxic|p2a: Robin Williams\n|-status|p2a: Robin Williams|tox\n|move|p2a: Robin Williams|Stone Edge|p1a: Salamence\n|-supereffective|p1a: Salamence\n|-damage|p1a: Salamence|57\/100\n|\n|-heal|p1a: Salamence|63\/100|[from] item: Leftovers\n|-damage|p2a: Robin Williams|94\/100 tox|[from] psn\n|turn|30\n|c| Ilirawsome|I know it seems to be a theme\n|c| Ilirawsome|Specifically for Landerus\n|c| Straight Up Ethan|this is totally still winnable\n|choice||\n|\n|move|p1a: Salamence|Fire Blast|p2a: Robin Williams\n|-damage|p2a: Robin Williams|64\/100 tox\n|move|p2a: Robin Williams|U-turn|p1a: Salamence\n|-resisted|p1a: Salamence\n|-damage|p1a: Salamence|56\/100\n|c| Straight Up Ethan|for djordje\n|choice||\n|\n|switch|p2a: Sweeperella|Pinsir-Mega, M|100\/100\n|\n|-heal|p1a: Salamence|62\/100|[from] item: Leftovers\n|turn|31\n|c| Fitzsy|Yep\n|c| Ilirawsome|Yeah it's still anyones game\n|c|\u2605hauntersnightmare|naw\n|c|\u2605hauntersnightmare|unless DD\n|c| Straight Up Ethan|hasnt revealed 2 moves\n|choice||\n|\n|move|p2a: Sweeperella|Frustration|p1a: Salamence\n|-damage|p1a: Salamence|0 fnt\n|faint|p1a: Salamence\n|\n|c|\u2605hauntersnightmare|yeah but its leftovers\n|c|\u2605hauntersnightmare|so fire blast doesnt kill\n|choice||\n|\n|switch|p1a: Azumarill|Azumarill, M|77\/100\n|turn|32\n|choice||\n|\n|move|p1a: Azumarill|Aqua Jet|p2a: Sweeperella\n|-damage|p2a: Sweeperella|62\/100\n|move|p2a: Sweeperella|Frustration|p1a: Azumarill\n|-damage|p1a: Azumarill|0 fnt\n|faint|p1a: Azumarill\n|\n|win|hauntersnightmare\n|player|p1\n|player|p2\n|c|\u2605hauntersnightmare|gg man\n|c|\u2605Djole123|gg\n|c| Ilirawsome|gg\n|c| Fitzsy|Gg\n|c|\u2605hauntersnightmare|wp\n|l|Ilirawsome\n|l|Djole123\n|l|hauntersnightmare","inputlog":null,"uploadtime":1464222948,"views":24,"p1id":"djole123","p2id":"hauntersnightmare","formatid":"ou","rating":0,"private":0,"password":null}