{"id":"ou-382731188","p1":"dollfin","p2":"Candice","format":"ou","log":"|j|dollfin\n|j|Candice\n|player|p1|dollfin|287\n|player|p2|Candice|79\n|gametype|singles\n|gen|6\n|tier|OU\n|rated\n|seed|\n|clearpoke\n|poke|p1|Audino, F|item\n|poke|p1|Keldeo|item\n|poke|p1|Heatran, M|item\n|poke|p1|Latias, F|item\n|poke|p1|Scizor, M|item\n|poke|p1|Landorus-Therian, M|item\n|poke|p2|Landorus-Therian, M|item\n|poke|p2|Altaria, F|item\n|poke|p2|Latias, F|item\n|poke|p2|Keldeo-Resolute|item\n|poke|p2|Magnezone|item\n|poke|p2|Heatran, F|item\n|rule|Swagger Clause: Swagger is banned\n|rule|Baton Pass Clause: Limit one Baton Passer, can't pass Spe and other stats simultaneously\n|rule|Sleep Clause Mod: Limit one foe put to sleep\n|rule|Species Clause: Limit one of each Pok\u00e9mon\n|rule|OHKO Clause: OHKO moves are banned\n|rule|Moody Clause: Moody is banned\n|rule|Evasion Moves Clause: Evasion moves are banned\n|rule|Endless Battle Clause: Forcing endless battles is banned\n|rule|HP Percentage Mod: HP is shown in percentages\n|teampreview\n|choice||\n|\n|start\n|switch|p1a: Keldeo|Keldeo|100\/100\n|switch|p2a: PKThunder|Magnezone|100\/100\n|turn|1\n|choice||\n|\n|move|p1a: Keldeo|Secret Sword|p2a: PKThunder\n|-supereffective|p2a: PKThunder\n|-damage|p2a: PKThunder|0 fnt\n|faint|p2a: PKThunder\n|\n|choice||\n|\n|switch|p2a: Fluffy|Altaria, F|100\/100\n|-ability|p2a: Fluffy|Cloud Nine\n|turn|2\n|choice||\n|\n|switch|p1a: Audino|Audino, F|100\/100\n|switch|p2a: Marquise|Keldeo-Resolute|100\/100\n|\n|turn|3\n|choice||\n|\n|switch|p2a: Firebot|Heatran, F|100\/100\n|detailschange|p1a: Audino|Audino-Mega, F\n|-mega|p1a: Audino|Audino|Audinite\n|move|p1a: Audino|Thunder Wave|p2a: Firebot\n|-status|p2a: Firebot|par\n|\n|turn|4\n|choice||\n|\n|switch|p1a: Latias|Latias, F|100\/100\n|move|p2a: Firebot|Toxic|p1a: Latias\n|-status|p1a: Latias|tox\n|\n|-damage|p1a: Latias|95\/100 tox|[from] psn\n|turn|5\n|choice||\n|\n|move|p1a: Latias|Hidden Power|p2a: Firebot\n|-supereffective|p2a: Firebot\n|-damage|p2a: Firebot|12\/100 par\n|move|p2a: Firebot|Taunt|p1a: Latias\n|-start|p1a: Latias|move: Taunt\n|\n|-heal|p2a: Firebot|18\/100 par|[from] item: Leftovers\n|-damage|p1a: Latias|83\/100 tox|[from] psn\n|turn|6\n|choice||\n|\n|switch|p2a: Biscuit|Latias, F|100\/100\n|move|p1a: Latias|Ice Beam|p2a: Biscuit\n|-supereffective|p2a: Biscuit\n|-damage|p2a: Biscuit|43\/100\n|\n|-damage|p1a: Latias|65\/100 tox|[from] psn\n|turn|7\n|choice||\n|\n|switch|p1a: Audino|Audino-Mega, F|100\/100\n|switch|p2a: Marquise|Keldeo-Resolute|100\/100\n|\n|turn|8\n|choice||\n|\n|switch|p2a: Firebot|Heatran, F|18\/100 par\n|move|p1a: Audino|Calm Mind|p1a: Audino\n|-boost|p1a: Audino|spa|1\n|-boost|p1a: Audino|spd|1\n|\n|-heal|p2a: Firebot|24\/100 par|[from] item: Leftovers\n|turn|9\n|choice||\n|\n|move|p1a: Audino|Wish|p1a: Audino\n|move|p2a: Firebot|Magma Storm|p1a: Audino|[miss]\n|-miss|p2a: Firebot|p1a: Audino\n|\n|-heal|p2a: Firebot|30\/100 par|[from] item: Leftovers\n|turn|10\n|choice||\n|\n|switch|p1a: Heatran|Heatran, M|100\/100\n|move|p2a: Firebot|Toxic|p1a: Heatran|[miss]\n|-miss|p2a: Firebot|p1a: Heatran\n|\n|-heal|p2a: Firebot|36\/100 par|[from] item: Leftovers\n|turn|11\n|choice||\n|\n|switch|p1a: Scizor|Scizor, M|100\/100\n|switch|p2a: Marquise|Keldeo-Resolute|100\/100\n|\n|turn|12\n|choice||\n|\n|move|p2a: Marquise|Hydro Pump|p1a: Scizor\n|-damage|p1a: Scizor|38\/100\n|move|p1a: Scizor|Superpower|p2a: Marquise\n|-damage|p2a: Marquise|27\/100\n|-unboost|p1a: Scizor|atk|1\n|-unboost|p1a: Scizor|def|1\n|\n|turn|13\n|choice||\n|\n|switch|p2a: Biscuit|Latias, F|43\/100\n|switch|p1a: Audino|Audino-Mega, F|100\/100\n|\n|turn|14\n|choice||\n|\n|move|p2a: Biscuit|Healing Wish|p2a: Biscuit\n|faint|p2a: Biscuit\n|move|p1a: Audino|Wish|p1a: Audino\n|\n|choice||\n|\n|switch|p2a: Firebot|Heatran, F|36\/100 par\n|-heal|p2a: Firebot|100\/100|[from] move: Healing Wish\n|turn|15\n|choice||\n|\n|switch|p1a: Heatran|Heatran, M|100\/100\n|move|p2a: Firebot|Taunt|p1a: Heatran\n|-start|p1a: Heatran|move: Taunt\n|\n|turn|16\n|choice||\n|\n|move|p1a: Heatran|Earth Power|p2a: Firebot\n|-supereffective|p2a: Firebot\n|-damage|p2a: Firebot|0 fnt\n|faint|p2a: Firebot\n|\n|choice||\n|\n|switch|p2a: Meow Meow|Landorus-Therian, M|100\/100\n|-ability|p2a: Meow Meow|Intimidate|boost\n|-unboost|p1a: Heatran|atk|1\n|turn|17\n|j|Frag what frag\n|choice||\n|\n|switch|p1a: Audino|Audino-Mega, F|100\/100\n|move|p2a: Meow Meow|U-turn|p1a: Audino\n|-resisted|p1a: Audino\n|-damage|p1a: Audino|94\/100\n|choice||\n|\n|switch|p2a: Marquise|Keldeo-Resolute|27\/100\n|\n|turn|18\n|choice||\n|\n|move|p2a: Marquise|Hydro Pump|p1a: Audino\n|-damage|p1a: Audino|64\/100\n|move|p1a: Audino|Thunder Wave|p2a: Marquise\n|-status|p2a: Marquise|par\n|\n|turn|19\n|c|\u2605Candice|gg\n|c|\u2605dollfin|gg\n|c|\u2605Candice|hp ground on latias I guess\n|c|\u2605dollfin|ye\n|c|\u2605Candice|what item ? eb ?\n|c|\u2605dollfin|yup\n|c|\u2605Candice|haha\n|c|\u2605dollfin|tryin to run some heat :]\n|c|\u2605Candice|gg ! :)\n|c|\u2605dollfin|gg :]\n|-message|Candice forfeited.\n|\n|win|dollfin\n|player|p1\n|player|p2\n|l|Candice\n|raw|dollfin's rating: 1550 &rarr; <strong>1574<\/strong><br \/>(+24 for winning)\n|raw|Candice's rating: 1634 &rarr; <strong>1609<\/strong><br \/>(-25 for losing)\n|c| Frag what frag|that audino set\n|c|\u2605dollfin|-\n|c|\u2605dollfin|better clef :^)\n|l|dollfin\n|c| Frag what frag|yeah\n|j|dollfin","inputlog":null,"uploadtime":1465206406,"views":2,"p1id":"dollfin","p2id":"candice","formatid":"ou","rating":1574,"private":0,"password":null}