{"id":"ou-375873516","p1":"Andrewmon","p2":"Amaterus","format":"ou","log":"|j|Andrewmon\n|j|Amaterus\n|player|p1|Andrewmon|102\n|player|p2|Amaterus|#zinnia\n|gametype|singles\n|gen|6\n|tier|OU\n|rated\n|seed|\n|clearpoke\n|poke|p1|Talonflame, M|item\n|poke|p1|Sableye, M|item\n|poke|p1|Mamoswine, M|item\n|poke|p1|Magnezone|item\n|poke|p1|Starmie|item\n|poke|p1|Mismagius, M|item\n|poke|p2|Zygarde|item\n|poke|p2|Meloetta|item\n|poke|p2|Diancie|item\n|poke|p2|Ferrothorn, M|item\n|poke|p2|Jellicent, F|item\n|poke|p2|Mandibuzz, F, shiny|item\n|rule|Swagger Clause: Swagger is banned\n|rule|Baton Pass Clause: Limit one Baton Passer, can't pass Spe and other stats simultaneously\n|rule|Sleep Clause Mod: Limit one foe put to sleep\n|rule|Species Clause: Limit one of each Pok\u00e9mon\n|rule|OHKO Clause: OHKO moves are banned\n|rule|Moody Clause: Moody is banned\n|rule|Evasion Moves Clause: Evasion moves are banned\n|rule|Endless Battle Clause: Forcing endless battles is banned\n|rule|HP Percentage Mod: HP is shown in percentages\n|teampreview\n|choice||\n|\n|start\n|switch|p1a: Mamoswine|Mamoswine, M|100\/100\n|switch|p2a: Navel Rock|Diancie|100\/100\n|turn|1\n|choice||\n|\n|detailschange|p2a: Navel Rock|Diancie-Mega\n|-mega|p2a: Navel Rock|Diancie|Diancite\n|move|p2a: Navel Rock|Protect|p2a: Navel Rock\n|-singleturn|p2a: Navel Rock|Protect\n|move|p1a: Mamoswine|Earthquake|p2a: Navel Rock\n|-activate|p2a: Navel Rock|Protect\n|\n|turn|2\n|choice||\n|\n|switch|p1a: Sableye|Sableye, M|100\/100\n|move|p2a: Navel Rock|Moonblast|p1a: Sableye\n|-supereffective|p1a: Sableye\n|-damage|p1a: Sableye|0 fnt\n|faint|p1a: Sableye\n|\n|choice||\n|\n|switch|p1a: Starmie|Starmie|100\/100\n|turn|3\n|choice||\n|\n|switch|p2a: Phantom|Jellicent, F|100\/100\n|move|p1a: Starmie|Scald|p2a: Phantom\n|-immune|p2a: Phantom|[msg]|[from] ability: Water Absorb\n|\n|turn|4\n|l|Amaterus\n|player|p2\n|j|Amaterus\n|player|p2|Amaterus|#zinnia\n|choice||\n|\n|move|p1a: Starmie|Psyshock|p2a: Phantom\n|-damage|p2a: Phantom|79\/100\n|move|p2a: Phantom|Will-O-Wisp|p1a: Starmie\n|-status|p1a: Starmie|brn\n|\n|-heal|p2a: Phantom|85\/100|[from] item: Leftovers\n|-damage|p1a: Starmie|88\/100 brn|[from] brn\n|turn|5\n|choice||\n|\n|move|p1a: Starmie|Psyshock|p2a: Phantom\n|-damage|p2a: Phantom|62\/100\n|move|p2a: Phantom|Will-O-Wisp|p1a: Starmie|[miss]\n|-miss|p2a: Phantom|p1a: Starmie\n|\n|-heal|p1a: Starmie|94\/100 brn|[from] item: Leftovers\n|-heal|p2a: Phantom|68\/100|[from] item: Leftovers\n|-damage|p1a: Starmie|82\/100 brn|[from] brn\n|turn|6\n|choice||\n|\n|-curestatus|p1a: Starmie|brn|[from] ability: Natural Cure\n|switch|p1a: Mismagius|Mismagius, M|100\/100\n|move|p2a: Phantom|Recover|p2a: Phantom\n|-heal|p2a: Phantom|100\/100\n|\n|turn|7\n|choice||\n|\n|switch|p2a: Navel Rock|Diancie-Mega|100\/100\n|move|p1a: Mismagius|Will-O-Wisp|p2a: Navel Rock\n|move|p2a: Navel Rock|Will-O-Wisp|p1a: Mismagius|[from]Magic Bounce\n|-status|p1a: Mismagius|brn\n|\n|-damage|p1a: Mismagius|88\/100 brn|[from] brn\n|turn|8\n|choice||\n|\n|switch|p2a: Temple|Ferrothorn, M|100\/100\n|move|p1a: Mismagius|Energy Ball|p2a: Temple\n|-resisted|p2a: Temple\n|-damage|p2a: Temple|95\/100\n|-damage|p1a: Mismagius|78\/100 brn|[from] item: Life Orb\n|\n|-damage|p1a: Mismagius|66\/100 brn|[from] brn\n|turn|9\n|-message|Andrewmon forfeited.\n|\n|win|Amaterus\n|player|p1\n|player|p2\n|l|Andrewmon\n|raw|Andrewmon's rating: 1340 &rarr; <strong>1321<\/strong><br \/>(-19 for losing)\n|raw|Amaterus's rating: 1358 &rarr; <strong>1377<\/strong><br \/>(+19 for winning)","inputlog":null,"uploadtime":1463873492,"views":34,"p1id":"andrewmon","p2id":"amaterus","formatid":"ou","rating":1321,"private":0,"password":null}