{"id":"ou-382723222","p1":"JingfengL","p2":"Candice","format":"ou","log":"|j|JingfengL\n|j|Candice\n|player|p1|JingfengL|1\n|player|p2|Candice|79\n|gametype|singles\n|gen|6\n|tier|OU\n|rated\n|seed|\n|clearpoke\n|poke|p1|Gliscor, M|item\n|poke|p1|Heracross, M|item\n|poke|p1|Starmie, shiny|item\n|poke|p1|Heatran, M|item\n|poke|p1|Shedinja|item\n|poke|p1|Whimsicott, M, shiny|item\n|poke|p2|Landorus-Therian, M|item\n|poke|p2|Altaria, F|item\n|poke|p2|Latias, F|item\n|poke|p2|Keldeo-Resolute|item\n|poke|p2|Magnezone|item\n|poke|p2|Heatran, F|item\n|rule|Swagger Clause: Swagger is banned\n|rule|Baton Pass Clause: Limit one Baton Passer, can't pass Spe and other stats simultaneously\n|rule|Sleep Clause Mod: Limit one foe put to sleep\n|rule|Species Clause: Limit one of each Pok\u00e9mon\n|rule|OHKO Clause: OHKO moves are banned\n|rule|Moody Clause: Moody is banned\n|rule|Evasion Moves Clause: Evasion moves are banned\n|rule|Endless Battle Clause: Forcing endless battles is banned\n|rule|HP Percentage Mod: HP is shown in percentages\n|teampreview\n|choice||\n|\n|start\n|switch|p1a: Starmie|Starmie, shiny|100\/100\n|switch|p2a: Firebot|Heatran, F|100\/100\n|turn|1\n|choice||\n|\n|switch|p2a: Fluffy|Altaria, F|100\/100\n|-ability|p2a: Fluffy|Cloud Nine\n|move|p1a: Starmie|Scald|p2a: Fluffy\n|-resisted|p2a: Fluffy\n|-damage|p2a: Fluffy|86\/100\n|-status|p2a: Fluffy|brn\n|\n|-damage|p2a: Fluffy|74\/100 brn|[from] brn\n|turn|2\n|choice||\n|\n|detailschange|p2a: Fluffy|Altaria-Mega, F\n|-mega|p2a: Fluffy|Altaria|Altarianite\n|move|p1a: Starmie|Ice Beam|p2a: Fluffy\n|-supereffective|p2a: Fluffy\n|-damage|p2a: Fluffy|33\/100 brn\n|move|p2a: Fluffy|Dragon Dance|p2a: Fluffy\n|-boost|p2a: Fluffy|atk|1\n|-boost|p2a: Fluffy|spe|1\n|\n|-damage|p2a: Fluffy|20\/100 brn|[from] brn\n|turn|3\n|choice||\n|\n|switch|p1a: Gliscor|Gliscor, M|100\/100\n|move|p2a: Fluffy|Roost|p2a: Fluffy\n|-heal|p2a: Fluffy|70\/100 brn\n|\n|-damage|p2a: Fluffy|58\/100 brn|[from] brn\n|-status|p1a: Gliscor|tox|[from] item: Toxic Orb\n|turn|4\n|choice||\n|\n|move|p2a: Fluffy|Heal Bell|p2a: Fluffy\n|-cureteam|p2a: Fluffy|[from] move: Heal Bell\n|move|p1a: Gliscor|Stealth Rock|p2a: Fluffy\n|-sidestart|p2: Candice|move: Stealth Rock\n|\n|turn|5\n|choice||\n|\n|move|p2a: Fluffy|Dragon Dance|p2a: Fluffy\n|-boost|p2a: Fluffy|atk|1\n|-boost|p2a: Fluffy|spe|1\n|move|p1a: Gliscor|U-turn|p2a: Fluffy\n|-resisted|p2a: Fluffy\n|-damage|p2a: Fluffy|53\/100\n|choice||\n|\n|switch|p1a: Whimsicott|Whimsicott, M, shiny|100\/100\n|\n|turn|6\n|choice||\n|\n|switch|p2a: Firebot|Heatran, F|100\/100\n|-damage|p2a: Firebot|88\/100|[from] Stealth Rock\n|move|p1a: Whimsicott|Encore|p2a: Firebot\n|-fail|p2a: Firebot\n|\n|-heal|p2a: Firebot|94\/100|[from] item: Leftovers\n|turn|7\n|choice||\n|\n|move|p2a: Firebot|Magma Storm|p1a: Whimsicott\n|-supereffective|p1a: Whimsicott\n|-damage|p1a: Whimsicott|0 fnt\n|faint|p1a: Whimsicott\n|\n|-heal|p2a: Firebot|100\/100|[from] item: Leftovers\n|choice||\n|\n|switch|p1a: Starmie|Starmie, shiny|100\/100\n|turn|8\n|choice||\n|\n|switch|p2a: Fluffy|Altaria-Mega, F|53\/100\n|-damage|p2a: Fluffy|40\/100|[from] Stealth Rock\n|move|p1a: Starmie|Ice Beam|p2a: Fluffy\n|-supereffective|p2a: Fluffy\n|-damage|p2a: Fluffy|0 fnt\n|faint|p2a: Fluffy\n|\n|choice||\n|\n|switch|p2a: PKThunder|Magnezone|100\/100\n|-damage|p2a: PKThunder|94\/100|[from] Stealth Rock\n|turn|9\n|choice||\n|\n|switch|p1a: Shedinja|Shedinja|100\/100\n|move|p2a: PKThunder|Flash Cannon|p1a: Shedinja\n|-activate|p1a: Shedinja|ability: Wonder Guard\n|\n|turn|10\n|choice||\n|\n|switch|p2a: Firebot|Heatran, F|100\/100\n|-damage|p2a: Firebot|88\/100|[from] Stealth Rock\n|move|p1a: Shedinja|Baton Pass|p1a: Shedinja\n|choice||\n|\n|switch|p1a: Starmie|Starmie, shiny|100\/100\n|\n|-heal|p2a: Firebot|94\/100|[from] item: Leftovers\n|turn|11\n|choice||\n|\n|switch|p2a: Biscuit|Latias, F|100\/100\n|-damage|p2a: Biscuit|88\/100|[from] Stealth Rock\n|move|p1a: Starmie|Scald|p2a: Biscuit\n|-resisted|p2a: Biscuit\n|-damage|p2a: Biscuit|74\/100\n|-status|p2a: Biscuit|brn\n|\n|-damage|p2a: Biscuit|61\/100 brn|[from] brn\n|turn|12\n|choice||\n|\n|switch|p1a: Shedinja|Shedinja|100\/100\n|move|p2a: Biscuit|Draco Meteor|p1a: Shedinja\n|-activate|p1a: Shedinja|ability: Wonder Guard\n|\n|-damage|p2a: Biscuit|49\/100 brn|[from] brn\n|turn|13\n|choice||\n|\n|switch|p2a: Firebot|Heatran, F|94\/100\n|-damage|p2a: Firebot|82\/100|[from] Stealth Rock\n|move|p1a: Shedinja|Baton Pass|p1a: Shedinja\n|choice||\n|\n|switch|p1a: Starmie|Starmie, shiny|100\/100\n|\n|-heal|p2a: Firebot|88\/100|[from] item: Leftovers\n|turn|14\n|choice||\n|\n|move|p1a: Starmie|Scald|p2a: Firebot\n|-supereffective|p2a: Firebot\n|-damage|p2a: Firebot|23\/100\n|move|p2a: Firebot|Magma Storm|p1a: Starmie\n|-resisted|p1a: Starmie\n|-damage|p1a: Starmie|65\/100\n|-activate|p1a: Starmie|move: Magma Storm|[of] p2a: Firebot\n|\n|-heal|p1a: Starmie|71\/100|[from] item: Leftovers\n|-heal|p2a: Firebot|30\/100|[from] item: Leftovers\n|-damage|p1a: Starmie|58\/100|[from] move: Magma Storm|[partiallytrapped]\n|turn|15\n|choice||\n|\n|switch|p2a: Marquise|Keldeo-Resolute|100\/100\n|-damage|p2a: Marquise|94\/100|[from] Stealth Rock\n|move|p1a: Starmie|Scald|p2a: Marquise\n|-resisted|p2a: Marquise\n|-crit|p2a: Marquise\n|-damage|p2a: Marquise|63\/100\n|\n|-heal|p1a: Starmie|64\/100|[from] item: Leftovers\n|turn|16\n|choice||\n|\n|switch|p1a: Shedinja|Shedinja|100\/100\n|move|p2a: Marquise|Hydro Pump|p1a: Shedinja\n|-activate|p1a: Shedinja|ability: Wonder Guard\n|\n|turn|17\n|choice||\n|\n|move|p2a: Marquise|Hydro Pump|p1a: Shedinja\n|-activate|p1a: Shedinja|ability: Wonder Guard\n|move|p1a: Shedinja|Baton Pass|p1a: Shedinja\n|choice||\n|\n|switch|p1a: Starmie|Starmie, shiny|64\/100\n|\n|-heal|p1a: Starmie|70\/100|[from] item: Leftovers\n|turn|18\n|choice||\n|\n|switch|p1a: Shedinja|Shedinja|100\/100\n|move|p2a: Marquise|Hydro Pump|p1a: Shedinja\n|-activate|p1a: Shedinja|ability: Wonder Guard\n|\n|turn|19\n|choice||\n|\n|switch|p2a: Meow Meow|Landorus-Therian, M|100\/100\n|-damage|p2a: Meow Meow|88\/100|[from] Stealth Rock\n|-ability|p2a: Meow Meow|Intimidate|boost\n|-unboost|p1a: Shedinja|atk|1\n|move|p1a: Shedinja|Baton Pass|p1a: Shedinja\n|choice||\n|\n|switch|p1a: Starmie|Starmie, shiny|70\/100\n|\n|-heal|p1a: Starmie|76\/100|[from] item: Leftovers\n|-heal|p2a: Meow Meow|94\/100|[from] item: Leftovers\n|turn|20\n|choice||\n|\n|move|p1a: Starmie|Ice Beam|p2a: Meow Meow\n|-supereffective|p2a: Meow Meow\n|-damage|p2a: Meow Meow|0 fnt\n|faint|p2a: Meow Meow\n|\n|-heal|p1a: Starmie|82\/100|[from] item: Leftovers\n|choice||\n|\n|switch|p2a: PKThunder|Magnezone|94\/100\n|-damage|p2a: PKThunder|88\/100|[from] Stealth Rock\n|turn|21\n|choice||\n|\n|switch|p1a: Shedinja|Shedinja|100\/100\n|move|p2a: PKThunder|Hidden Power|p1a: Shedinja\n|-supereffective|p1a: Shedinja\n|-enditem|p1a: Shedinja|Focus Sash\n|-damage|p1a: Shedinja|100\/100\n|\n|turn|22\n|choice||\n|\n|switch|p1a: Heatran|Heatran, M|100\/100\n|switch|p2a: Marquise|Keldeo-Resolute|63\/100\n|-damage|p2a: Marquise|57\/100|[from] Stealth Rock\n|\n|turn|23\n|choice||\n|\n|switch|p2a: PKThunder|Magnezone|88\/100\n|-damage|p2a: PKThunder|82\/100|[from] Stealth Rock\n|switch|p1a: Shedinja|Shedinja|100\/100\n|\n|turn|24\n|choice||\n|\n|switch|p1a: Gliscor|Gliscor, M|100\/100 tox\n|move|p2a: PKThunder|Thunderbolt|p1a: Gliscor\n|-immune|p1a: Gliscor|[msg]\n|\n|turn|25\n|choice||\n|\n|switch|p2a: Biscuit|Latias, F|49\/100 brn\n|-damage|p2a: Biscuit|37\/100 brn|[from] Stealth Rock\n|move|p1a: Gliscor|U-turn|p2a: Biscuit\n|-supereffective|p2a: Biscuit\n|-damage|p2a: Biscuit|0 fnt\n|faint|p2a: Biscuit\n|choice||\n|\n|switch|p1a: Starmie|Starmie, shiny|82\/100\n|\n|-heal|p1a: Starmie|88\/100|[from] item: Leftovers\n|choice||\n|\n|switch|p2a: PKThunder|Magnezone|82\/100\n|-damage|p2a: PKThunder|76\/100|[from] Stealth Rock\n|turn|26\n|choice||\n|\n|switch|p1a: Gliscor|Gliscor, M|100\/100 tox\n|move|p2a: PKThunder|Hidden Power|p1a: Gliscor\n|-damage|p1a: Gliscor|67\/100 tox\n|\n|-heal|p1a: Gliscor|80\/100 tox|[from] ability: Poison Heal\n|turn|27\n|choice||\n|\n|move|p1a: Gliscor|Earthquake|p2a: PKThunder\n|-supereffective|p2a: PKThunder\n|-damage|p2a: PKThunder|0 fnt\n|faint|p2a: PKThunder\n|\n|-heal|p1a: Gliscor|92\/100 tox|[from] ability: Poison Heal\n|choice||\n|\n|switch|p2a: Firebot|Heatran, F|30\/100\n|-damage|p2a: Firebot|17\/100|[from] Stealth Rock\n|turn|28\n|choice||\n|\n|move|p2a: Firebot|Magma Storm|p1a: Gliscor\n|-damage|p1a: Gliscor|48\/100 tox\n|-activate|p1a: Gliscor|move: Magma Storm|[of] p2a: Firebot\n|move|p1a: Gliscor|Earthquake|p2a: Firebot\n|-supereffective|p2a: Firebot\n|-damage|p2a: Firebot|0 fnt\n|faint|p2a: Firebot\n|\n|-heal|p1a: Gliscor|60\/100 tox|[from] ability: Poison Heal\n|choice||\n|\n|switch|p2a: Marquise|Keldeo-Resolute|57\/100\n|-damage|p2a: Marquise|51\/100|[from] Stealth Rock\n|turn|29\n|choice||\n|\n|move|p1a: Gliscor|Protect|p1a: Gliscor\n|-singleturn|p1a: Gliscor|Protect\n|move|p2a: Marquise|Scald|p1a: Gliscor\n|-activate|p1a: Gliscor|Protect\n|\n|-heal|p1a: Gliscor|73\/100 tox|[from] ability: Poison Heal\n|turn|30\n|choice||\n|\n|move|p2a: Marquise|Scald|p1a: Gliscor\n|-supereffective|p1a: Gliscor\n|-damage|p1a: Gliscor|4\/100 tox\n|move|p1a: Gliscor|Earthquake|p2a: Marquise\n|-damage|p2a: Marquise|12\/100\n|\n|-heal|p1a: Gliscor|17\/100 tox|[from] ability: Poison Heal\n|turn|31\n|choice||\n|\n|move|p2a: Marquise|Scald|p1a: Gliscor\n|-supereffective|p1a: Gliscor\n|-damage|p1a: Gliscor|0 fnt\n|faint|p1a: Gliscor\n|\n|choice||\n|\n|switch|p1a: Shedinja|Shedinja|100\/100\n|turn|32\n|choice||\n|\n|move|p1a: Shedinja|Shadow Sneak|p2a: Marquise\n|-damage|p2a: Marquise|0 fnt\n|faint|p2a: Marquise\n|\n|win|JingfengL\n|player|p1\n|player|p2\n|raw|JingfengL's rating: 1732 &rarr; <strong>1747<\/strong><br \/>(+15 for winning)\n|raw|Candice's rating: 1632 &rarr; <strong>1617<\/strong><br \/>(-15 for losing)\n|l|Candice\n|l|JingfengL\n|j|JingfengL","inputlog":null,"uploadtime":1465203760,"views":11,"p1id":"jingfengl","p2id":"candice","formatid":"ou","rating":1617,"private":0,"password":null}