{"id":"ou-374210327","p1":"MYUYU","p2":"Pitaye","format":"ou","log":"|j|MYUYU\n|j|Pitaye\n|player|p1|MYUYU|2\n|player|p2|Pitaye|102\n|gametype|singles\n|gen|6\n|tier|OU\n|rated\n|seed|\n|clearpoke\n|poke|p1|Chansey, F|item\n|poke|p1|Skarmory, F|item\n|poke|p1|Slowbro, F|item\n|poke|p1|Bisharp, M|item\n|poke|p1|Keldeo-Resolute|item\n|poke|p1|Altaria, F|item\n|poke|p2|Manectric, F|item\n|poke|p2|Latios, M|item\n|poke|p2|Thundurus, M|item\n|poke|p2|Jirachi|item\n|poke|p2|Keldeo|item\n|poke|p2|Landorus-Therian, M|item\n|rule|Swagger Clause: Swagger is banned\n|rule|Baton Pass Clause: Limit one Baton Passer, can't pass Spe and other stats simultaneously\n|rule|Sleep Clause Mod: Limit one foe put to sleep\n|rule|Species Clause: Limit one of each Pok\u00e9mon\n|rule|OHKO Clause: OHKO moves are banned\n|rule|Moody Clause: Moody is banned\n|rule|Evasion Moves Clause: Evasion moves are banned\n|rule|Endless Battle Clause: Forcing endless battles is banned\n|rule|HP Percentage Mod: HP is shown in percentages\n|teampreview\n|j|Rabbitroll\n|choice||\n|\n|start\n|switch|p1a: Siren|Keldeo-Resolute|100\/100\n|switch|p2a: Thundurus|Thundurus, M|100\/100\n|turn|1\n|choice||\n|\n|switch|p1a: Miyu|Altaria, F|100\/100\n|-ability|p1a: Miyu|Cloud Nine\n|move|p2a: Thundurus|Nasty Plot|p2a: Thundurus\n|-boost|p2a: Thundurus|spa|2\n|\n|turn|2\n|j|TheWall22\n|choice||\n|\n|detailschange|p1a: Miyu|Altaria-Mega, F\n|-mega|p1a: Miyu|Altaria|Altarianite\n|move|p2a: Thundurus|Hidden Power|p1a: Miyu\n|-supereffective|p1a: Miyu\n|-damage|p1a: Miyu|31\/100\n|move|p1a: Miyu|Hyper Voice|p2a: Thundurus\n|-damage|p2a: Thundurus|33\/100\n|\n|-heal|p2a: Thundurus|39\/100|[from] item: Leftovers\n|turn|3\n|j|ranamontana\n|choice||\n|\n|switch|p1a: Andromeda|Chansey, F|100\/100\n|move|p2a: Thundurus|Focus Blast|p1a: Andromeda\n|-supereffective|p1a: Andromeda\n|-damage|p1a: Andromeda|52\/100\n|\n|-heal|p2a: Thundurus|45\/100|[from] item: Leftovers\n|turn|4\n|choice||\n|\n|move|p2a: Thundurus|Nasty Plot|p2a: Thundurus\n|-boost|p2a: Thundurus|spa|2\n|move|p1a: Andromeda|Soft-Boiled|p1a: Andromeda\n|-heal|p1a: Andromeda|100\/100\n|\n|-heal|p2a: Thundurus|51\/100|[from] item: Leftovers\n|turn|5\n|choice||\n|\n|move|p2a: Thundurus|Focus Blast|p1a: Andromeda\n|-supereffective|p1a: Andromeda\n|-damage|p1a: Andromeda|21\/100\n|move|p1a: Andromeda|Stealth Rock|p2a: Thundurus\n|-sidestart|p2: Pitaye|move: Stealth Rock\n|\n|-heal|p2a: Thundurus|57\/100|[from] item: Leftovers\n|turn|6\n|choice||\n|\n|move|p2a: Thundurus|Thunderbolt|p1a: Andromeda\n|-crit|p1a: Andromeda\n|-damage|p1a: Andromeda|0 fnt\n|faint|p1a: Andromeda\n|\n|-heal|p2a: Thundurus|63\/100|[from] item: Leftovers\n|choice||\n|\n|switch|p1a: Larva|Bisharp, M|100\/100\n|turn|7\n|choice||\n|\n|switch|p2a: Keldeo|Keldeo|100\/100\n|-damage|p2a: Keldeo|94\/100|[from] Stealth Rock\n|move|p1a: Larva|Knock Off|p2a: Keldeo\n|-resisted|p2a: Keldeo\n|-crit|p2a: Keldeo\n|-damage|p2a: Keldeo|46\/100\n|-ability|p2a: Keldeo|Justified|boost\n|-boost|p2a: Keldeo|atk|1\n|-enditem|p2a: Keldeo|Leftovers|[from] move: Knock Off|[of] p1a: Larva\n|\n|turn|8\n|choice||\n|\n|switch|p2a: Thundurus|Thundurus, M|63\/100\n|-damage|p2a: Thundurus|39\/100|[from] Stealth Rock\n|switch|p1a: Miyu|Altaria-Mega, F|31\/100\n|\n|-heal|p2a: Thundurus|45\/100|[from] item: Leftovers\n|turn|9\n|choice||\n|\n|move|p2a: Thundurus|Hidden Power|p1a: Miyu\n|-supereffective|p1a: Miyu\n|-damage|p1a: Miyu|0 fnt\n|faint|p1a: Miyu\n|\n|-heal|p2a: Thundurus|51\/100|[from] item: Leftovers\n|choice||\n|\n|switch|p1a: Larva|Bisharp, M|100\/100\n|turn|10\n|choice||\n|\n|switch|p2a: Keldeo|Keldeo|46\/100\n|-damage|p2a: Keldeo|40\/100|[from] Stealth Rock\n|move|p1a: Larva|Sucker Punch|p2a: Keldeo|[still]\n|-fail|p1a: Larva\n|\n|turn|11\n|choice||\n|\n|move|p2a: Keldeo|Secret Sword|p1a: Larva\n|-supereffective|p1a: Larva\n|-damage|p1a: Larva|0 fnt\n|faint|p1a: Larva\n|\n|choice||\n|\n|switch|p1a: SlowSis|Slowbro, F|100\/100\n|turn|12\n|choice||\n|\n|switch|p2a: Manectric|Manectric, F|100\/100\n|-damage|p2a: Manectric|88\/100|[from] Stealth Rock\n|move|p1a: SlowSis|Calm Mind|p1a: SlowSis\n|-boost|p1a: SlowSis|spa|1\n|-boost|p1a: SlowSis|spd|1\n|\n|turn|13\n|choice||\n|\n|detailschange|p2a: Manectric|Manectric-Mega, F\n|-mega|p2a: Manectric|Manectric|Manectite\n|-ability|p2a: Manectric|Intimidate|boost\n|-unboost|p1a: SlowSis|atk|1\n|move|p2a: Manectric|Thunderbolt|p1a: SlowSis\n|-supereffective|p1a: SlowSis\n|-damage|p1a: SlowSis|35\/100\n|move|p1a: SlowSis|Calm Mind|p1a: SlowSis\n|-boost|p1a: SlowSis|spa|1\n|-boost|p1a: SlowSis|spd|1\n|\n|turn|14\n|-message|MYUYU forfeited.\n|\n|win|Pitaye\n|player|p1\n|player|p2\n|l|MYUYU\n|raw|MYUYU's rating: 1638 &rarr; <strong>1620<\/strong><br \/>(-18 for losing)\n|raw|Pitaye's rating: 1669 &rarr; <strong>1687<\/strong><br \/>(+18 for winning)","inputlog":null,"uploadtime":1463566573,"views":0,"p1id":"myuyu","p2id":"pitaye","formatid":"ou","rating":1620,"private":0,"password":null}