{"id":"ou-382391492","p1":"Candice","p2":"Themincemeat","format":"ou","log":"|j|Candice\n|j|Themincemeat\n|player|p1|Candice|79\n|player|p2|Themincemeat|218\n|gametype|singles\n|gen|6\n|tier|OU\n|rated\n|seed|\n|clearpoke\n|poke|p1|Manectric, M|item\n|poke|p1|Thundurus, M|item\n|poke|p1|Jirachi|item\n|poke|p1|Latios, M|item\n|poke|p1|Landorus-Therian, M|item\n|poke|p1|Keldeo|item\n|poke|p2|Thundurus-Therian, M|item\n|poke|p2|Dragonite, F|item\n|poke|p2|Gyarados, F|item\n|poke|p2|Landorus-Therian, M|item\n|poke|p2|Charizard, M|item\n|poke|p2|Scizor, M|item\n|rule|Swagger Clause: Swagger is banned\n|rule|Baton Pass Clause: Limit one Baton Passer, can't pass Spe and other stats simultaneously\n|rule|Sleep Clause Mod: Limit one foe put to sleep\n|rule|Species Clause: Limit one of each Pok\u00e9mon\n|rule|OHKO Clause: OHKO moves are banned\n|rule|Moody Clause: Moody is banned\n|rule|Evasion Moves Clause: Evasion moves are banned\n|rule|Endless Battle Clause: Forcing endless battles is banned\n|rule|HP Percentage Mod: HP is shown in percentages\n|teampreview\n|choice||\n|\n|start\n|switch|p1a: Latios|Latios, M|100\/100\n|switch|p2a: Charizard|Charizard, M|100\/100\n|turn|1\n|choice||\n|\n|switch|p2a: Scizor|Scizor, M|100\/100\n|move|p1a: Latios|Draco Meteor|p2a: Scizor|[miss]\n|-miss|p1a: Latios|p2a: Scizor\n|\n|turn|2\n|choice||\n|\n|switch|p1a: Meow Meow|Landorus-Therian, M|100\/100\n|-ability|p1a: Meow Meow|Intimidate|boost\n|-unboost|p2a: Scizor|atk|1\n|move|p2a: Scizor|Toxic|p1a: Meow Meow\n|-status|p1a: Meow Meow|tox\n|\n|-damage|p1a: Meow Meow|94\/100 tox|[from] psn\n|turn|3\n|choice||\n|\n|move|p1a: Meow Meow|Stealth Rock|p2a: Scizor\n|-sidestart|p2: Themincemeat|move: Stealth Rock\n|move|p2a: Scizor|Swords Dance|p2a: Scizor\n|-boost|p2a: Scizor|atk|2\n|\n|-heal|p1a: Meow Meow|100\/100 tox|[from] item: Leftovers\n|-damage|p1a: Meow Meow|88\/100 tox|[from] psn\n|turn|4\n|choice||\n|\n|move|p1a: Meow Meow|U-turn|p2a: Scizor\n|-resisted|p2a: Scizor\n|-damage|p2a: Scizor|92\/100\n|choice||\n|\n|switch|p1a: Keldeo|Keldeo|100\/100\n|move|p2a: Scizor|Defog|p1a: Keldeo\n|-unboost|p1a: Keldeo|evasion|1\n|-sideend|p2: Themincemeat|Stealth Rock|[from] move: Defog|[of] p2a: Scizor\n|\n|-heal|p2a: Scizor|98\/100|[from] item: Leftovers\n|turn|5\n|choice||\n|\n|move|p1a: Keldeo|Hydro Pump|p2a: Scizor\n|-damage|p2a: Scizor|0 fnt\n|faint|p2a: Scizor\n|\n|choice||\n|\n|switch|p2a: Dragonite|Dragonite, F|100\/100\n|turn|6\n|choice||\n|\n|switch|p1a: Meow Meow|Landorus-Therian, M|88\/100 tox\n|-ability|p1a: Meow Meow|Intimidate|boost\n|-unboost|p2a: Dragonite|atk|1\n|move|p2a: Dragonite|Dragon Dance|p2a: Dragonite\n|-boost|p2a: Dragonite|atk|1\n|-boost|p2a: Dragonite|spe|1\n|\n|-heal|p1a: Meow Meow|94\/100 tox|[from] item: Leftovers\n|-damage|p1a: Meow Meow|88\/100 tox|[from] psn\n|turn|7\n|choice||\n|\n|move|p2a: Dragonite|Dragon Dance|p2a: Dragonite\n|-boost|p2a: Dragonite|atk|1\n|-boost|p2a: Dragonite|spe|1\n|move|p1a: Meow Meow|Stealth Rock|p2a: Dragonite\n|-sidestart|p2: Themincemeat|move: Stealth Rock\n|\n|-heal|p1a: Meow Meow|94\/100 tox|[from] item: Leftovers\n|-damage|p1a: Meow Meow|82\/100 tox|[from] psn\n|turn|8\n|choice||\n|\n|switch|p1a: Keldeo|Keldeo|100\/100\n|move|p2a: Dragonite|Dragon Dance|p2a: Dragonite\n|-boost|p2a: Dragonite|atk|1\n|-boost|p2a: Dragonite|spe|1\n|\n|turn|9\n|choice||\n|\n|move|p2a: Dragonite|Thunder Punch|p1a: Keldeo\n|-supereffective|p1a: Keldeo\n|-damage|p1a: Keldeo|0 fnt\n|faint|p1a: Keldeo\n|\n|choice||\n|\n|switch|p1a: Meow Meow|Landorus-Therian, M|82\/100 tox\n|-ability|p1a: Meow Meow|Intimidate|boost\n|-unboost|p2a: Dragonite|atk|1\n|turn|10\n|choice||\n|\n|move|p2a: Dragonite|Ice Punch|p1a: Meow Meow\n|-supereffective|p1a: Meow Meow\n|-damage|p1a: Meow Meow|0 fnt\n|faint|p1a: Meow Meow\n|\n|choice||\n|\n|switch|p1a: Manectric|Manectric, M|100\/100\n|turn|11\n|choice||\n|\n|detailschange|p1a: Manectric|Manectric-Mega, M\n|-mega|p1a: Manectric|Manectric|Manectite\n|-ability|p1a: Manectric|Intimidate|boost\n|-unboost|p2a: Dragonite|atk|1\n|move|p2a: Dragonite|Earthquake|p1a: Manectric\n|-supereffective|p1a: Manectric\n|-damage|p1a: Manectric|0 fnt\n|faint|p1a: Manectric\n|\n|choice||\n|\n|switch|p1a: Latios|Latios, M|100\/100\n|turn|12\n|choice||\n|\n|move|p2a: Dragonite|Dragon Dance|p2a: Dragonite\n|-boost|p2a: Dragonite|atk|1\n|-boost|p2a: Dragonite|spe|1\n|move|p1a: Latios|Draco Meteor|p2a: Dragonite\n|-supereffective|p2a: Dragonite\n|-damage|p2a: Dragonite|14\/100\n|-unboost|p1a: Latios|spa|2\n|-damage|p1a: Latios|91\/100|[from] item: Life Orb\n|\n|turn|13\n|choice||\n|\n|switch|p1a: Jirachi|Jirachi|100\/100\n|move|p2a: Dragonite|Ice Punch|p1a: Jirachi\n|-resisted|p1a: Jirachi\n|-damage|p1a: Jirachi|81\/100\n|\n|turn|14\n|choice||\n|\n|switch|p1a: Thundurus|Thundurus, M|100\/100\n|move|p2a: Dragonite|Earthquake|p1a: Thundurus\n|-immune|p1a: Thundurus|[msg]\n|\n|turn|15\n|choice||\n|\n|move|p2a: Dragonite|Ice Punch|p1a: Thundurus\n|-supereffective|p1a: Thundurus\n|-damage|p1a: Thundurus|0 fnt\n|faint|p1a: Thundurus\n|\n|-message|Candice forfeited.\n|\n|win|Themincemeat\n|player|p1\n|player|p2\n|l|Candice\n|raw|Candice's rating: 1558 &rarr; <strong>1534<\/strong><br \/>(-24 for losing)\n|raw|Themincemeat's rating: 1497 &rarr; <strong>1521<\/strong><br \/>(+24 for winning)","inputlog":null,"uploadtime":1465143389,"views":0,"p1id":"candice","p2id":"themincemeat","formatid":"ou","rating":1521,"private":0,"password":null}