{"id":"ou-378513970","p1":"Amaterus","p2":"darwin's theory","format":"ou","log":"|j|Amaterus\n|j|darwin's theory\n|player|p1|Amaterus|151\n|player|p2|darwin's theory|160\n|gametype|singles\n|gen|6\n|tier|OU\n|rated\n|seed|\n|clearpoke\n|poke|p1|Ferrothorn, M|item\n|poke|p1|Chansey, F|item\n|poke|p1|Gliscor, M|item\n|poke|p1|Diancie|item\n|poke|p1|Mandibuzz, F|item\n|poke|p1|Togekiss, M|item\n|poke|p2|Kyurem-Black|item\n|poke|p2|Talonflame, F|\n|poke|p2|Starmie|item\n|poke|p2|Clefable, M|item\n|poke|p2|Landorus-Therian, M|item\n|poke|p2|Medicham, F|item\n|rule|Swagger Clause: Swagger is banned\n|rule|Baton Pass Clause: Limit one Baton Passer, can't pass Spe and other stats simultaneously\n|rule|Sleep Clause Mod: Limit one foe put to sleep\n|rule|Species Clause: Limit one of each Pok\u00e9mon\n|rule|OHKO Clause: OHKO moves are banned\n|rule|Moody Clause: Moody is banned\n|rule|Evasion Moves Clause: Evasion moves are banned\n|rule|Endless Battle Clause: Forcing endless battles is banned\n|rule|HP Percentage Mod: HP is shown in percentages\n|teampreview\n|choice||\n|\n|start\n|switch|p1a: Navel Rock|Diancie|100\/100\n|switch|p2a: Starmie|Starmie|100\/100\n|turn|1\n|choice||\n|\n|detailschange|p1a: Navel Rock|Diancie-Mega\n|-mega|p1a: Navel Rock|Diancie|Diancite\n|move|p1a: Navel Rock|Protect|p1a: Navel Rock\n|-singleturn|p1a: Navel Rock|Protect\n|move|p2a: Starmie|Hydro Pump|p1a: Navel Rock\n|-activate|p1a: Navel Rock|Protect\n|\n|turn|2\n|choice||\n|\n|switch|p2a: Medicham|Medicham, F|100\/100\n|switch|p1a: Ecstasy|Chansey, F|100\/100\n|\n|turn|3\n|choice||\n|\n|switch|p1a: Scorpiox|Gliscor, M|100\/100\n|detailschange|p2a: Medicham|Medicham-Mega, F\n|-mega|p2a: Medicham|Medicham|Medichamite\n|move|p2a: Medicham|Ice Punch|p1a: Scorpiox\n|-supereffective|p1a: Scorpiox\n|-damage|p1a: Scorpiox|0 fnt\n|faint|p1a: Scorpiox\n|\n|choice||\n|\n|switch|p1a: Yami|Mandibuzz, F|100\/100\n|turn|4\n|choice||\n|\n|move|p2a: Medicham|High Jump Kick|p1a: Yami\n|-damage|p1a: Yami|40\/100\n|-damage|p2a: Medicham|84\/100|[from] item: Rocky Helmet|[of] p1a: Yami\n|move|p1a: Yami|Foul Play|p2a: Medicham\n|-damage|p2a: Medicham|19\/100\n|\n|turn|5\n|choice||\n|\n|switch|p1a: Temple|Ferrothorn, M|100\/100\n|move|p2a: Medicham|High Jump Kick|p1a: Temple\n|-supereffective|p1a: Temple\n|-damage|p1a: Temple|0 fnt\n|-damage|p2a: Medicham|6\/100|[from] ability: Iron Barbs|[of] p1a: Temple\n|-damage|p2a: Medicham|0 fnt|[from] item: Rocky Helmet|[of] p1a: Temple\n|faint|p2a: Medicham\n|faint|p1a: Temple\n|\n|choice||\n|\n|switch|p2a: Starmie|Starmie|100\/100\n|switch|p1a: Ecstasy|Chansey, F|100\/100\n|turn|6\n|choice||\n|\n|switch|p2a: Talonflame|Talonflame, F|100\/100\n|move|p1a: Ecstasy|Thunder Wave|p2a: Talonflame\n|-status|p2a: Talonflame|par\n|\n|turn|7\n|choice||\n|\n|switch|p1a: Navel Rock|Diancie-Mega|100\/100\n|cant|p2a: Talonflame|par\n|\n|turn|8\n|choice||\n|\n|switch|p2a: Clefable|Clefable, M|100\/100\n|move|p1a: Navel Rock|Diamond Storm|p2a: Clefable\n|-crit|p2a: Clefable\n|-damage|p2a: Clefable|32\/100\n|\n|-heal|p2a: Clefable|38\/100|[from] item: Leftovers\n|turn|9\n|choice||\n|\n|move|p1a: Navel Rock|Moonblast|p2a: Clefable\n|-damage|p2a: Clefable|0 fnt\n|faint|p2a: Clefable\n|\n|choice||\n|\n|switch|p2a: Landorus|Landorus-Therian, M|100\/100\n|-ability|p2a: Landorus|Intimidate|boost\n|-unboost|p1a: Navel Rock|atk|1\n|turn|10\n|choice||\n|\n|switch|p1a: Yami|Mandibuzz, F|40\/100\n|move|p2a: Landorus|Stealth Rock|p1a: Yami\n|-sidestart|p1: Amaterus|move: Stealth Rock\n|\n|turn|11\n|choice||\n|\n|switch|p2a: Talonflame|Talonflame, F|100\/100 par\n|move|p1a: Yami|Roost|p1a: Yami\n|-heal|p1a: Yami|90\/100\n|\n|turn|12\n|choice||\n|\n|switch|p2a: Kyurem|Kyurem-Black|100\/100\n|-ability|p2a: Kyurem|Teravolt\n|move|p1a: Yami|Defog|p2a: Kyurem\n|-unboost|p2a: Kyurem|evasion|1\n|-sideend|p1: Amaterus|Stealth Rock|[from] move: Defog|[of] p1a: Yami\n|\n|turn|13\n|choice||\n|\n|switch|p1a: Ecstasy|Chansey, F|100\/100\n|move|p2a: Kyurem|Ice Beam|p1a: Ecstasy\n|-damage|p1a: Ecstasy|82\/100\n|-damage|p2a: Kyurem|91\/100|[from] item: Life Orb\n|\n|turn|14\n|choice||\n|\n|switch|p2a: Talonflame|Talonflame, F|100\/100 par\n|move|p1a: Ecstasy|Seismic Toss|p2a: Talonflame\n|-damage|p2a: Talonflame|73\/100 par\n|\n|turn|15\n|choice||\n|\n|switch|p1a: Yami|Mandibuzz, F|90\/100\n|move|p2a: Talonflame|Flare Blitz|p1a: Yami\n|-damage|p1a: Yami|61\/100\n|-damage|p2a: Talonflame|56\/100 par|[from] item: Rocky Helmet|[of] p1a: Yami\n|-status|p1a: Yami|brn\n|-damage|p2a: Talonflame|45\/100 par|[from] recoil|[of] p1a: Yami\n|\n|-damage|p1a: Yami|49\/100 brn|[from] brn\n|turn|16\n|choice||\n|\n|move|p2a: Talonflame|Roost|p2a: Talonflame\n|-heal|p2a: Talonflame|95\/100 par\n|move|p1a: Yami|Roost|p1a: Yami\n|-heal|p1a: Yami|99\/100 brn\n|\n|-damage|p1a: Yami|86\/100 brn|[from] brn\n|turn|17\n|choice||\n|\n|switch|p1a: Ecstasy|Chansey, F|82\/100\n|switch|p2a: Kyurem|Kyurem-Black|91\/100\n|-ability|p2a: Kyurem|Teravolt\n|\n|turn|18\n|choice||\n|\n|move|p2a: Kyurem|Fusion Bolt|p1a: Ecstasy\n|-damage|p1a: Ecstasy|51\/100\n|-damage|p2a: Kyurem|81\/100|[from] item: Life Orb\n|move|p1a: Ecstasy|Heal Bell|p1a: Ecstasy\n|-cureteam|p1a: Ecstasy|[from] move: Heal Bell\n|\n|turn|19\n|choice||\n|\n|move|p2a: Kyurem|Ice Beam|p1a: Ecstasy\n|-damage|p1a: Ecstasy|30\/100\n|-damage|p2a: Kyurem|71\/100|[from] item: Life Orb\n|move|p1a: Ecstasy|Soft-Boiled|p1a: Ecstasy\n|-heal|p1a: Ecstasy|80\/100\n|\n|turn|20\n|choice||\n|\n|switch|p2a: Talonflame|Talonflame, F|95\/100 par\n|move|p1a: Ecstasy|Seismic Toss|p2a: Talonflame\n|-damage|p2a: Talonflame|67\/100 par\n|\n|turn|21\n|choice||\n|\n|switch|p1a: Yami|Mandibuzz, F|86\/100\n|move|p2a: Talonflame|Swords Dance|p2a: Talonflame\n|-boost|p2a: Talonflame|atk|2\n|\n|turn|22\n|choice||\n|\n|switch|p2a: Landorus|Landorus-Therian, M|100\/100\n|-ability|p2a: Landorus|Intimidate|boost\n|-unboost|p1a: Yami|atk|1\n|move|p1a: Yami|Foul Play|p2a: Landorus\n|-damage|p2a: Landorus|66\/100\n|\n|-heal|p2a: Landorus|72\/100|[from] item: Leftovers\n|turn|23\n|choice||\n|\n|move|p2a: Landorus|Stealth Rock|p1a: Yami\n|-sidestart|p1: Amaterus|move: Stealth Rock\n|move|p1a: Yami|Foul Play|p2a: Landorus\n|-damage|p2a: Landorus|41\/100\n|\n|-heal|p2a: Landorus|47\/100|[from] item: Leftovers\n|turn|24\n|choice||\n|\n|move|p2a: Landorus|Stone Edge|p1a: Yami\n|-supereffective|p1a: Yami\n|-damage|p1a: Yami|53\/100\n|move|p1a: Yami|Defog|p2a: Landorus\n|-unboost|p2a: Landorus|evasion|1\n|-sideend|p1: Amaterus|Stealth Rock|[from] move: Defog|[of] p1a: Yami\n|\n|-heal|p2a: Landorus|53\/100|[from] item: Leftovers\n|turn|25\n|l|Amaterus\n|player|p1\n|j|Amaterus\n|player|p1|Amaterus|151\n|choice||\n|\n|move|p2a: Landorus|Stealth Rock|p1a: Yami\n|-sidestart|p1: Amaterus|move: Stealth Rock\n|move|p1a: Yami|Roost|p1a: Yami\n|-heal|p1a: Yami|100\/100\n|\n|-heal|p2a: Landorus|59\/100|[from] item: Leftovers\n|turn|26\n|choice||\n|\n|move|p2a: Landorus|Stone Edge|p1a: Yami\n|-supereffective|p1a: Yami\n|-damage|p1a: Yami|67\/100\n|move|p1a: Yami|Foul Play|p2a: Landorus\n|-damage|p2a: Landorus|27\/100\n|\n|-heal|p2a: Landorus|33\/100|[from] item: Leftovers\n|turn|27\n|choice||\n|\n|move|p2a: Landorus|Stone Edge|p1a: Yami\n|-supereffective|p1a: Yami\n|-damage|p1a: Yami|32\/100\n|move|p1a: Yami|Defog|p2a: Landorus\n|-unboost|p2a: Landorus|evasion|1\n|-sideend|p1: Amaterus|Stealth Rock|[from] move: Defog|[of] p1a: Yami\n|\n|-heal|p2a: Landorus|39\/100|[from] item: Leftovers\n|turn|28\n|choice||\n|\n|move|p2a: Landorus|Stealth Rock|p1a: Yami\n|-sidestart|p1: Amaterus|move: Stealth Rock\n|move|p1a: Yami|Roost|p1a: Yami\n|-heal|p1a: Yami|82\/100\n|\n|-heal|p2a: Landorus|45\/100|[from] item: Leftovers\n|turn|29\n|choice||\n|\n|move|p2a: Landorus|Stone Edge|p1a: Yami\n|-supereffective|p1a: Yami\n|-damage|p1a: Yami|43\/100\n|move|p1a: Yami|Defog|p2a: Landorus\n|-unboost|p2a: Landorus|evasion|1\n|-sideend|p1: Amaterus|Stealth Rock|[from] move: Defog|[of] p1a: Yami\n|\n|-heal|p2a: Landorus|51\/100|[from] item: Leftovers\n|turn|30\n|choice||\n|\n|move|p2a: Landorus|Stone Edge|p1a: Yami|[miss]\n|-miss|p2a: Landorus|p1a: Yami\n|move|p1a: Yami|Foul Play|p2a: Landorus\n|-damage|p2a: Landorus|19\/100\n|\n|-heal|p2a: Landorus|25\/100|[from] item: Leftovers\n|turn|31\n|choice||\n|\n|switch|p1a: Navel Rock|Diancie-Mega|100\/100\n|move|p2a: Landorus|Stone Edge|p1a: Navel Rock\n|-damage|p1a: Navel Rock|54\/100\n|\n|-heal|p2a: Landorus|31\/100|[from] item: Leftovers\n|turn|32\n|choice||\n|\n|move|p1a: Navel Rock|Moonblast|p2a: Landorus\n|-damage|p2a: Landorus|0 fnt\n|faint|p2a: Landorus\n|\n|choice||\n|\n|switch|p2a: Starmie|Starmie|100\/100\n|turn|33\n|choice||\n|\n|switch|p1a: Ecstasy|Chansey, F|80\/100\n|move|p2a: Starmie|Psyshock|p1a: Ecstasy\n|-damage|p1a: Ecstasy|44\/100\n|-damage|p2a: Starmie|91\/100|[from] item: Life Orb\n|\n|turn|34\n|choice||\n|\n|switch|p2a: Talonflame|Talonflame, F|67\/100 par\n|move|p1a: Ecstasy|Soft-Boiled|p1a: Ecstasy\n|-heal|p1a: Ecstasy|94\/100\n|\n|turn|35\n|choice||\n|\n|move|p1a: Ecstasy|Seismic Toss|p2a: Talonflame\n|-damage|p2a: Talonflame|39\/100 par\n|move|p2a: Talonflame|Swords Dance|p2a: Talonflame\n|-boost|p2a: Talonflame|atk|2\n|\n|turn|36\n|choice||\n|\n|move|p2a: Talonflame|Roost|p2a: Talonflame\n|-heal|p2a: Talonflame|89\/100 par\n|move|p1a: Ecstasy|Seismic Toss|p2a: Talonflame\n|-damage|p2a: Talonflame|62\/100 par\n|\n|turn|37\n|choice||\n|\n|switch|p1a: Yami|Mandibuzz, F|43\/100\n|move|p2a: Talonflame|Swords Dance|p2a: Talonflame\n|-boost|p2a: Talonflame|atk|2\n|\n|turn|38\n|choice||\n|\n|move|p2a: Talonflame|Acrobatics|p1a: Yami\n|-damage|p1a: Yami|0 fnt\n|-damage|p2a: Talonflame|45\/100 par|[from] item: Rocky Helmet|[of] p1a: Yami\n|faint|p1a: Yami\n|\n|choice||\n|\n|switch|p1a: Cirrus|Togekiss, M|100\/100\n|turn|39\n|choice||\n|\n|move|p2a: Talonflame|Acrobatics|p1a: Cirrus\n|-damage|p1a: Cirrus|0 fnt\n|faint|p1a: Cirrus\n|\n|choice||\n|\n|switch|p1a: Navel Rock|Diancie-Mega|54\/100\n|turn|40\n|choice||\n|\n|move|p2a: Talonflame|Acrobatics|p1a: Navel Rock\n|-resisted|p1a: Navel Rock\n|-damage|p1a: Navel Rock|0 fnt\n|faint|p1a: Navel Rock\n|\n|choice||\n|\n|switch|p1a: Ecstasy|Chansey, F|94\/100\n|turn|41\n|choice||\n|\n|move|p2a: Talonflame|Acrobatics|p1a: Ecstasy\n|-damage|p1a: Ecstasy|3\/100\n|move|p1a: Ecstasy|Seismic Toss|p2a: Talonflame\n|-damage|p2a: Talonflame|17\/100 par\n|\n|turn|42\n|choice||\n|\n|cant|p2a: Talonflame|par\n|move|p1a: Ecstasy|Soft-Boiled|p1a: Ecstasy\n|-heal|p1a: Ecstasy|53\/100\n|\n|turn|43\n|choice||\n|\n|move|p2a: Talonflame|Acrobatics|p1a: Ecstasy\n|-damage|p1a: Ecstasy|0 fnt\n|faint|p1a: Ecstasy\n|\n|win|darwin's theory\n|player|p1\n|player|p2\n|l|Amaterus\n|raw|Amaterus's rating: 1752 &rarr; <strong>1732<\/strong><br \/>(-20 for losing)\n|raw|darwin&apos;s theory's rating: 1746 &rarr; <strong>1767<\/strong><br \/>(+21 for winning)","inputlog":null,"uploadtime":1464378973,"views":148,"p1id":"amaterus","p2id":"darwinstheory","formatid":"ou","rating":1732,"private":0,"password":null}