{"id":"ou-376191347","p1":"xxempoleonlovex x","p2":"Amaterus","format":"ou","log":"|j|xxempoleonlovex x\n|j|Amaterus\n|player|p1|xxempoleonlovex x|169\n|player|p2|Amaterus|151\n|gametype|singles\n|gen|6\n|tier|OU\n|rated\n|seed|\n|clearpoke\n|poke|p1|Gyarados, M|item\n|poke|p1|Raikou|item\n|poke|p1|Latios, M|item\n|poke|p1|Garchomp, M|item\n|poke|p1|Bisharp, M|item\n|poke|p1|Kyurem-Black|item\n|poke|p2|Charizard, M|item\n|poke|p2|Clefable, M, shiny|item\n|poke|p2|Skarmory, M, shiny|item\n|poke|p2|Mandibuzz, F, shiny|item\n|poke|p2|Gastrodon, M, shiny|item\n|poke|p2|Serperior, M, shiny|item\n|rule|Swagger Clause: Swagger is banned\n|rule|Baton Pass Clause: Limit one Baton Passer, can't pass Spe and other stats simultaneously\n|rule|Sleep Clause Mod: Limit one foe put to sleep\n|rule|Species Clause: Limit one of each Pok\u00e9mon\n|rule|OHKO Clause: OHKO moves are banned\n|rule|Moody Clause: Moody is banned\n|rule|Evasion Moves Clause: Evasion moves are banned\n|rule|Endless Battle Clause: Forcing endless battles is banned\n|rule|HP Percentage Mod: HP is shown in percentages\n|teampreview\n|j|jgjgjhuu\n|choice||\n|\n|start\n|switch|p1a: Kyurem|Kyurem-Black|100\/100\n|switch|p2a: Sage|Charizard, M|100\/100\n|-ability|p1a: Kyurem|Teravolt\n|turn|1\n|choice||\n|\n|detailschange|p2a: Sage|Charizard-Mega-Y, M\n|-mega|p2a: Sage|Charizard|Charizardite Y\n|-weather|SunnyDay|[from] ability: Drought|[of] p2a: Sage\n|move|p2a: Sage|Fire Blast|p1a: Kyurem\n|-damage|p1a: Kyurem|2\/100\n|move|p1a: Kyurem|Outrage|p2a: Sage\n|-damage|p2a: Sage|0 fnt\n|-damage|p1a: Kyurem|0 fnt|[from] item: Life Orb\n|faint|p2a: Sage\n|faint|p1a: Kyurem\n|\n|-weather|SunnyDay|[upkeep]\n|j|Levenz\n|j|Kajausbo\n|choice||\n|\n|switch|p2a: Serpent|Serperior, M, shiny|100\/100\n|switch|p1a: Garchomp|Garchomp, M|100\/100\n|turn|2\n|j|z t e s t\n|choice||\n|\n|move|p2a: Serpent|Leaf Storm|p1a: Garchomp\n|-crit|p1a: Garchomp\n|-damage|p1a: Garchomp|48\/100\n|-boost|p2a: Serpent|spa|2\n|move|p1a: Garchomp|Fire Blast|p2a: Serpent\n|-supereffective|p2a: Serpent\n|-damage|p2a: Serpent|31\/100\n|\n|-weather|SunnyDay|[upkeep]\n|-heal|p2a: Serpent|37\/100|[from] item: Leftovers\n|turn|3\n|choice||\n|\n|move|p2a: Serpent|Leaf Storm|p1a: Garchomp\n|-damage|p1a: Garchomp|0 fnt\n|-boost|p2a: Serpent|spa|2\n|faint|p1a: Garchomp\n|\n|-weather|SunnyDay|[upkeep]\n|-heal|p2a: Serpent|43\/100|[from] item: Leftovers\n|c|\u2605xxempoleonlovex x|crispy\n|choice||\n|\n|switch|p1a: Raikou|Raikou|100\/100\n|-ability|p1a: Raikou|Pressure\n|turn|4\n|choice||\n|\n|move|p1a: Raikou|Hidden Power|p2a: Serpent\n|-supereffective|p2a: Serpent\n|-crit|p2a: Serpent\n|-damage|p2a: Serpent|0 fnt\n|faint|p2a: Serpent\n|\n|-weather|SunnyDay|[upkeep]\n|choice||\n|\n|switch|p2a: Poseidon|Gastrodon, M, shiny|100\/100\n|turn|5\n|j|ebinola\n|choice||\n|\n|switch|p1a: Latios|Latios, M|100\/100\n|move|p2a: Poseidon|Toxic|p1a: Latios\n|-status|p1a: Latios|tox\n|\n|-weather|none\n|-damage|p1a: Latios|95\/100 tox|[from] psn\n|turn|6\n|c| Levenz|yo mom is CRISPYYY\n|choice||\n|\n|switch|p1a: Bisharp|Bisharp, M|100\/100\n|move|p2a: Poseidon|Recover|p2a: Poseidon\n|-fail|p2a: Poseidon\n|\n|turn|7\n|c|\u2605xxempoleonlovex x|no u\n|choice||\n|\n|switch|p2a: Raptor|Skarmory, M, shiny|100\/100\n|move|p1a: Bisharp|Knock Off|p2a: Raptor\n|-damage|p2a: Raptor|62\/100\n|-damage|p1a: Bisharp|84\/100|[from] item: Rocky Helmet|[of] p2a: Raptor\n|-enditem|p2a: Raptor|Rocky Helmet|[from] move: Knock Off|[of] p1a: Bisharp\n|-damage|p1a: Bisharp|74\/100|[from] item: Life Orb\n|\n|turn|8\n|choice||\n|\n|move|p1a: Bisharp|Swords Dance|p1a: Bisharp\n|-boost|p1a: Bisharp|atk|2\n|move|p2a: Raptor|Stealth Rock|p1a: Bisharp\n|-sidestart|p1: xxempoleonlovex x|move: Stealth Rock\n|\n|turn|9\n|c| Levenz|sd here then taunt\n|choice||\n|\n|move|p1a: Bisharp|Iron Head|p2a: Raptor\n|-resisted|p2a: Raptor\n|-damage|p2a: Raptor|33\/100\n|-damage|p1a: Bisharp|64\/100|[from] item: Life Orb\n|move|p2a: Raptor|Counter|p1a: Bisharp\n|-damage|p1a: Bisharp|0 fnt\n|faint|p1a: Bisharp\n|\n|c|\u2605xxempoleonlovex x|>counter\n|c|\u2605Amaterus|LMAO\n|c|\u2605xxempoleonlovex x|lmfao\n|c| Levenz|sigh\n|c|\u2605xxempoleonlovex x|yeah\n|c|\u2605xxempoleonlovex x|thats how you play it\n|choice||\n|\n|switch|p1a: Latios|Latios, M|95\/100 tox\n|-damage|p1a: Latios|82\/100 tox|[from] Stealth Rock\n|turn|10\n|c|\u2605Amaterus|you cant play\n|c|\u2605Amaterus|outrage turn 1 with kyurem\n|c|\u2605Amaterus|if i didn get a low roll\n|c|\u2605xxempoleonlovex x|i cant play yet im significantly higher than you\n|c|\u2605xxempoleonlovex x|good one LOL\n|l|Levenz\n|c|\u2605Amaterus|uh no u aint\n|c|\u2605xxempoleonlovex x|ya\n|c|\u2605xxempoleonlovex x|i am\n|c|\u2605Amaterus|lmao\n|c|\u2605Amaterus|im 1698\n|c|\u2605Amaterus|ur 1971\n|c|\u2605Amaterus|1671*\n|c|\u2605xxempoleonlovex x|uh lol\n|c|\u2605xxempoleonlovex x|sure?\n|c|\u2605xxempoleonlovex x|PLAY\n|c|\u2605xxempoleonlovex x|FUCK\n|choice||\n|\n|move|p1a: Latios|Draco Meteor|p2a: Raptor\n|-resisted|p2a: Raptor\n|-damage|p2a: Raptor|0 fnt\n|-unboost|p1a: Latios|spa|2\n|-damage|p1a: Latios|72\/100 tox|[from] item: Life Orb\n|faint|p2a: Raptor\n|\n|-damage|p1a: Latios|66\/100 tox|[from] psn\n|choice||\n|\n|switch|p2a: Yami|Mandibuzz, F, shiny|100\/100\n|turn|11\n|choice||\n|\n|move|p1a: Latios|Defog|p2a: Yami\n|-unboost|p2a: Yami|evasion|1\n|-sideend|p1: xxempoleonlovex x|Stealth Rock|[from] move: Defog|[of] p1a: Latios\n|move|p2a: Yami|Foul Play|p1a: Latios\n|-supereffective|p1a: Latios\n|-damage|p1a: Latios|0 fnt\n|faint|p1a: Latios\n|\n|choice||\n|\n|switch|p1a: Raikou|Raikou|100\/100\n|-ability|p1a: Raikou|Pressure\n|turn|12\n|choice||\n|\n|switch|p1a: Gyarados|Gyarados, M|100\/100\n|-ability|p1a: Gyarados|Intimidate|boost\n|-unboost|p2a: Yami|atk|1\n|move|p2a: Yami|Foul Play|p1a: Gyarados\n|-damage|p1a: Gyarados|43\/100\n|\n|turn|13\n|c|\u2605Amaterus|so shit\n|c|\u2605Amaterus|lol\n|c|\u2605xxempoleonlovex x|foul plays the raikou\n|c|\u2605xxempoleonlovex x|lmfao\n|choice||\n|\n|switch|p1a: Raikou|Raikou|100\/100\n|-ability|p1a: Raikou|Pressure\n|move|p2a: Yami|Foul Play|p1a: Raikou\n|-damage|p1a: Raikou|70\/100\n|\n|-heal|p1a: Raikou|76\/100|[from] item: Leftovers\n|turn|14\n|c|\u2605xxempoleonlovex x|its like your trying to lose\n|choice||\n|\n|switch|p2a: Crescent|Clefable, M, shiny|100\/100\n|move|p1a: Raikou|Thunderbolt|p2a: Crescent\n|-damage|p2a: Crescent|58\/100\n|\n|-heal|p1a: Raikou|82\/100|[from] item: Leftovers\n|-heal|p2a: Crescent|64\/100|[from] item: Leftovers\n|turn|15\n|choice||\n|\n|move|p1a: Raikou|Thunderbolt|p2a: Crescent\n|-damage|p2a: Crescent|25\/100\n|move|p2a: Crescent|Moonlight|p2a: Crescent\n|-heal|p2a: Crescent|75\/100\n|\n|-heal|p1a: Raikou|88\/100|[from] item: Leftovers\n|-heal|p2a: Crescent|81\/100|[from] item: Leftovers\n|turn|16\n|choice||\n|\n|move|p1a: Raikou|Thunderbolt|p2a: Crescent\n|-damage|p2a: Crescent|38\/100\n|-status|p2a: Crescent|par\n|cant|p2a: Crescent|par\n|\n|-heal|p1a: Raikou|95\/100|[from] item: Leftovers\n|-heal|p2a: Crescent|44\/100 par|[from] item: Leftovers\n|turn|17\n|c|\u2605Amaterus|i win with clef stupid\n|choice||\n|\n|switch|p2a: Poseidon|Gastrodon, M, shiny|100\/100\n|move|p1a: Raikou|Thunderbolt|p2a: Poseidon\n|-immune|p2a: Poseidon|[msg]\n|\n|-heal|p1a: Raikou|100\/100|[from] item: Leftovers\n|turn|18\n|c|\u2605xxempoleonlovex x|its dumb to risk mandi\n|c|\u2605xxempoleonlovex x|moron\n|choice||\n|\n|move|p1a: Raikou|Substitute|p1a: Raikou\n|-start|p1a: Raikou|Substitute\n|-damage|p1a: Raikou|76\/100\n|move|p2a: Poseidon|Toxic|p1a: Raikou\n|-fail|p1a: Raikou\n|\n|-heal|p1a: Raikou|82\/100|[from] item: Leftovers\n|turn|19\n|j|Levenz\n|c|\u2605Amaterus|its dumb to use a team thats 6-0d by clefable\n|c|\u2605Amaterus|\"fucking moron\n|c|\u2605xxempoleonlovex x|i have a bish\n|c|\u2605xxempoleonlovex x|idiot\n|c|\u2605xxempoleonlovex x|its not 6-0d\n|choice||\n|\n|switch|p1a: Gyarados|Gyarados, M|43\/100\n|-ability|p1a: Gyarados|Intimidate|boost\n|-unboost|p2a: Poseidon|atk|1\n|move|p2a: Poseidon|Earth Power|p1a: Gyarados\n|-immune|p1a: Gyarados|[msg]\n|\n|turn|20\n|c|\u2605Amaterus|yeah but u still lose to me\n|c|\u2605Amaterus|:]\n|choice||\n|\n|switch|p2a: Yami|Mandibuzz, F, shiny|100\/100\n|move|p1a: Gyarados|Dragon Dance|p1a: Gyarados\n|-boost|p1a: Gyarados|atk|1\n|-boost|p1a: Gyarados|spe|1\n|\n|turn|21\n|choice||\n|\n|detailschange|p1a: Gyarados|Gyarados-Mega, M\n|-mega|p1a: Gyarados|Gyarados|Gyaradosite\n|-ability|p1a: Gyarados|Mold Breaker\n|move|p1a: Gyarados|Waterfall|p2a: Yami\n|-damage|p2a: Yami|58\/100\n|-damage|p1a: Gyarados|27\/100|[from] item: Rocky Helmet|[of] p2a: Yami\n|cant|p2a: Yami|flinch\n|\n|turn|22\n|choice||\n|\n|move|p1a: Gyarados|Waterfall|p2a: Yami\n|-damage|p2a: Yami|20\/100\n|-damage|p1a: Gyarados|10\/100|[from] item: Rocky Helmet|[of] p2a: Yami\n|move|p2a: Yami|Foul Play|p1a: Gyarados\n|-resisted|p1a: Gyarados\n|-damage|p1a: Gyarados|0 fnt\n|faint|p1a: Gyarados\n|\n|choice||\n|\n|switch|p1a: Raikou|Raikou|82\/100\n|-ability|p1a: Raikou|Pressure\n|turn|23\n|choice||\n|\n|move|p1a: Raikou|Calm Mind|p1a: Raikou\n|-boost|p1a: Raikou|spa|1\n|-boost|p1a: Raikou|spd|1\n|move|p2a: Yami|Taunt|p1a: Raikou\n|-start|p1a: Raikou|move: Taunt\n|\n|-heal|p1a: Raikou|88\/100|[from] item: Leftovers\n|turn|24\n|choice||\n|\n|switch|p2a: Poseidon|Gastrodon, M, shiny|100\/100\n|move|p1a: Raikou|Hidden Power|p2a: Poseidon\n|-damage|p2a: Poseidon|81\/100\n|\n|-heal|p1a: Raikou|94\/100|[from] item: Leftovers\n|-heal|p2a: Poseidon|88\/100|[from] item: Leftovers\n|turn|25\n|choice||\n|\n|move|p1a: Raikou|Hidden Power|p2a: Poseidon\n|-damage|p2a: Poseidon|70\/100\n|move|p2a: Poseidon|Toxic|p1a: Raikou\n|-status|p1a: Raikou|tox\n|\n|-heal|p1a: Raikou|100\/100 tox|[from] item: Leftovers\n|-heal|p2a: Poseidon|76\/100|[from] item: Leftovers\n|-damage|p1a: Raikou|94\/100 tox|[from] psn\n|turn|26\n|choice||\n|\n|move|p1a: Raikou|Hidden Power|p2a: Poseidon\n|-damage|p2a: Poseidon|58\/100\n|move|p2a: Poseidon|Earth Power|p1a: Raikou\n|-supereffective|p1a: Raikou\n|-damage|p1a: Raikou|56\/100 tox\n|\n|-heal|p1a: Raikou|62\/100 tox|[from] item: Leftovers\n|-heal|p2a: Poseidon|64\/100|[from] item: Leftovers\n|-damage|p1a: Raikou|50\/100 tox|[from] psn\n|-end|p1a: Raikou|move: Taunt\n|turn|27\n|choice||\n|\n|move|p1a: Raikou|Hidden Power|p2a: Poseidon\n|-damage|p2a: Poseidon|46\/100\n|move|p2a: Poseidon|Earth Power|p1a: Raikou\n|-supereffective|p1a: Raikou\n|-damage|p1a: Raikou|12\/100 tox\n|\n|-heal|p1a: Raikou|18\/100 tox|[from] item: Leftovers\n|-heal|p2a: Poseidon|52\/100|[from] item: Leftovers\n|-damage|p1a: Raikou|0 fnt|[from] psn\n|faint|p1a: Raikou\n|\n|win|Amaterus\n|player|p1\n|player|p2\n|c|\u2605Amaterus|gg\n|c|\u2605Amaterus|:]","inputlog":null,"uploadtime":1463941249,"views":21,"p1id":"xxempoleonlovexx","p2id":"amaterus","formatid":"ou","rating":0,"private":0,"password":null}