{"id":"ou-377846041","p1":"Rdc","p2":"Ohmboy Tesla","format":"ou","log":"|j|Rdc\n|j|Ohmboy Tesla\n|player|p1|Rdc|1\n|player|p2|Ohmboy Tesla|136\n|gametype|singles\n|gen|6\n|tier|OU\n|rated\n|seed|\n|clearpoke\n|poke|p1|Charizard, M|item\n|poke|p1|Tyranitar, F|item\n|poke|p1|Alomomola, M|item\n|poke|p1|Tangrowth, F|item\n|poke|p1|Jirachi|item\n|poke|p1|Mew|item\n|poke|p2|Venusaur, F|item\n|poke|p2|Heatran, M|item\n|poke|p2|Starmie|item\n|poke|p2|Scizor, M|item\n|poke|p2|Weavile, F|item\n|poke|p2|Landorus-Therian, M|item\n|rule|Swagger Clause: Swagger is banned\n|rule|Baton Pass Clause: Limit one Baton Passer, can't pass Spe and other stats simultaneously\n|rule|Sleep Clause Mod: Limit one foe put to sleep\n|rule|Species Clause: Limit one of each Pok\u00e9mon\n|rule|OHKO Clause: OHKO moves are banned\n|rule|Moody Clause: Moody is banned\n|rule|Evasion Moves Clause: Evasion moves are banned\n|rule|Endless Battle Clause: Forcing endless battles is banned\n|rule|HP Percentage Mod: HP is shown in percentages\n|teampreview\n|choice||\n|\n|start\n|switch|p1a: Tangrowth|Tangrowth, F|100\/100\n|switch|p2a: Berta|Venusaur, F|100\/100\n|turn|1\n|choice||\n|\n|switch|p1a: Jirachi|Jirachi|100\/100\n|detailschange|p2a: Berta|Venusaur-Mega, F\n|-mega|p2a: Berta|Venusaur|Venusaurite\n|move|p2a: Berta|Leech Seed|p1a: Jirachi\n|-start|p1a: Jirachi|move: Leech Seed\n|\n|-damage|p1a: Jirachi|88\/100|[from] Leech Seed|[of] p2a: Berta\n|turn|2\n|choice||\n|\n|switch|p2a: Flooffy paws|Landorus-Therian, M|100\/100\n|-ability|p2a: Flooffy paws|Intimidate|boost\n|-unboost|p1a: Jirachi|atk|1\n|move|p1a: Jirachi|U-turn|p2a: Flooffy paws\n|-resisted|p2a: Flooffy paws\n|-damage|p2a: Flooffy paws|96\/100\n|choice||\n|\n|switch|p1a: Alomomola|Alomomola, M|100\/100\n|\n|-heal|p2a: Flooffy paws|100\/100|[from] item: Leftovers\n|turn|3\n|choice||\n|\n|move|p2a: Flooffy paws|U-turn|p1a: Alomomola\n|-damage|p1a: Alomomola|87\/100\n|choice||\n|\n|switch|p2a: Berta|Venusaur-Mega, F|100\/100\n|move|p1a: Alomomola|Toxic|p2a: Berta\n|-immune|p2a: Berta|[msg]\n|\n|-heal|p1a: Alomomola|93\/100|[from] item: Leftovers\n|turn|4\n|choice||\n|\n|switch|p1a: Jirachi|Jirachi|88\/100\n|move|p2a: Berta|Giga Drain|p1a: Jirachi\n|-resisted|p1a: Jirachi\n|-damage|p1a: Jirachi|73\/100\n|\n|turn|5\n|choice||\n|\n|switch|p2a: Tony|Heatran, M|100\/100\n|move|p1a: Jirachi|Heart Stamp|p2a: Tony\n|-resisted|p2a: Tony\n|-damage|p2a: Tony|90\/100\n|\n|-heal|p2a: Tony|96\/100|[from] item: Leftovers\n|turn|6\n|choice||\n|\n|switch|p1a: Tyranitar|Tyranitar, F|100\/100\n|-weather|Sandstorm|[from] ability: Sand Stream|[of] p1a: Tyranitar\n|move|p2a: Tony|Toxic|p1a: Tyranitar\n|-status|p1a: Tyranitar|tox\n|\n|-weather|Sandstorm|[upkeep]\n|-heal|p2a: Tony|100\/100|[from] item: Leftovers\n|-damage|p1a: Tyranitar|94\/100 tox|[from] psn\n|turn|7\n|choice||\n|\n|-activate|p2a: Tony|move: Pursuit\n|move|p1a: Tyranitar|Pursuit|p2a: Tony|[from]Pursuit\n|-damage|p2a: Tony|46\/100\n|switch|p2a: Flooffy paws|Landorus-Therian, M|100\/100\n|-ability|p2a: Flooffy paws|Intimidate|boost\n|-unboost|p1a: Tyranitar|atk|1\n|\n|-weather|Sandstorm|[upkeep]\n|-damage|p1a: Tyranitar|82\/100 tox|[from] psn\n|turn|8\n|choice||\n|\n|switch|p1a: Alomomola|Alomomola, M|100\/100\n|move|p2a: Flooffy paws|Stealth Rock|p1a: Alomomola\n|-sidestart|p1: Rdc|move: Stealth Rock\n|\n|-weather|Sandstorm|[upkeep]\n|-damage|p1a: Alomomola|94\/100|[from] sandstorm\n|-heal|p1a: Alomomola|100\/100|[from] item: Leftovers\n|turn|9\n|choice||\n|\n|move|p2a: Flooffy paws|U-turn|p1a: Alomomola\n|-damage|p1a: Alomomola|87\/100\n|choice||\n|\n|switch|p2a: Sapphire|Starmie|100\/100\n|move|p1a: Alomomola|Wish|p1a: Alomomola\n|\n|-weather|Sandstorm|[upkeep]\n|-damage|p2a: Sapphire|94\/100|[from] sandstorm\n|-damage|p1a: Alomomola|81\/100|[from] sandstorm\n|-heal|p2a: Sapphire|100\/100|[from] item: Leftovers\n|-heal|p1a: Alomomola|87\/100|[from] item: Leftovers\n|turn|10\n|choice||\n|\n|switch|p1a: Mew|Mew|100\/100\n|-damage|p1a: Mew|88\/100|[from] Stealth Rock\n|move|p2a: Sapphire|Scald|p1a: Mew\n|-damage|p1a: Mew|69\/100\n|\n|-weather|none\n|-heal|p1a: Mew|100\/100|[from] move: Wish|[wisher] Alomomola\n|turn|11\n|choice||\n|\n|switch|p2a: Tony|Heatran, M|46\/100\n|move|p1a: Mew|Defog|p2a: Tony\n|-unboost|p2a: Tony|evasion|1\n|-sideend|p1: Rdc|Stealth Rock|[from] move: Defog|[of] p1a: Mew\n|\n|-heal|p2a: Tony|52\/100|[from] item: Leftovers\n|turn|12\n|choice||\n|\n|switch|p1a: Tyranitar|Tyranitar, F|82\/100 tox\n|-weather|Sandstorm|[from] ability: Sand Stream|[of] p1a: Tyranitar\n|move|p2a: Tony|Lava Plume|p1a: Tyranitar\n|-resisted|p1a: Tyranitar\n|-damage|p1a: Tyranitar|72\/100 tox\n|\n|-weather|Sandstorm|[upkeep]\n|-heal|p2a: Tony|58\/100|[from] item: Leftovers\n|-damage|p1a: Tyranitar|65\/100 tox|[from] psn\n|turn|13\n|choice||\n|\n|-activate|p2a: Tony|move: Pursuit\n|move|p1a: Tyranitar|Pursuit|p2a: Tony|[from]Pursuit\n|-damage|p2a: Tony|0 fnt\n|faint|p2a: Tony\n|\n|-weather|Sandstorm|[upkeep]\n|-damage|p1a: Tyranitar|53\/100 tox|[from] psn\n|choice||\n|\n|switch|p2a: Patrice|Weavile, F|100\/100\n|-ability|p2a: Patrice|Pressure\n|turn|14\n|choice||\n|\n|switch|p1a: Alomomola|Alomomola, M|100\/100\n|move|p2a: Patrice|Low Kick|p1a: Alomomola\n|-damage|p1a: Alomomola|86\/100\n|-damage|p2a: Patrice|91\/100|[from] item: Life Orb\n|\n|-weather|Sandstorm|[upkeep]\n|-damage|p2a: Patrice|84\/100|[from] sandstorm\n|-damage|p1a: Alomomola|80\/100|[from] sandstorm\n|-heal|p1a: Alomomola|86\/100|[from] item: Leftovers\n|turn|15\n|choice||\n|\n|move|p2a: Patrice|Knock Off|p1a: Alomomola\n|-crit|p1a: Alomomola\n|-damage|p1a: Alomomola|27\/100\n|-enditem|p1a: Alomomola|Leftovers|[from] move: Knock Off|[of] p2a: Patrice\n|-damage|p2a: Patrice|75\/100|[from] item: Life Orb\n|move|p1a: Alomomola|Scald|p2a: Patrice\n|-damage|p2a: Patrice|54\/100\n|-status|p2a: Patrice|brn\n|\n|-weather|Sandstorm|[upkeep]\n|-damage|p2a: Patrice|48\/100 brn|[from] sandstorm\n|-damage|p1a: Alomomola|20\/100|[from] sandstorm\n|-damage|p2a: Patrice|35\/100 brn|[from] brn\n|turn|16\n|choice||\n|\n|switch|p2a: Berta|Venusaur-Mega, F|100\/100\n|switch|p1a: Charizard|Charizard, M|100\/100\n|\n|-weather|none\n|turn|17\n|choice||\n|\n|switch|p2a: Sapphire|Starmie|100\/100\n|detailschange|p1a: Charizard|Charizard-Mega-Y, M\n|-mega|p1a: Charizard|Charizard|Charizardite Y\n|-weather|SunnyDay|[from] ability: Drought|[of] p1a: Charizard\n|move|p1a: Charizard|Flamethrower|p2a: Sapphire\n|-resisted|p2a: Sapphire\n|-damage|p2a: Sapphire|46\/100\n|\n|-weather|SunnyDay|[upkeep]\n|-heal|p2a: Sapphire|53\/100|[from] item: Leftovers\n|turn|18\n|choice||\n|\n|switch|p1a: Mew|Mew|100\/100\n|move|p2a: Sapphire|Recover|p2a: Sapphire\n|-heal|p2a: Sapphire|100\/100\n|\n|-weather|SunnyDay|[upkeep]\n|turn|19\n|choice||\n|\n|move|p2a: Sapphire|Scald|p1a: Mew\n|-damage|p1a: Mew|92\/100\n|-status|p1a: Mew|brn\n|-status|p2a: Sapphire|brn|[from] ability: Synchronize|[of] p1a: Mew\n|move|p1a: Mew|Will-O-Wisp|p2a: Sapphire\n|-fail|p2a: Sapphire|brn\n|\n|-weather|SunnyDay|[upkeep]\n|-heal|p1a: Mew|99\/100 brn|[from] item: Leftovers\n|-damage|p2a: Sapphire|88\/100 brn|[from] brn\n|-damage|p1a: Mew|86\/100 brn|[from] brn\n|turn|20\n|choice||\n|\n|-curestatus|p2a: Sapphire|brn|[from] ability: Natural Cure\n|switch|p2a: Patrice|Weavile, F|35\/100 brn\n|-ability|p2a: Patrice|Pressure\n|move|p1a: Mew|Will-O-Wisp|p2a: Patrice\n|-fail|p2a: Patrice|brn\n|\n|-weather|SunnyDay|[upkeep]\n|-heal|p1a: Mew|92\/100 brn|[from] item: Leftovers\n|-damage|p2a: Patrice|23\/100 brn|[from] brn\n|-damage|p1a: Mew|80\/100 brn|[from] brn\n|turn|21\n|choice||\n|\n|move|p2a: Patrice|Knock Off|p1a: Mew\n|-supereffective|p1a: Mew\n|-damage|p1a: Mew|24\/100 brn\n|-enditem|p1a: Mew|Leftovers|[from] move: Knock Off|[of] p2a: Patrice\n|-damage|p2a: Patrice|13\/100 brn|[from] item: Life Orb\n|move|p1a: Mew|Heal Bell|p1a: Mew\n|-cureteam|p1a: Mew|[from] move: Heal Bell\n|\n|-weather|none\n|-damage|p2a: Patrice|0 fnt|[from] brn\n|faint|p2a: Patrice\n|choice||\n|\n|switch|p2a: Flooffy paws|Landorus-Therian, M|100\/100\n|-ability|p2a: Flooffy paws|Intimidate|boost\n|-unboost|p1a: Mew|atk|1\n|turn|22\n|choice||\n|\n|move|p1a: Mew|Will-O-Wisp|p2a: Flooffy paws\n|-status|p2a: Flooffy paws|brn\n|move|p2a: Flooffy paws|U-turn|p1a: Mew\n|-supereffective|p1a: Mew\n|-damage|p1a: Mew|6\/100\n|choice||\n|\n|switch|p2a: Edward|Scizor, M|100\/100\n|\n|turn|23\n|choice||\n|\n|switch|p1a: Charizard|Charizard-Mega-Y, M|100\/100\n|-weather|SunnyDay|[from] ability: Drought|[of] p1a: Charizard\n|move|p2a: Edward|Bullet Punch|p1a: Charizard\n|-resisted|p1a: Charizard\n|-damage|p1a: Charizard|84\/100\n|\n|-weather|SunnyDay|[upkeep]\n|turn|24\n|choice||\n|\n|switch|p2a: Flooffy paws|Landorus-Therian, M|100\/100 brn\n|-ability|p2a: Flooffy paws|Intimidate|boost\n|-unboost|p1a: Charizard|atk|1\n|move|p1a: Charizard|Flamethrower|p2a: Flooffy paws\n|-damage|p2a: Flooffy paws|7\/100 brn\n|\n|-weather|SunnyDay|[upkeep]\n|-heal|p2a: Flooffy paws|13\/100 brn|[from] item: Leftovers\n|-damage|p2a: Flooffy paws|1\/100 brn|[from] brn\n|turn|25\n|choice||\n|\n|move|p1a: Charizard|Flamethrower|p2a: Flooffy paws\n|-damage|p2a: Flooffy paws|0 fnt\n|faint|p2a: Flooffy paws\n|\n|-weather|SunnyDay|[upkeep]\n|choice||\n|\n|switch|p2a: Sapphire|Starmie|88\/100\n|turn|26\n|choice||\n|\n|move|p2a: Sapphire|Psyshock|p1a: Charizard\n|-damage|p1a: Charizard|48\/100\n|move|p1a: Charizard|Solar Beam|p2a: Sapphire|[still]\n|-prepare|p1a: Charizard|Solar Beam|p2a: Sapphire\n|-anim|p1a: Charizard|Solar Beam|p2a: Sapphire\n|-supereffective|p2a: Sapphire\n|-crit|p2a: Sapphire\n|-damage|p2a: Sapphire|0 fnt\n|faint|p2a: Sapphire\n|\n|-weather|SunnyDay|[upkeep]\n|choice||\n|\n|switch|p2a: Berta|Venusaur-Mega, F|100\/100\n|turn|27\n|choice||\n|\n|switch|p1a: Jirachi|Jirachi|73\/100\n|move|p2a: Berta|Synthesis|p2a: Berta\n|\n|-weather|none\n|turn|28\n|choice||\n|\n|switch|p2a: Edward|Scizor, M|100\/100\n|move|p1a: Jirachi|U-turn|p2a: Edward\n|-resisted|p2a: Edward\n|-damage|p2a: Edward|91\/100\n|choice||\n|\n|switch|p1a: Charizard|Charizard-Mega-Y, M|48\/100\n|-weather|SunnyDay|[from] ability: Drought|[of] p1a: Charizard\n|\n|-weather|SunnyDay|[upkeep]\n|-heal|p2a: Edward|97\/100|[from] item: Leftovers\n|turn|29\n|choice||\n|\n|move|p2a: Edward|Bullet Punch|p1a: Charizard\n|-resisted|p1a: Charizard\n|-damage|p1a: Charizard|30\/100\n|move|p1a: Charizard|Flamethrower|p2a: Edward\n|-supereffective|p2a: Edward\n|-crit|p2a: Edward\n|-damage|p2a: Edward|0 fnt\n|faint|p2a: Edward\n|\n|-weather|SunnyDay|[upkeep]\n|choice||\n|\n|switch|p2a: Berta|Venusaur-Mega, F|100\/100\n|turn|30\n|c|\u2605Rdc|gg\\\n|choice||\n|\n|move|p1a: Charizard|Flamethrower|p2a: Berta\n|-supereffective|p2a: Berta\n|-damage|p2a: Berta|29\/100\n|move|p2a: Berta|Sludge Bomb|p1a: Charizard\n|-damage|p1a: Charizard|0 fnt\n|faint|p1a: Charizard\n|\n|-weather|SunnyDay|[upkeep]\n|choice||\n|\n|switch|p1a: Jirachi|Jirachi|73\/100\n|turn|31\n|choice||\n|\n|move|p1a: Jirachi|Heart Stamp|p2a: Berta\n|-supereffective|p2a: Berta\n|-damage|p2a: Berta|0 fnt\n|faint|p2a: Berta\n|\n|win|Rdc\n|player|p1\n|player|p2\n|raw|Rdc's rating: 1501 &rarr; <strong>1517<\/strong><br \/>(+16 for winning)\n|raw|Ohmboy Tesla's rating: 1426 &rarr; <strong>1410<\/strong><br \/>(-16 for losing)\n|c|\u2605Ohmboy Tesla|gg\n|l|Ohmboy Tesla","inputlog":null,"uploadtime":1464252992,"views":37,"p1id":"rdc","p2id":"ohmboytesla","formatid":"ou","rating":1410,"private":0,"password":null}