{"id":"ou-363853351","p1":"hauntersnightmare","p2":"Steven-mb","format":"ou","log":"|j|hauntersnightmare\n|j|Steven-mb\n|player|p1|hauntersnightmare|153\n|player|p2|Steven-mb|1\n|gametype|singles\n|gen|6\n|tier|OU\n|rated\n|seed|\n|clearpoke\n|poke|p1|Gliscor, M|item\n|poke|p1|Chansey, F|item\n|poke|p1|Scizor, M|item\n|poke|p1|Latios, M|item\n|poke|p1|Volcanion|item\n|poke|p1|Rotom-Wash|item\n|poke|p2|Charizard, F|item\n|poke|p2|Excadrill, F, shiny|item\n|poke|p2|Keldeo-Resolute|item\n|poke|p2|Serperior, M|item\n|poke|p2|Sylveon, F|item\n|poke|p2|Hippowdon, M|item\n|rule|Swagger Clause: Swagger is banned\n|rule|Baton Pass Clause: Limit one Baton Passer, can't pass Spe and other stats simultaneously\n|rule|Sleep Clause Mod: Limit one foe put to sleep\n|rule|Species Clause: Limit one of each Pok\u00e9mon\n|rule|OHKO Clause: OHKO moves are banned\n|rule|Moody Clause: Moody is banned\n|rule|Evasion Moves Clause: Evasion moves are banned\n|rule|Endless Battle Clause: Forcing endless battles is banned\n|rule|HP Percentage Mod: HP is shown in percentages\n|teampreview\n|choice||\n|\n|start\n|switch|p1a: Volcanion|Volcanion|100\/100\n|switch|p2a: Excadrill|Excadrill, F, shiny|100\/100\n|turn|1\n|choice||\n|\n|switch|p1a: Booty Juan|Gliscor, M|100\/100\n|move|p2a: Excadrill|Earthquake|p1a: Booty Juan\n|-immune|p1a: Booty Juan|[msg]\n|\n|-status|p1a: Booty Juan|tox|[from] item: Toxic Orb\n|turn|2\n|choice||\n|\n|switch|p2a: Serperior|Serperior, M|100\/100\n|move|p1a: Booty Juan|Toxic|p2a: Serperior|[miss]\n|-miss|p1a: Booty Juan|p2a: Serperior\n|\n|turn|3\n|choice||\n|\n|move|p2a: Serperior|Substitute|p2a: Serperior\n|-start|p2a: Serperior|Substitute\n|-damage|p2a: Serperior|76\/100\n|move|p1a: Booty Juan|Toxic|p2a: Serperior\n|-fail|p2a: Serperior\n|\n|-heal|p2a: Serperior|82\/100|[from] item: Leftovers\n|turn|4\n|choice||\n|\n|switch|p1a: Booty Too|Chansey, F|100\/100\n|move|p2a: Serperior|Leaf Storm|p1a: Booty Too\n|-damage|p1a: Booty Too|85\/100\n|-boost|p2a: Serperior|spa|2\n|\n|-heal|p2a: Serperior|88\/100|[from] item: Leftovers\n|turn|5\n|choice||\n|\n|move|p2a: Serperior|Glare|p1a: Booty Too\n|-status|p1a: Booty Too|par\n|move|p1a: Booty Too|Seismic Toss|p2a: Serperior\n|-end|p2a: Serperior|Substitute\n|\n|-heal|p2a: Serperior|94\/100|[from] item: Leftovers\n|turn|6\n|choice||\n|\n|move|p2a: Serperior|Leaf Storm|p1a: Booty Too\n|-damage|p1a: Booty Too|55\/100 par\n|-boost|p2a: Serperior|spa|2\n|move|p1a: Booty Too|Seismic Toss|p2a: Serperior\n|-damage|p2a: Serperior|60\/100\n|\n|-heal|p2a: Serperior|66\/100|[from] item: Leftovers\n|turn|7\n|choice||\n|\n|move|p2a: Serperior|Substitute|p2a: Serperior\n|-start|p2a: Serperior|Substitute\n|-damage|p2a: Serperior|41\/100\n|move|p1a: Booty Too|Thunder Wave|p2a: Serperior\n|-fail|p2a: Serperior\n|\n|-heal|p2a: Serperior|48\/100|[from] item: Leftovers\n|turn|8\n|choice||\n|\n|move|p2a: Serperior|Leaf Storm|p1a: Booty Too\n|-damage|p1a: Booty Too|12\/100 par\n|-boost|p2a: Serperior|spa|2\n|move|p1a: Booty Too|Seismic Toss|p2a: Serperior\n|-end|p2a: Serperior|Substitute\n|\n|-heal|p2a: Serperior|54\/100|[from] item: Leftovers\n|turn|9\n|choice||\n|\n|move|p2a: Serperior|Substitute|p2a: Serperior\n|-start|p2a: Serperior|Substitute\n|-damage|p2a: Serperior|29\/100\n|cant|p1a: Booty Too|par\n|\n|-heal|p2a: Serperior|35\/100|[from] item: Leftovers\n|turn|10\n|choice||\n|\n|move|p2a: Serperior|Leaf Storm|p1a: Booty Too\n|-damage|p1a: Booty Too|0 fnt\n|faint|p1a: Booty Too\n|\n|-heal|p2a: Serperior|41\/100|[from] item: Leftovers\n|choice||\n|\n|switch|p1a: Ducky Cash Money|Latios, M|100\/100\n|turn|11\n|choice||\n|\n|move|p2a: Serperior|Glare|p1a: Ducky Cash Money\n|-status|p1a: Ducky Cash Money|par\n|move|p1a: Ducky Cash Money|Psyshock|p2a: Serperior\n|-end|p2a: Serperior|Substitute\n|-damage|p1a: Ducky Cash Money|91\/100 par|[from] item: Life Orb\n|\n|-heal|p2a: Serperior|48\/100|[from] item: Leftovers\n|turn|12\n|choice||\n|\n|move|p2a: Serperior|Substitute|p2a: Serperior\n|-start|p2a: Serperior|Substitute\n|-damage|p2a: Serperior|23\/100\n|move|p1a: Ducky Cash Money|Psyshock|p2a: Serperior\n|-end|p2a: Serperior|Substitute\n|-damage|p1a: Ducky Cash Money|81\/100 par|[from] item: Life Orb\n|\n|-heal|p2a: Serperior|29\/100|[from] item: Leftovers\n|turn|13\n|choice||\n|\n|move|p2a: Serperior|Substitute|p2a: Serperior\n|-start|p2a: Serperior|Substitute\n|-damage|p2a: Serperior|4\/100\n|move|p1a: Ducky Cash Money|Psyshock|p2a: Serperior\n|-end|p2a: Serperior|Substitute\n|-damage|p1a: Ducky Cash Money|71\/100 par|[from] item: Life Orb\n|\n|-heal|p2a: Serperior|10\/100|[from] item: Leftovers\n|turn|14\n|choice||\n|\n|switch|p1a: Booty Tree|Scizor, M|100\/100\n|move|p2a: Serperior|Leaf Storm|p1a: Booty Tree\n|-resisted|p1a: Booty Tree\n|-damage|p1a: Booty Tree|42\/100\n|\n|-heal|p2a: Serperior|17\/100|[from] item: Leftovers\n|turn|15\n|choice||\n|\n|switch|p2a: Hippowdon|Hippowdon, M|100\/100\n|-weather|Sandstorm|[from] ability: Sand Stream|[of] p2a: Hippowdon\n|detailschange|p1a: Booty Tree|Scizor-Mega, M\n|-mega|p1a: Booty Tree|Scizor|Scizorite\n|move|p1a: Booty Tree|Bullet Punch|p2a: Hippowdon\n|-damage|p2a: Hippowdon|83\/100\n|\n|-weather|Sandstorm|[upkeep]\n|turn|16\n|choice||\n|\n|move|p1a: Booty Tree|Swords Dance|p1a: Booty Tree\n|-boost|p1a: Booty Tree|atk|2\n|move|p2a: Hippowdon|Stealth Rock|p1a: Booty Tree\n|-sidestart|p1: hauntersnightmare|move: Stealth Rock\n|\n|-weather|Sandstorm|[upkeep]\n|turn|17\n|choice||\n|\n|move|p1a: Booty Tree|Knock Off|p2a: Hippowdon\n|-damage|p2a: Hippowdon|48\/100\n|-enditem|p2a: Hippowdon|Smooth Rock|[from] move: Knock Off|[of] p1a: Booty Tree\n|move|p2a: Hippowdon|Earthquake|p1a: Booty Tree\n|-damage|p1a: Booty Tree|16\/100\n|\n|-weather|Sandstorm|[upkeep]\n|turn|18\n|choice||\n|\n|switch|p2a: Keldeo|Keldeo-Resolute|100\/100\n|move|p1a: Booty Tree|Roost|p1a: Booty Tree\n|-heal|p1a: Booty Tree|66\/100\n|\n|-weather|Sandstorm|[upkeep]\n|-damage|p2a: Keldeo|94\/100|[from] sandstorm\n|turn|19\n|choice||\n|\n|switch|p1a: Volcanion|Volcanion|100\/100\n|-damage|p1a: Volcanion|76\/100|[from] Stealth Rock\n|move|p2a: Keldeo|Scald|p1a: Volcanion\n|-heal|p1a: Volcanion|100\/100|[from] ability: Water Absorb|[of] p2a: Keldeo\n|\n|-weather|Sandstorm|[upkeep]\n|-damage|p2a: Keldeo|88\/100|[from] sandstorm\n|-damage|p1a: Volcanion|94\/100|[from] sandstorm\n|turn|20\n|choice||\n|\n|switch|p2a: Serperior|Serperior, M|17\/100\n|move|p1a: Volcanion|Steam Eruption|p2a: Serperior\n|-resisted|p2a: Serperior\n|-damage|p2a: Serperior|0 fnt\n|faint|p2a: Serperior\n|\n|-weather|Sandstorm|[upkeep]\n|-damage|p1a: Volcanion|88\/100|[from] sandstorm\n|choice||\n|\n|switch|p2a: Excadrill|Excadrill, F, shiny|100\/100\n|turn|21\n|choice||\n|\n|switch|p2a: Sylveon|Sylveon, F|100\/100\n|switch|p1a: Rotom|Rotom-Wash|100\/100\n|-damage|p1a: Rotom|88\/100|[from] Stealth Rock\n|\n|-weather|Sandstorm|[upkeep]\n|-damage|p1a: Rotom|82\/100|[from] sandstorm\n|-damage|p2a: Sylveon|94\/100|[from] sandstorm\n|-heal|p1a: Rotom|88\/100|[from] item: Leftovers\n|turn|22\n|choice||\n|\n|move|p1a: Rotom|Volt Switch|p2a: Sylveon\n|-damage|p2a: Sylveon|77\/100\n|choice||\n|\n|switch|p1a: Volcanion|Volcanion|88\/100\n|-damage|p1a: Volcanion|64\/100|[from] Stealth Rock\n|move|p2a: Sylveon|Hyper Voice|p1a: Volcanion\n|-resisted|p1a: Volcanion\n|-damage|p1a: Volcanion|15\/100\n|\n|-weather|none\n|turn|23\n|choice||\n|\n|switch|p2a: Hippowdon|Hippowdon, M|48\/100\n|-weather|Sandstorm|[from] ability: Sand Stream|[of] p2a: Hippowdon\n|move|p1a: Volcanion|Steam Eruption|p2a: Hippowdon\n|-supereffective|p2a: Hippowdon\n|-damage|p2a: Hippowdon|0 fnt\n|faint|p2a: Hippowdon\n|\n|-weather|Sandstorm|[upkeep]\n|-damage|p1a: Volcanion|9\/100|[from] sandstorm\n|choice||\n|\n|switch|p2a: Charizard|Charizard, F|100\/100\n|turn|24\n|choice||\n|\n|detailschange|p2a: Charizard|Charizard-Mega-X, F\n|-mega|p2a: Charizard|Charizard|Charizardite X\n|move|p2a: Charizard|Dragon Claw|p1a: Volcanion\n|-damage|p1a: Volcanion|0 fnt\n|faint|p1a: Volcanion\n|\n|-weather|Sandstorm|[upkeep]\n|-damage|p2a: Charizard|94\/100|[from] sandstorm\n|choice||\n|\n|switch|p1a: Booty Juan|Gliscor, M|100\/100 tox\n|-damage|p1a: Booty Juan|88\/100 tox|[from] Stealth Rock\n|turn|25\n|choice||\n|\n|switch|p2a: Sylveon|Sylveon, F|77\/100\n|move|p1a: Booty Juan|Earthquake|p2a: Sylveon\n|-damage|p2a: Sylveon|38\/100\n|\n|-weather|Sandstorm|[upkeep]\n|-damage|p2a: Sylveon|32\/100|[from] sandstorm\n|-heal|p1a: Booty Juan|100\/100 tox|[from] ability: Poison Heal\n|turn|26\n|choice||\n|\n|switch|p2a: Keldeo|Keldeo-Resolute|88\/100\n|move|p1a: Booty Juan|Earthquake|p2a: Keldeo\n|-damage|p2a: Keldeo|48\/100\n|\n|-weather|Sandstorm|[upkeep]\n|-damage|p2a: Keldeo|42\/100|[from] sandstorm\n|turn|27\n|choice||\n|\n|switch|p1a: Booty Tree|Scizor-Mega, M|66\/100\n|-damage|p1a: Booty Tree|54\/100|[from] Stealth Rock\n|move|p2a: Keldeo|Scald|p1a: Booty Tree\n|-damage|p1a: Booty Tree|0 fnt\n|faint|p1a: Booty Tree\n|\n|-weather|none\n|choice||\n|\n|switch|p1a: Rotom|Rotom-Wash|88\/100\n|-damage|p1a: Rotom|75\/100|[from] Stealth Rock\n|turn|28\n|choice||\n|\n|move|p2a: Keldeo|Scald|p1a: Rotom\n|-resisted|p1a: Rotom\n|-damage|p1a: Rotom|44\/100\n|-status|p1a: Rotom|brn\n|move|p1a: Rotom|Volt Switch|p2a: Keldeo\n|-supereffective|p2a: Keldeo\n|-damage|p2a: Keldeo|0 fnt\n|faint|p2a: Keldeo\n|choice||\n|\n|switch|p1a: Booty Juan|Gliscor, M|100\/100 tox\n|-damage|p1a: Booty Juan|88\/100 tox|[from] Stealth Rock\n|\n|-heal|p1a: Booty Juan|100\/100 tox|[from] ability: Poison Heal\n|choice||\n|\n|switch|p2a: Charizard|Charizard-Mega-X, F|94\/100\n|turn|29\n|choice||\n|\n|move|p2a: Charizard|Dragon Dance|p2a: Charizard\n|-boost|p2a: Charizard|atk|1\n|-boost|p2a: Charizard|spe|1\n|move|p1a: Booty Juan|Toxic|p2a: Charizard\n|-status|p2a: Charizard|tox\n|\n|-damage|p2a: Charizard|88\/100 tox|[from] psn\n|turn|30\n|choice||\n|\n|move|p2a: Charizard|Dragon Dance|p2a: Charizard\n|-boost|p2a: Charizard|atk|1\n|-boost|p2a: Charizard|spe|1\n|move|p1a: Booty Juan|Substitute|p1a: Booty Juan\n|-start|p1a: Booty Juan|Substitute\n|-damage|p1a: Booty Juan|75\/100 tox\n|\n|-damage|p2a: Charizard|76\/100 tox|[from] psn\n|-heal|p1a: Booty Juan|88\/100 tox|[from] ability: Poison Heal\n|turn|31\n|choice||\n|\n|move|p2a: Charizard|Dragon Claw|p1a: Booty Juan\n|-end|p1a: Booty Juan|Substitute\n|move|p1a: Booty Juan|Earthquake|p2a: Charizard\n|-supereffective|p2a: Charizard\n|-damage|p2a: Charizard|13\/100 tox\n|\n|-damage|p2a: Charizard|0 fnt|[from] psn\n|-heal|p1a: Booty Juan|100\/100 tox|[from] ability: Poison Heal\n|faint|p2a: Charizard\n|c|\u2605Steven-mb|gg\n|choice||\n|\n|switch|p2a: Excadrill|Excadrill, F, shiny|100\/100\n|turn|32\n|c|\u2605hauntersnightmare|gg man\n|-message|Steven-mb forfeited.\n|\n|win|hauntersnightmare\n|player|p1\n|player|p2\n|l|Steven-mb\n|raw|hauntersnightmare's rating: 1400 &rarr; <strong>1422<\/strong><br \/>(+22 for winning)\n|raw|Steven-mb's rating: 1444 &rarr; <strong>1422<\/strong><br \/>(-22 for losing)","inputlog":null,"uploadtime":1461555469,"views":0,"p1id":"hauntersnightmare","p2id":"stevenmb","formatid":"ou","rating":1422,"private":0,"password":null}