{"id":"ou-376329810","p1":"Amaterus","p2":"xxempoleonlovexx","format":"ou","log":"|j|Amaterus\n|j|xxempoleonlovexx\n|player|p1|Amaterus|151\n|player|p2|xxempoleonlovexx|14\n|gametype|singles\n|gen|6\n|tier|OU\n|rated\n|seed|\n|clearpoke\n|poke|p1|Weavile, M|item\n|poke|p1|Slowbro, M, shiny|item\n|poke|p1|Lopunny, F, shiny|item\n|poke|p1|Amoonguss, M, shiny|item\n|poke|p1|Skarmory, M, shiny|item\n|poke|p1|Landorus-Therian, M, shiny|item\n|poke|p2|Landorus-Therian, M|item\n|poke|p2|Heatran, F|item\n|poke|p2|Gengar, F|item\n|poke|p2|Suicune|item\n|poke|p2|Medicham, F|item\n|poke|p2|Latios, M|item\n|rule|Swagger Clause: Swagger is banned\n|rule|Baton Pass Clause: Limit one Baton Passer, can't pass Spe and other stats simultaneously\n|rule|Sleep Clause Mod: Limit one foe put to sleep\n|rule|Species Clause: Limit one of each Pok\u00e9mon\n|rule|OHKO Clause: OHKO moves are banned\n|rule|Moody Clause: Moody is banned\n|rule|Evasion Moves Clause: Evasion moves are banned\n|rule|Endless Battle Clause: Forcing endless battles is banned\n|rule|HP Percentage Mod: HP is shown in percentages\n|teampreview\n|j|7ez\n|j|voRe GiDAl\n|j|Kajausbo\n|c| Kajausbo|storm weak\n|c| Kajausbo|to gengar\n|c|\u2605Amaterus|i have pursuit weavile\n|c|\u2605xxempoleonlovexx|its k he has slowbrother\n|j|bart is dead\n|c|\u2605xxempoleonlovexx|you should put registeel on that team\n|choice||\n|\n|start\n|switch|p1a: Enten|Landorus-Therian, M, shiny|100\/100\n|switch|p2a: ary|Landorus-Therian, M|100\/100\n|-ability|p2a: ary|Intimidate|boost\n|-unboost|p1a: Enten|atk|1\n|-ability|p1a: Enten|Intimidate|boost\n|-unboost|p2a: ary|atk|1\n|turn|1\n|choice||\n|\n|move|p2a: ary|Knock Off|p1a: Enten\n|-damage|p1a: Enten|84\/100\n|-enditem|p1a: Enten|Leftovers|[from] move: Knock Off|[of] p2a: ary\n|move|p1a: Enten|Stealth Rock|p2a: ary\n|-sidestart|p2: xxempoleonlovexx|move: Stealth Rock\n|\n|turn|2\n|choice||\n|\n|move|p2a: ary|Knock Off|p1a: Enten\n|-damage|p1a: Enten|73\/100\n|move|p1a: Enten|U-turn|p2a: ary\n|-resisted|p2a: ary\n|-damage|p2a: ary|93\/100\n|c|\u2605Amaterus|its a good idea\n|choice||\n|\n|switch|p1a: Katana|Weavile, M|100\/100\n|-ability|p1a: Katana|Pressure\n|\n|turn|3\n|choice||\n|\n|switch|p2a: charge|Suicune|100\/100\n|-damage|p2a: charge|88\/100|[from] Stealth Rock\n|-ability|p2a: charge|Pressure\n|move|p1a: Katana|Knock Off|p2a: charge\n|-damage|p2a: charge|56\/100\n|-enditem|p2a: charge|Leftovers|[from] move: Knock Off|[of] p1a: Katana\n|-damage|p1a: Katana|91\/100|[from] item: Life Orb\n|\n|turn|4\n|choice||\n|\n|switch|p1a: Fungus|Amoonguss, M, shiny|100\/100\n|move|p2a: charge|Rest|p2a: charge\n|-status|p2a: charge|slp\n|-heal|p2a: charge|100\/100 slp|[silent]\n|-status|p2a: charge|slp|[from] move: Rest\n|\n|turn|5\n|j|Leafyy\n|choice||\n|\n|switch|p2a: of|Medicham, F|100\/100\n|-damage|p2a: of|94\/100|[from] Stealth Rock\n|move|p1a: Fungus|Giga Drain|p2a: of\n|-damage|p2a: of|58\/100\n|\n|turn|6\n|choice||\n|\n|switch|p1a: Raptor|Skarmory, M, shiny|100\/100\n|detailschange|p2a: of|Medicham-Mega, F\n|-mega|p2a: of|Medicham|Medichamite\n|move|p2a: of|Zen Headbutt|p1a: Raptor|[miss]\n|-miss|p2a: of|p1a: Raptor\n|\n|turn|7\n|j|CementMixerJohnson\n|j|Levenz\n|j|pizza\n|choice||\n|\n|move|p2a: of|High Jump Kick|p1a: Raptor\n|-damage|p1a: Raptor|35\/100\n|-damage|p2a: of|42\/100|[from] item: Rocky Helmet|[of] p1a: Raptor\n|move|p1a: Raptor|Spikes|p2a: of\n|-sidestart|p2: xxempoleonlovexx|Spikes\n|\n|turn|8\n|c| pizza|i wish i was a cool tee poc kid!\n|choice||\n|\n|move|p2a: of|High Jump Kick|p1a: Raptor\n|-damage|p1a: Raptor|0 fnt\n|-damage|p2a: of|25\/100|[from] item: Rocky Helmet|[of] p1a: Raptor\n|faint|p1a: Raptor\n|\n|c|\u2605xxempoleonlovexx|me too\n|choice||\n|\n|switch|p1a: Punisher|Lopunny, F, shiny|100\/100\n|turn|9\n|choice||\n|\n|detailschange|p1a: Punisher|Lopunny-Mega, F, shiny\n|-mega|p1a: Punisher|Lopunny|Lopunnite\n|move|p1a: Punisher|Fake Out|p2a: of\n|-damage|p2a: of|0 fnt\n|faint|p2a: of\n|\n|choice||\n|\n|switch|p2a: bullying|Latios, M|100\/100\n|-damage|p2a: bullying|88\/100|[from] Stealth Rock\n|turn|10\n|choice||\n|\n|move|p1a: Punisher|Frustration|p2a: bullying\n|-damage|p2a: bullying|15\/100\n|move|p2a: bullying|Draco Meteor|p1a: Punisher\n|-damage|p1a: Punisher|0 fnt\n|-unboost|p2a: bullying|spa|2\n|-damage|p2a: bullying|5\/100|[from] item: Life Orb\n|faint|p1a: Punisher\n|\n|choice||\n|\n|switch|p1a: Katana|Weavile, M|91\/100\n|-ability|p1a: Katana|Pressure\n|turn|11\n|choice||\n|\n|move|p1a: Katana|Pursuit|p2a: bullying\n|-supereffective|p2a: bullying\n|-damage|p2a: bullying|0 fnt\n|-damage|p1a: Katana|81\/100|[from] item: Life Orb\n|faint|p2a: bullying\n|\n|c| pizza|rip lol!\n|c| Levenz|xD\n|choice||\n|\n|switch|p2a: is|Heatran, F|100\/100\n|-damage|p2a: is|88\/100|[from] Spikes\n|-damage|p2a: is|76\/100|[from] Stealth Rock\n|turn|12\n|choice||\n|\n|switch|p1a: Genesis|Slowbro, M, shiny|100\/100\n|move|p2a: is|Lava Plume|p1a: Genesis\n|-resisted|p1a: Genesis\n|-damage|p1a: Genesis|91\/100\n|\n|-heal|p2a: is|82\/100|[from] item: Leftovers\n|turn|13\n|c| Leafyy|oshit\n|c| Leafyy|its genesis\n|choice||\n|\n|move|p2a: is|Stealth Rock|p1a: Genesis\n|-sidestart|p1: Amaterus|move: Stealth Rock\n|move|p1a: Genesis|Scald|p2a: is\n|-supereffective|p2a: is\n|-damage|p2a: is|29\/100\n|\n|-heal|p2a: is|35\/100|[from] item: Leftovers\n|turn|14\n|choice||\n|\n|move|p2a: is|Toxic|p1a: Genesis\n|-status|p1a: Genesis|tox\n|move|p1a: Genesis|Scald|p2a: is\n|-supereffective|p2a: is\n|-damage|p2a: is|0 fnt\n|faint|p2a: is\n|\n|-damage|p1a: Genesis|85\/100 tox|[from] psn\n|choice||\n|\n|switch|p2a: charge|Suicune|100\/100 slp\n|-damage|p2a: charge|88\/100 slp|[from] Stealth Rock\n|-damage|p2a: charge|76\/100 slp|[from] Spikes\n|-ability|p2a: charge|Pressure\n|turn|15\n|c| pizza|genesis always used to ban me from kay tee tee !\n|choice||\n|\n|switch|p1a: Fungus|Amoonguss, M, shiny|100\/100\n|-damage|p1a: Fungus|88\/100|[from] Stealth Rock\n|cant|p2a: charge|slp\n|move|p2a: charge|Sleep Talk|p2a: charge\n|move|p2a: charge|Calm Mind|p2a: charge|[from]Sleep Talk\n|-boost|p2a: charge|spa|1\n|-boost|p2a: charge|spd|1\n|\n|-heal|p1a: Fungus|94\/100|[from] item: Leftovers\n|turn|16\n|choice||\n|\n|cant|p2a: charge|slp\n|move|p2a: charge|Sleep Talk|p2a: charge\n|move|p2a: charge|Calm Mind|p2a: charge|[from]Sleep Talk\n|-boost|p2a: charge|spa|1\n|-boost|p2a: charge|spd|1\n|move|p1a: Fungus|Clear Smog|p2a: charge\n|-damage|p2a: charge|70\/100 slp\n|-clearboost|p2a: charge\n|\n|-heal|p1a: Fungus|100\/100|[from] item: Leftovers\n|turn|17\n|choice||\n|\n|-curestatus|p2a: charge|slp\n|move|p2a: charge|Scald|p1a: Fungus\n|-resisted|p1a: Fungus\n|-damage|p1a: Fungus|89\/100\n|-status|p1a: Fungus|brn\n|move|p1a: Fungus|Spore|p2a: charge\n|-status|p2a: charge|slp\n|\n|-heal|p1a: Fungus|95\/100 brn|[from] item: Leftovers\n|-damage|p1a: Fungus|83\/100 brn|[from] brn\n|turn|18\n|choice||\n|\n|cant|p2a: charge|slp\n|move|p2a: charge|Sleep Talk|p2a: charge\n|move|p2a: charge|Scald|p1a: Fungus|[from]Sleep Talk\n|-resisted|p1a: Fungus\n|-damage|p1a: Fungus|71\/100 brn\n|move|p1a: Fungus|Giga Drain|p2a: charge\n|-supereffective|p2a: charge\n|-damage|p2a: charge|34\/100 slp\n|-heal|p1a: Fungus|88\/100 brn|[from] drain|[of] p2a: charge\n|\n|-heal|p1a: Fungus|94\/100 brn|[from] item: Leftovers\n|-damage|p1a: Fungus|82\/100 brn|[from] brn\n|turn|19\n|l|Leafyy\n|choice||\n|\n|switch|p2a: in|Gengar, F|100\/100\n|-damage|p2a: in|88\/100|[from] Stealth Rock\n|move|p1a: Fungus|Giga Drain|p2a: in\n|-resisted|p2a: in\n|-damage|p2a: in|71\/100\n|-heal|p1a: Fungus|87\/100 brn|[from] drain|[of] p2a: in\n|\n|-heal|p1a: Fungus|93\/100 brn|[from] item: Leftovers\n|-damage|p1a: Fungus|81\/100 brn|[from] brn\n|turn|20\n|c| pizza|xxempoleonlovexx use 24 spdef suicune with sub\n|c| pizza|beats amoong 1v1\n|c| pizza|nerd\n|choice||\n|\n|move|p2a: in|Sludge Wave|p1a: Fungus\n|-damage|p1a: Fungus|16\/100 brn\n|-damage|p2a: in|61\/100|[from] item: Life Orb\n|move|p1a: Fungus|Giga Drain|p2a: in\n|-resisted|p2a: in\n|-damage|p2a: in|44\/100\n|-heal|p1a: Fungus|21\/100 brn|[from] drain|[of] p2a: in\n|\n|-heal|p1a: Fungus|27\/100 brn|[from] item: Leftovers\n|-damage|p1a: Fungus|15\/100 brn|[from] brn\n|turn|21\n|choice||\n|\n|move|p2a: in|Shadow Ball|p1a: Fungus\n|-damage|p1a: Fungus|0 fnt\n|-damage|p2a: in|34\/100|[from] item: Life Orb\n|faint|p1a: Fungus\n|\n|c| CementMixerJohnson|That's my set.\n|choice||\n|\n|switch|p1a: Katana|Weavile, M|81\/100\n|-damage|p1a: Katana|56\/100|[from] Stealth Rock\n|-ability|p1a: Katana|Pressure\n|turn|22\n|c| pizza|who tf ru\n|choice||\n|\n|move|p1a: Katana|Pursuit|p2a: in\n|-supereffective|p2a: in\n|-damage|p2a: in|0 fnt\n|-damage|p1a: Katana|46\/100|[from] item: Life Orb\n|faint|p2a: in\n|\n|choice||\n|\n|switch|p2a: ary|Landorus-Therian, M|93\/100\n|-damage|p2a: ary|80\/100|[from] Stealth Rock\n|-ability|p2a: ary|Intimidate|boost\n|-unboost|p1a: Katana|atk|1\n|turn|23\n|c| pizza|oh i forgot\n|choice||\n|\n|switch|p1a: Enten|Landorus-Therian, M, shiny|73\/100\n|-damage|p1a: Enten|60\/100|[from] Stealth Rock\n|-ability|p1a: Enten|Intimidate|boost\n|-unboost|p2a: ary|atk|1\n|move|p2a: ary|Knock Off|p1a: Enten\n|-damage|p1a: Enten|50\/100\n|\n|turn|24\n|c| pizza|ur a cool tee poc kid\n|choice||\n|\n|move|p2a: ary|Knock Off|p1a: Enten\n|-damage|p1a: Enten|38\/100\n|move|p1a: Enten|U-turn|p2a: ary\n|-resisted|p2a: ary\n|-damage|p2a: ary|67\/100\n|choice||\n|\n|switch|p1a: Katana|Weavile, M|46\/100\n|-damage|p1a: Katana|21\/100|[from] Stealth Rock\n|-ability|p1a: Katana|Pressure\n|\n|turn|25\n|choice||\n|\n|switch|p2a: charge|Suicune|34\/100 slp\n|-damage|p2a: charge|22\/100 slp|[from] Spikes\n|-damage|p2a: charge|9\/100 slp|[from] Stealth Rock\n|-ability|p2a: charge|Pressure\n|move|p1a: Katana|Ice Shard|p2a: charge\n|-resisted|p2a: charge\n|-damage|p2a: charge|2\/100 slp\n|-damage|p1a: Katana|11\/100|[from] item: Life Orb\n|\n|turn|26\n|choice||\n|\n|move|p1a: Katana|Ice Shard|p2a: charge\n|-resisted|p2a: charge\n|-damage|p2a: charge|0 fnt\n|-damage|p1a: Katana|1\/100|[from] item: Life Orb\n|faint|p2a: charge\n|\n|choice||\n|\n|switch|p2a: ary|Landorus-Therian, M|67\/100\n|-damage|p2a: ary|55\/100|[from] Stealth Rock\n|-ability|p2a: ary|Intimidate|boost\n|-unboost|p1a: Katana|atk|1\n|turn|27\n|choice||\n|\n|move|p1a: Katana|Ice Shard|p2a: ary\n|-supereffective|p2a: ary\n|-damage|p2a: ary|0 fnt\n|-damage|p1a: Katana|0 fnt|[from] item: Life Orb\n|faint|p2a: ary\n|faint|p1a: Katana\n|\n|win|Amaterus\n|player|p1\n|player|p2\n|l|xxempoleonlovexx\n|raw|Amaterus's rating: 1785 &rarr; <strong>1805<\/strong><br \/>(+20 for winning)\n|raw|xxempoleonlovexx's rating: 1782 &rarr; <strong>1762<\/strong><br \/>(-20 for losing)\n|c|\u2605Amaterus|gg\n|l|Kajausbo","inputlog":null,"uploadtime":1463960822,"views":25,"p1id":"amaterus","p2id":"xxempoleonlovexx","formatid":"ou","rating":1762,"private":0,"password":null}