{"id":"ou-378184302","p1":"RRobin","p2":"Amaterus","format":"ou","log":"|j|RRobin\n|j|Amaterus\n|player|p1|RRobin|170\n|player|p2|Amaterus|151\n|gametype|singles\n|gen|6\n|tier|OU\n|rated\n|seed|\n|clearpoke\n|poke|p1|Kyurem-Black|item\n|poke|p1|Pinsir, F|item\n|poke|p1|Starmie|item\n|poke|p1|Heatran, M|item\n|poke|p1|Gliscor, M|item\n|poke|p1|Weavile, F|item\n|poke|p2|Gengar, M, shiny|item\n|poke|p2|Meloetta|item\n|poke|p2|Altaria, M, shiny|item\n|poke|p2|Dragonite, M|item\n|poke|p2|Empoleon, M, shiny|item\n|poke|p2|Magnezone, shiny|item\n|rule|Swagger Clause: Swagger is banned\n|rule|Baton Pass Clause: Limit one Baton Passer, can't pass Spe and other stats simultaneously\n|rule|Sleep Clause Mod: Limit one foe put to sleep\n|rule|Species Clause: Limit one of each Pok\u00e9mon\n|rule|OHKO Clause: OHKO moves are banned\n|rule|Moody Clause: Moody is banned\n|rule|Evasion Moves Clause: Evasion moves are banned\n|rule|Endless Battle Clause: Forcing endless battles is banned\n|rule|HP Percentage Mod: HP is shown in percentages\n|teampreview\n|choice||\n|\n|start\n|switch|p1a: Gliscor|Gliscor, M|100\/100\n|switch|p2a: Trident|Empoleon, M, shiny|100\/100\n|turn|1\n|choice||\n|\n|move|p1a: Gliscor|Earthquake|p2a: Trident\n|-supereffective|p2a: Trident\n|-damage|p2a: Trident|30\/100\n|move|p2a: Trident|Scald|p1a: Gliscor\n|-supereffective|p1a: Gliscor\n|-damage|p1a: Gliscor|0 fnt\n|faint|p1a: Gliscor\n|\n|-heal|p2a: Trident|36\/100|[from] item: Leftovers\n|choice||\n|\n|switch|p1a: Starmie|Starmie|100\/100\n|turn|2\n|choice||\n|\n|move|p1a: Starmie|Thunderbolt|p2a: Trident\n|-supereffective|p2a: Trident\n|-damage|p2a: Trident|0 fnt\n|-damage|p1a: Starmie|91\/100|[from] item: Life Orb\n|faint|p2a: Trident\n|\n|choice||\n|\n|switch|p2a: Calamity|Meloetta|100\/100\n|turn|3\n|choice||\n|\n|move|p1a: Starmie|Hydro Pump|p2a: Calamity\n|-damage|p2a: Calamity|53\/100\n|-damage|p1a: Starmie|81\/100|[from] item: Life Orb\n|move|p2a: Calamity|Relic Song|p1a: Starmie\n|-crit|p1a: Starmie\n|-damage|p1a: Starmie|0 fnt\n|-formechange|p2a: Calamity|Meloetta-Pirouette|[msg]\n|-damage|p2a: Calamity|43\/100|[from] item: Life Orb\n|faint|p1a: Starmie\n|\n|choice||\n|\n|switch|p1a: Pinsir|Pinsir, F|100\/100\n|turn|4\n|choice||\n|\n|detailschange|p1a: Pinsir|Pinsir-Mega, F\n|-mega|p1a: Pinsir|Pinsir|Pinsirite\n|move|p2a: Calamity|Ice Punch|p1a: Pinsir\n|-supereffective|p1a: Pinsir\n|-damage|p1a: Pinsir|27\/100\n|-damage|p2a: Calamity|33\/100|[from] item: Life Orb\n|move|p1a: Pinsir|Frustration|p2a: Calamity\n|-supereffective|p2a: Calamity\n|-damage|p2a: Calamity|0 fnt\n|faint|p2a: Calamity\n|\n|choice||\n|\n|switch|p2a: Apocalypse|Dragonite, M|100\/100\n|turn|5\n|choice||\n|\n|move|p2a: Apocalypse|Extreme Speed|p1a: Pinsir\n|-damage|p1a: Pinsir|0 fnt\n|faint|p1a: Pinsir\n|\n|choice||\n|\n|switch|p1a: Weavile|Weavile, F|100\/100\n|-ability|p1a: Weavile|Pressure\n|turn|6\n|choice||\n|\n|move|p2a: Apocalypse|Extreme Speed|p1a: Weavile\n|-damage|p1a: Weavile|24\/100\n|move|p1a: Weavile|Icicle Crash|p2a: Apocalypse\n|-supereffective|p2a: Apocalypse\n|-damage|p2a: Apocalypse|1\/100\n|-damage|p1a: Weavile|14\/100|[from] item: Life Orb\n|\n|turn|7\n|choice||\n|\n|switch|p1a: Heatran|Heatran, M|100\/100\n|-item|p1a: Heatran|Air Balloon\n|move|p2a: Apocalypse|Extreme Speed|p1a: Heatran\n|-resisted|p1a: Heatran\n|-damage|p1a: Heatran|82\/100\n|-enditem|p1a: Heatran|Air Balloon\n|\n|turn|8\n|choice||\n|\n|switch|p2a: Kage|Gengar, M, shiny|100\/100\n|move|p1a: Heatran|Stealth Rock|p2a: Kage\n|-sidestart|p2: Amaterus|move: Stealth Rock\n|\n|turn|9\n|choice||\n|\n|move|p2a: Kage|Focus Blast|p1a: Heatran\n|-supereffective|p1a: Heatran\n|-damage|p1a: Heatran|19\/100\n|-damage|p2a: Kage|91\/100|[from] item: Life Orb\n|move|p1a: Heatran|Lava Plume|p2a: Kage\n|-damage|p2a: Kage|33\/100\n|\n|turn|10\n|choice||\n|\n|move|p2a: Kage|Shadow Ball|p1a: Heatran\n|-damage|p1a: Heatran|0 fnt\n|-damage|p2a: Kage|23\/100|[from] item: Life Orb\n|faint|p1a: Heatran\n|\n|choice||\n|\n|switch|p1a: Weavile|Weavile, F|14\/100\n|-ability|p1a: Weavile|Pressure\n|turn|11\n|choice||\n|\n|switch|p2a: Grimlock|Magnezone, shiny|100\/100\n|-damage|p2a: Grimlock|94\/100|[from] Stealth Rock\n|move|p1a: Weavile|Knock Off|p2a: Grimlock\n|-damage|p2a: Grimlock|48\/100\n|-enditem|p2a: Grimlock|Leftovers|[from] move: Knock Off|[of] p1a: Weavile\n|-damage|p1a: Weavile|4\/100|[from] item: Life Orb\n|\n|turn|12\n|choice||\n|\n|move|p1a: Weavile|Low Kick|p2a: Grimlock\n|-supereffective|p2a: Grimlock\n|-crit|p2a: Grimlock\n|-damage|p2a: Grimlock|0 fnt\n|-damage|p1a: Weavile|0 fnt|[from] item: Life Orb\n|faint|p2a: Grimlock\n|faint|p1a: Weavile\n|\n|choice||\n|\n|switch|p2a: Kage|Gengar, M, shiny|23\/100\n|switch|p1a: Kyurem|Kyurem-Black|100\/100\n|-damage|p2a: Kage|11\/100|[from] Stealth Rock\n|-ability|p1a: Kyurem|Teravolt\n|turn|13\n|choice||\n|\n|move|p2a: Kage|Focus Blast|p1a: Kyurem\n|-supereffective|p1a: Kyurem\n|-damage|p1a: Kyurem|0 fnt\n|-damage|p2a: Kage|1\/100|[from] item: Life Orb\n|faint|p1a: Kyurem\n|\n|win|Amaterus\n|player|p1\n|player|p2\n|c|\u2605Amaterus|gg.\n|raw|RRobin's rating: 1743 &rarr; <strong>1720<\/strong><br \/>(-23 for losing)\n|raw|Amaterus's rating: 1694 &rarr; <strong>1717<\/strong><br \/>(+23 for winning)","inputlog":null,"uploadtime":1464309594,"views":91,"p1id":"rrobin","p2id":"amaterus","formatid":"ou","rating":1717,"private":0,"password":null}