{"id":"ou-381382978","p1":"Candice","p2":"otten","format":"ou","log":"|j|Candice\n|j|otten\n|player|p1|Candice|79\n|player|p2|otten|1\n|gametype|singles\n|gen|6\n|tier|OU\n|rated\n|seed|\n|clearpoke\n|poke|p1|Altaria, F|item\n|poke|p1|Landorus-Therian, M|item\n|poke|p1|Latias, F|item\n|poke|p1|Keldeo|item\n|poke|p1|Jirachi|item\n|poke|p1|Magnezone|item\n|poke|p2|Latios, M|item\n|poke|p2|Volcanion|item\n|poke|p2|Bisharp, F|item\n|poke|p2|Clefable, M|item\n|poke|p2|Landorus-Therian, M|item\n|poke|p2|Garchomp, F|item\n|rule|Swagger Clause: Swagger is banned\n|rule|Baton Pass Clause: Limit one Baton Passer, can't pass Spe and other stats simultaneously\n|rule|Sleep Clause Mod: Limit one foe put to sleep\n|rule|Species Clause: Limit one of each Pok\u00e9mon\n|rule|OHKO Clause: OHKO moves are banned\n|rule|Moody Clause: Moody is banned\n|rule|Evasion Moves Clause: Evasion moves are banned\n|rule|Endless Battle Clause: Forcing endless battles is banned\n|rule|HP Percentage Mod: HP is shown in percentages\n|teampreview\n|choice||\n|\n|start\n|switch|p1a: PKThunder|Magnezone|100\/100\n|switch|p2a: Volcanion|Volcanion|100\/100\n|turn|1\n|choice||\n|\n|move|p2a: Volcanion|Fire Blast|p1a: PKThunder\n|-supereffective|p1a: PKThunder\n|-crit|p1a: PKThunder\n|-damage|p1a: PKThunder|0 fnt\n|faint|p1a: PKThunder\n|\n|c|\u2605otten|?\n|c|\u2605Candice|!!!\n|choice||\n|\n|switch|p1a: Fluffy|Altaria, F|100\/100\n|turn|2\n|choice||\n|\n|switch|p2a: Landorus|Landorus-Therian, M|100\/100\n|-ability|p2a: Landorus|Intimidate|boost\n|-unboost|p1a: Fluffy|atk|1\n|detailschange|p1a: Fluffy|Altaria-Mega, F\n|-mega|p1a: Fluffy|Altaria|Altarianite\n|move|p1a: Fluffy|Dragon Dance|p1a: Fluffy\n|-boost|p1a: Fluffy|atk|1\n|-boost|p1a: Fluffy|spe|1\n|\n|turn|3\n|choice||\n|\n|switch|p2a: Volcanion|Volcanion|100\/100\n|move|p1a: Fluffy|Return|p2a: Volcanion\n|-resisted|p2a: Volcanion\n|-damage|p2a: Volcanion|71\/100\n|\n|turn|4\n|choice||\n|\n|move|p1a: Fluffy|Earthquake|p2a: Volcanion\n|-supereffective|p2a: Volcanion\n|-damage|p2a: Volcanion|4\/100\n|move|p2a: Volcanion|Sludge Wave|p1a: Fluffy\n|-supereffective|p1a: Fluffy\n|-damage|p1a: Fluffy|0 fnt\n|faint|p1a: Fluffy\n|\n|c|\u2605otten|lol\n|choice||\n|\n|switch|p1a: Jirachi|Jirachi|100\/100\n|turn|5\n|choice||\n|\n|switch|p2a: Garchomp|Garchomp, F|100\/100\n|move|p1a: Jirachi|U-turn|p2a: Garchomp\n|-damage|p2a: Garchomp|82\/100\n|-damage|p1a: Jirachi|88\/100|[from] ability: Rough Skin|[of] p2a: Garchomp\n|-damage|p1a: Jirachi|72\/100|[from] item: Rocky Helmet|[of] p2a: Garchomp\n|choice||\n|\n|switch|p1a: Keldeo|Keldeo|100\/100\n|\n|turn|6\n|choice||\n|\n|switch|p2a: Latios|Latios, M|100\/100\n|move|p1a: Keldeo|Scald|p2a: Latios\n|-resisted|p2a: Latios\n|-damage|p2a: Latios|79\/100\n|\n|turn|7\n|choice||\n|\n|switch|p1a: Jirachi|Jirachi|72\/100\n|detailschange|p2a: Latios|Latios-Mega, M\n|-mega|p2a: Latios|Latios|Latiosite\n|move|p2a: Latios|Thunderbolt|p1a: Jirachi\n|-damage|p1a: Jirachi|28\/100\n|\n|turn|8\n|choice||\n|\n|switch|p1a: Biscuit|Latias, F|100\/100\n|switch|p2a: Garchomp|Garchomp, F|82\/100\n|\n|turn|9\n|choice||\n|\n|switch|p1a: Jirachi|Jirachi|28\/100\n|switch|p2a: Clefable|Clefable, M|100\/100\n|\n|turn|10\n|choice||\n|\n|switch|p2a: Garchomp|Garchomp, F|82\/100\n|move|p1a: Jirachi|Iron Head|p2a: Garchomp\n|-damage|p2a: Garchomp|50\/100\n|-damage|p1a: Jirachi|16\/100|[from] ability: Rough Skin|[of] p2a: Garchomp\n|-damage|p1a: Jirachi|0 fnt|[from] item: Rocky Helmet|[of] p2a: Garchomp\n|faint|p1a: Jirachi\n|\n|-message|Candice forfeited.\n|\n|win|otten\n|player|p1\n|player|p2\n|l|Candice\n|raw|Candice's rating: 1540 &rarr; <strong>1516<\/strong><br \/>(-24 for losing)\n|raw|otten's rating: 1471 &rarr; <strong>1495<\/strong><br \/>(+24 for winning)","inputlog":null,"uploadtime":1464946624,"views":1,"p1id":"candice","p2id":"otten","formatid":"ou","rating":1495,"private":0,"password":null}