{"id":"ou-433496675","p1":"Eric_CaciquexTst","p2":"hauntersnightmare","format":"ou","log":"|j|Eric_CaciquexTst\n|j|hauntersnightmare\n|player|p1|Eric_CaciquexTst|257\n|player|p2|hauntersnightmare|1\n|gametype|singles\n|gen|6\n|tier|OU\n|rated\n|seed|\n|clearpoke\n|poke|p1|Lopunny, F|item\n|poke|p1|Skarmory, F|item\n|poke|p1|Gastrodon, F|item\n|poke|p1|Landorus-Therian, M|item\n|poke|p1|Heatran, F|item\n|poke|p1|Latias, F|item\n|poke|p2|Pinsir, M|item\n|poke|p2|Garchomp, F|item\n|poke|p2|Rotom-Wash|item\n|poke|p2|Starmie, shiny|item\n|poke|p2|Scizor, F|item\n|poke|p2|Clefable, F|item\n|rule|Swagger Clause: Swagger is banned\n|rule|Baton Pass Clause: Limit one Baton Passer, can't pass Spe and other stats simultaneously\n|rule|Sleep Clause Mod: Limit one foe put to sleep\n|rule|Species Clause: Limit one of each Pok\u00e9mon\n|rule|OHKO Clause: OHKO moves are banned\n|rule|Moody Clause: Moody is banned\n|rule|Evasion Moves Clause: Evasion moves are banned\n|rule|Endless Battle Clause: Forcing endless battles is banned\n|rule|HP Percentage Mod: HP is shown in percentages\n|teampreview\n|choice||\n|\n|start\n|switch|p1a: Heatran|Heatran, F|100\/100\n|switch|p2a: Garchomp|Garchomp, F|100\/100\n|-item|p1a: Heatran|Air Balloon\n|turn|1\n|choice||\n|\n|switch|p2a: Starmie|Starmie, shiny|100\/100\n|move|p1a: Heatran|Taunt|p2a: Starmie\n|-start|p2a: Starmie|move: Taunt\n|\n|turn|2\n|choice||\n|\n|switch|p1a: Gastrodon|Gastrodon, F|100\/100\n|move|p2a: Starmie|Scald|p1a: Gastrodon\n|-ability|p1a: Gastrodon|Storm Drain|boost\n|-boost|p1a: Gastrodon|spa|1\n|\n|turn|3\n|choice||\n|\n|switch|p2a: Clefable|Clefable, F|100\/100\n|move|p1a: Gastrodon|Toxic|p2a: Clefable\n|-status|p2a: Clefable|tox\n|\n|-damage|p2a: Clefable|94\/100 tox|[from] psn\n|turn|4\n|choice||\n|\n|switch|p2a: Scizor|Scizor, F|100\/100\n|switch|p1a: Heatran|Heatran, F|100\/100\n|-item|p1a: Heatran|Air Balloon\n|\n|turn|5\n|choice||\n|\n|move|p1a: Heatran|Magma Storm|p2a: Scizor\n|-supereffective|p2a: Scizor\n|-damage|p2a: Scizor|0 fnt\n|faint|p2a: Scizor\n|\n|choice||\n|\n|switch|p2a: Rotom|Rotom-Wash|100\/100\n|turn|6\n|choice||\n|\n|switch|p1a: Gastrodon|Gastrodon, F|100\/100\n|switch|p2a: Pinsir|Pinsir, M|100\/100\n|\n|turn|7\n|choice||\n|\n|switch|p2a: Garchomp|Garchomp, F|100\/100\n|switch|p1a: Skarmory|Skarmory, F|100\/100\n|\n|turn|8\n|choice||\n|\n|move|p2a: Garchomp|Stealth Rock|p1a: Skarmory\n|-sidestart|p1: Eric_CaciquexTst|move: Stealth Rock\n|move|p1a: Skarmory|Stealth Rock|p2a: Garchomp\n|-sidestart|p2: hauntersnightmare|move: Stealth Rock\n|\n|turn|9\n|choice||\n|\n|switch|p1a: Heatran|Heatran, F|100\/100\n|-damage|p1a: Heatran|88\/100|[from] Stealth Rock\n|-item|p1a: Heatran|Air Balloon\n|move|p2a: Garchomp|Dragon Tail|p1a: Heatran\n|-resisted|p1a: Heatran\n|-damage|p1a: Heatran|76\/100\n|-enditem|p1a: Heatran|Air Balloon\n|drag|p1a: Landorus|Landorus-Therian, M|100\/100\n|-damage|p1a: Landorus|88\/100|[from] Stealth Rock\n|-ability|p1a: Landorus|Intimidate|boost\n|-unboost|p2a: Garchomp|atk|1\n|\n|turn|10\n|choice||\n|\n|move|p1a: Landorus|Earthquake|p2a: Garchomp\n|-damage|p2a: Garchomp|64\/100\n|move|p2a: Garchomp|Dragon Tail|p1a: Landorus\n|-damage|p1a: Landorus|68\/100\n|drag|p1a: Heatran|Heatran, F|76\/100\n|-damage|p1a: Heatran|64\/100|[from] Stealth Rock\n|\n|turn|11\n|choice||\n|\n|switch|p1a: Skarmory|Skarmory, F|100\/100\n|-damage|p1a: Skarmory|88\/100|[from] Stealth Rock\n|move|p2a: Garchomp|Fire Blast|p1a: Skarmory\n|-supereffective|p1a: Skarmory\n|-damage|p1a: Skarmory|35\/100\n|\n|turn|12\n|choice||\n|\n|move|p2a: Garchomp|Fire Blast|p1a: Skarmory\n|-supereffective|p1a: Skarmory\n|-damage|p1a: Skarmory|0 fnt\n|faint|p1a: Skarmory\n|\n|choice||\n|\n|switch|p1a: Latias|Latias, F|100\/100\n|-damage|p1a: Latias|88\/100|[from] Stealth Rock\n|turn|13\n|choice||\n|\n|switch|p2a: Clefable|Clefable, F|94\/100 tox\n|-damage|p2a: Clefable|82\/100 tox|[from] Stealth Rock\n|move|p1a: Latias|Psyshock|p2a: Clefable\n|-damage|p2a: Clefable|46\/100 tox\n|-damage|p1a: Latias|78\/100|[from] item: Life Orb\n|\n|-heal|p2a: Clefable|52\/100 tox|[from] item: Leftovers\n|-damage|p2a: Clefable|46\/100 tox|[from] psn\n|turn|14\n|choice||\n|\n|switch|p1a: Heatran|Heatran, F|64\/100\n|-damage|p1a: Heatran|51\/100|[from] Stealth Rock\n|move|p2a: Clefable|Thunder Wave|p1a: Heatran\n|-status|p1a: Heatran|par\n|\n|-heal|p2a: Clefable|52\/100 tox|[from] item: Leftovers\n|-damage|p2a: Clefable|40\/100 tox|[from] psn\n|turn|15\n|choice||\n|\n|switch|p2a: Starmie|Starmie, shiny|100\/100\n|-damage|p2a: Starmie|88\/100|[from] Stealth Rock\n|switch|p1a: Lopunny|Lopunny, F|100\/100\n|-damage|p1a: Lopunny|88\/100|[from] Stealth Rock\n|\n|-heal|p2a: Starmie|94\/100|[from] item: Leftovers\n|turn|16\n|choice||\n|\n|switch|p2a: Garchomp|Garchomp, F|64\/100\n|-damage|p2a: Garchomp|58\/100|[from] Stealth Rock\n|detailschange|p1a: Lopunny|Lopunny-Mega, F\n|-mega|p1a: Lopunny|Lopunny|Lopunnite\n|move|p1a: Lopunny|Fake Out|p2a: Garchomp\n|-damage|p2a: Garchomp|44\/100\n|-damage|p1a: Lopunny|76\/100|[from] ability: Rough Skin|[of] p2a: Garchomp\n|-damage|p1a: Lopunny|60\/100|[from] item: Rocky Helmet|[of] p2a: Garchomp\n|\n|turn|17\n|choice||\n|\n|switch|p2a: Rotom|Rotom-Wash|100\/100\n|-damage|p2a: Rotom|88\/100|[from] Stealth Rock\n|move|p1a: Lopunny|Ice Punch|p2a: Rotom\n|-resisted|p2a: Rotom\n|-damage|p2a: Rotom|76\/100\n|\n|-heal|p2a: Rotom|83\/100|[from] item: Leftovers\n|turn|18\n|choice||\n|\n|move|p1a: Lopunny|High Jump Kick|p2a: Rotom\n|-damage|p2a: Rotom|26\/100\n|move|p2a: Rotom|Will-O-Wisp|p1a: Lopunny\n|-status|p1a: Lopunny|brn\n|\n|-heal|p2a: Rotom|33\/100|[from] item: Leftovers\n|-damage|p1a: Lopunny|47\/100 brn|[from] brn\n|turn|19\n|choice||\n|\n|switch|p1a: Latias|Latias, F|78\/100\n|-damage|p1a: Latias|66\/100|[from] Stealth Rock\n|move|p2a: Rotom|Pain Split|p1a: Latias\n|-sethp|p1a: Latias|49\/100|p2a: Rotom|49\/100|[from] move: Pain Split\n|\n|-heal|p2a: Rotom|55\/100|[from] item: Leftovers\n|turn|20\n|choice||\n|\n|move|p1a: Latias|Healing Wish|p1a: Latias\n|faint|p1a: Latias\n|move|p2a: Rotom|Will-O-Wisp|p1: Latias|[notarget]\n|-notarget\n|\n|-heal|p2a: Rotom|61\/100|[from] item: Leftovers\n|choice||\n|\n|switch|p1a: Lopunny|Lopunny-Mega, F|47\/100 brn\n|-heal|p1a: Lopunny|100\/100|[from] move: Healing Wish\n|-damage|p1a: Lopunny|95\/100|[from] Stealth Rock\n|turn|21\n|choice||\n|\n|switch|p2a: Garchomp|Garchomp, F|44\/100\n|-damage|p2a: Garchomp|38\/100|[from] Stealth Rock\n|move|p1a: Lopunny|Fake Out|p2a: Garchomp\n|-damage|p2a: Garchomp|25\/100\n|-damage|p1a: Lopunny|82\/100|[from] ability: Rough Skin|[of] p2a: Garchomp\n|-damage|p1a: Lopunny|66\/100|[from] item: Rocky Helmet|[of] p2a: Garchomp\n|\n|turn|22\n|choice||\n|\n|move|p1a: Lopunny|Ice Punch|p2a: Garchomp\n|-supereffective|p2a: Garchomp\n|-crit|p2a: Garchomp\n|-damage|p2a: Garchomp|0 fnt\n|-damage|p1a: Lopunny|54\/100|[from] ability: Rough Skin|[of] p2a: Garchomp\n|-damage|p1a: Lopunny|37\/100|[from] item: Rocky Helmet|[of] p2a: Garchomp\n|faint|p2a: Garchomp\n|\n|choice||\n|\n|switch|p2a: Starmie|Starmie, shiny|94\/100\n|-damage|p2a: Starmie|82\/100|[from] Stealth Rock\n|turn|23\n|choice||\n|\n|move|p1a: Lopunny|Return|p2a: Starmie\n|-damage|p2a: Starmie|20\/100\n|move|p2a: Starmie|Rapid Spin|p1a: Lopunny\n|-damage|p1a: Lopunny|33\/100\n|-sideend|p2: hauntersnightmare|Stealth Rock|[from] move: Rapid Spin|[of] p2a: Starmie\n|\n|-heal|p2a: Starmie|26\/100|[from] item: Leftovers\n|turn|24\n|choice||\n|\n|switch|p2a: Clefable|Clefable, F|40\/100 tox\n|move|p1a: Lopunny|Return|p2a: Clefable\n|-damage|p2a: Clefable|0 fnt\n|faint|p2a: Clefable\n|\n|choice||\n|\n|switch|p2a: Pinsir|Pinsir, M|100\/100\n|turn|25\n|choice||\n|\n|switch|p1a: Heatran|Heatran, F|51\/100 par\n|-damage|p1a: Heatran|39\/100 par|[from] Stealth Rock\n|detailschange|p2a: Pinsir|Pinsir-Mega, M\n|-mega|p2a: Pinsir|Pinsir|Pinsirite\n|move|p2a: Pinsir|Quick Attack|p1a: Heatran\n|-resisted|p1a: Heatran\n|-damage|p1a: Heatran|23\/100 par\n|\n|turn|26\n|choice||\n|\n|move|p2a: Pinsir|Frustration|p1a: Heatran\n|-resisted|p1a: Heatran\n|-damage|p1a: Heatran|0 fnt\n|faint|p1a: Heatran\n|\n|choice||\n|\n|switch|p1a: Landorus|Landorus-Therian, M|68\/100\n|-damage|p1a: Landorus|55\/100|[from] Stealth Rock\n|-ability|p1a: Landorus|Intimidate|boost\n|-unboost|p2a: Pinsir|atk|1\n|turn|27\n|choice||\n|\n|switch|p2a: Starmie|Starmie, shiny|26\/100\n|move|p1a: Landorus|U-turn|p2a: Starmie\n|-supereffective|p2a: Starmie\n|-damage|p2a: Starmie|0 fnt\n|faint|p2a: Starmie\n|choice||\n|\n|switch|p1a: Gastrodon|Gastrodon, F|100\/100\n|-damage|p1a: Gastrodon|94\/100|[from] Stealth Rock\n|\n|-heal|p1a: Gastrodon|100\/100|[from] item: Leftovers\n|choice||\n|\n|switch|p2a: Pinsir|Pinsir-Mega, M|100\/100\n|turn|28\n|choice||\n|\n|move|p2a: Pinsir|Swords Dance|p2a: Pinsir\n|-boost|p2a: Pinsir|atk|2\n|move|p1a: Gastrodon|Scald|p2a: Pinsir\n|-damage|p2a: Pinsir|64\/100\n|\n|turn|29\n|choice||\n|\n|move|p2a: Pinsir|Frustration|p1a: Gastrodon\n|-damage|p1a: Gastrodon|0 fnt\n|faint|p1a: Gastrodon\n|\n|choice||\n|\n|switch|p1a: Lopunny|Lopunny-Mega, F|33\/100\n|-damage|p1a: Lopunny|27\/100|[from] Stealth Rock\n|turn|30\n|choice||\n|\n|move|p1a: Lopunny|Fake Out|p2a: Pinsir\n|-damage|p2a: Pinsir|38\/100\n|cant|p2a: Pinsir|flinch\n|\n|turn|31\n|choice||\n|\n|move|p2a: Pinsir|Quick Attack|p1a: Lopunny\n|-supereffective|p1a: Lopunny\n|-damage|p1a: Lopunny|0 fnt\n|faint|p1a: Lopunny\n|\n|choice||\n|\n|switch|p1a: Landorus|Landorus-Therian, M|55\/100\n|-damage|p1a: Landorus|43\/100|[from] Stealth Rock\n|-ability|p1a: Landorus|Intimidate|boost\n|-unboost|p2a: Pinsir|atk|1\n|turn|32\n|choice||\n|\n|move|p2a: Pinsir|Quick Attack|p1a: Landorus\n|-damage|p1a: Landorus|0 fnt\n|faint|p1a: Landorus\n|\n|win|hauntersnightmare\n|player|p1\n|player|p2\n|c|\u2605hauntersnightmare|gg\n|c|\u2605Eric_CaciquexTst|gg\n|l|Eric_CaciquexTst\n|raw|Eric_CaciquexTst's rating: 1442 &rarr; <strong>1420<\/strong><br \/>(-22 for losing)\n|raw|hauntersnightmare's rating: 1409 &rarr; <strong>1431<\/strong><br \/>(+22 for winning)","inputlog":null,"uploadtime":1473352018,"views":6,"p1id":"ericcaciquextst","p2id":"hauntersnightmare","formatid":"ou","rating":1420,"private":0,"password":null}