{"id":"ou-462197835","p1":"jhnjniu","p2":"Amaterus","format":"ou","log":"|j|jhnjniu\n|j|Amaterus\n|player|p1|jhnjniu|164\n|player|p2|Amaterus|11\n|gametype|singles\n|gen|6\n|tier|OU\n|seed|\n|clearpoke\n|poke|p1|Manectric, M, shiny|item\n|poke|p1|Hippowdon, F, shiny|item\n|poke|p1|Jirachi, shiny|item\n|poke|p1|Keldeo-Resolute|item\n|poke|p1|Alomomola, M, shiny|item\n|poke|p1|Mandibuzz, F, shiny|item\n|poke|p2|Lopunny, M|item\n|poke|p2|Rotom-Wash|item\n|poke|p2|Ferrothorn, F|item\n|poke|p2|Heatran, M|item\n|poke|p2|Gengar, M, shiny|item\n|poke|p2|Landorus-Therian, M, shiny|item\n|rule|Swagger Clause: Swagger is banned\n|rule|Baton Pass Clause: Limit one Baton Passer, can't pass Spe and other stats simultaneously\n|rule|Sleep Clause Mod: Limit one foe put to sleep\n|rule|Species Clause: Limit one of each Pok\u00e9mon\n|rule|OHKO Clause: OHKO moves are banned\n|rule|Moody Clause: Moody is banned\n|rule|Evasion Moves Clause: Evasion moves are banned\n|rule|Endless Battle Clause: Forcing endless battles is banned\n|rule|HP Percentage Mod: HP is shown in percentages\n|teampreview\n|j|Maxorange23\n|l|Maxorange23\n|choice||\n|\n|start\n|switch|p1a: Manectric|Manectric, M, shiny|100\/100\n|switch|p2a: Rotom|Rotom-Wash|100\/100\n|turn|1\n|j|Maxorange23\n|choice||\n|\n|detailschange|p1a: Manectric|Manectric-Mega, M, shiny\n|-mega|p1a: Manectric|Manectric|Manectite\n|-ability|p1a: Manectric|Intimidate|boost\n|-unboost|p2a: Rotom|atk|1\n|move|p1a: Manectric|Thunderbolt|p2a: Rotom\n|-damage|p2a: Rotom|61\/100\n|move|p2a: Rotom|Volt Switch|p1a: Manectric\n|-resisted|p1a: Manectric\n|-damage|p1a: Manectric|81\/100\n|choice||\n|\n|switch|p2a: S Rank|Landorus-Therian, M, shiny|100\/100\n|-ability|p2a: S Rank|Intimidate|boost\n|-unboost|p1a: Manectric|atk|1\n|\n|turn|2\n|choice||\n|\n|switch|p1a: Alomomola|Alomomola, M, shiny|100\/100\n|move|p2a: S Rank|U-turn|p1a: Alomomola\n|-damage|p1a: Alomomola|83\/100\n|choice||\n|\n|switch|p2a: Rotom|Rotom-Wash|61\/100\n|\n|-heal|p2a: Rotom|67\/100|[from] item: Leftovers\n|-heal|p1a: Alomomola|89\/100|[from] item: Leftovers\n|turn|3\n|choice||\n|\n|move|p2a: Rotom|Volt Switch|p1a: Alomomola\n|-supereffective|p1a: Alomomola\n|-damage|p1a: Alomomola|42\/100\n|choice||\n|\n|switch|p2a: S Rank|Landorus-Therian, M, shiny|100\/100\n|-ability|p2a: S Rank|Intimidate|boost\n|-unboost|p1a: Alomomola|atk|1\n|move|p1a: Alomomola|Toxic|p2a: S Rank\n|-status|p2a: S Rank|tox\n|\n|-heal|p1a: Alomomola|48\/100|[from] item: Leftovers\n|-damage|p2a: S Rank|94\/100 tox|[from] psn\n|turn|4\n|choice||\n|\n|move|p1a: Alomomola|Protect|p1a: Alomomola\n|-singleturn|p1a: Alomomola|Protect\n|move|p2a: S Rank|Knock Off|p1a: Alomomola\n|-activate|p1a: Alomomola|move: Protect\n|\n|-heal|p1a: Alomomola|54\/100|[from] item: Leftovers\n|-damage|p2a: S Rank|82\/100 tox|[from] psn\n|turn|5\n|choice||\n|\n|move|p2a: S Rank|Earthquake|p1a: Alomomola\n|-damage|p1a: Alomomola|11\/100\n|move|p1a: Alomomola|Scald|p2a: S Rank\n|-supereffective|p2a: S Rank\n|-damage|p2a: S Rank|46\/100 tox\n|\n|-heal|p1a: Alomomola|18\/100|[from] item: Leftovers\n|-damage|p2a: S Rank|27\/100 tox|[from] psn\n|turn|6\n|choice||\n|\n|switch|p2a: Rotom|Rotom-Wash|67\/100\n|switch|p1a: Hippowdon|Hippowdon, F, shiny|100\/100\n|-weather|Sandstorm|[from] ability: Sand Stream|[of] p1a: Hippowdon\n|\n|-weather|Sandstorm|[upkeep]\n|-damage|p2a: Rotom|61\/100|[from] sandstorm\n|-heal|p2a: Rotom|67\/100|[from] item: Leftovers\n|turn|7\n|choice||\n|\n|switch|p1a: Jirachi|Jirachi, shiny|100\/100\n|move|p2a: Rotom|Hydro Pump|p1a: Jirachi\n|-damage|p1a: Jirachi|77\/100\n|\n|-weather|Sandstorm|[upkeep]\n|-damage|p2a: Rotom|61\/100|[from] sandstorm\n|-heal|p1a: Jirachi|83\/100|[from] item: Leftovers\n|-heal|p2a: Rotom|67\/100|[from] item: Leftovers\n|turn|8\n|choice||\n|\n|move|p1a: Jirachi|U-turn|p2a: Rotom\n|-damage|p2a: Rotom|50\/100\n|choice||\n|\n|switch|p1a: Manectric|Manectric-Mega, M, shiny|81\/100\n|-ability|p1a: Manectric|Intimidate|boost\n|-unboost|p2a: Rotom|atk|1\n|move|p2a: Rotom|Pain Split|p1a: Manectric\n|-sethp|p1a: Manectric|67\/100|p2a: Rotom|63\/100|[from] move: Pain Split\n|\n|-weather|Sandstorm|[upkeep]\n|-damage|p1a: Manectric|61\/100|[from] sandstorm\n|-damage|p2a: Rotom|57\/100|[from] sandstorm\n|-heal|p2a: Rotom|63\/100|[from] item: Leftovers\n|turn|9\n|choice||\n|\n|move|p1a: Manectric|Thunderbolt|p2a: Rotom\n|-damage|p2a: Rotom|21\/100\n|move|p2a: Rotom|Volt Switch|p1a: Manectric\n|-resisted|p1a: Manectric\n|-damage|p1a: Manectric|42\/100\n|choice||\n|\n|switch|p2a: Lopunny|Lopunny, M|100\/100\n|\n|-weather|Sandstorm|[upkeep]\n|-damage|p1a: Manectric|36\/100|[from] sandstorm\n|-damage|p2a: Lopunny|95\/100|[from] sandstorm\n|turn|10\n|choice||\n|\n|switch|p1a: Hippowdon|Hippowdon, F, shiny|100\/100\n|switch|p2a: Rotom|Rotom-Wash|21\/100\n|\n|-weather|none\n|-heal|p2a: Rotom|27\/100|[from] item: Leftovers\n|turn|11\n|choice||\n|\n|switch|p1a: Manectric|Manectric-Mega, M, shiny|36\/100\n|-ability|p1a: Manectric|Intimidate|boost\n|-unboost|p2a: Rotom|atk|1\n|move|p2a: Rotom|Pain Split|p1a: Manectric\n|-sethp|p1a: Manectric|32\/100|p2a: Rotom|30\/100|[from] move: Pain Split\n|\n|-heal|p2a: Rotom|36\/100|[from] item: Leftovers\n|turn|12\n|choice||\n|\n|switch|p2a: Sp Def Tran|Heatran, M|100\/100\n|move|p1a: Manectric|Thunderbolt|p2a: Sp Def Tran\n|-crit|p2a: Sp Def Tran\n|-damage|p2a: Sp Def Tran|57\/100\n|\n|-heal|p2a: Sp Def Tran|64\/100|[from] item: Leftovers\n|turn|13\n|choice||\n|\n|move|p2a: Sp Def Tran|Protect|p2a: Sp Def Tran\n|-singleturn|p2a: Sp Def Tran|Protect\n|move|p1a: Manectric|Volt Switch|p2a: Sp Def Tran\n|-activate|p2a: Sp Def Tran|move: Protect\n|\n|-heal|p2a: Sp Def Tran|70\/100|[from] item: Leftovers\n|turn|14\n|choice||\n|\n|switch|p2a: S Rank|Landorus-Therian, M, shiny|27\/100 tox\n|-ability|p2a: S Rank|Intimidate|boost\n|-unboost|p1a: Manectric|atk|1\n|move|p1a: Manectric|Volt Switch|p2a: S Rank\n|-immune|p2a: S Rank|[msg]\n|\n|-damage|p2a: S Rank|21\/100 tox|[from] psn\n|turn|15\n|choice||\n|\n|switch|p2a: Rotom|Rotom-Wash|36\/100\n|move|p1a: Manectric|Hidden Power|p2a: Rotom\n|-resisted|p2a: Rotom\n|-damage|p2a: Rotom|27\/100\n|\n|-heal|p2a: Rotom|33\/100|[from] item: Leftovers\n|turn|16\n|choice||\n|\n|move|p1a: Manectric|Thunderbolt|p2a: Rotom\n|-damage|p2a: Rotom|0 fnt\n|faint|p2a: Rotom\n|\n|choice||\n|\n|switch|p2a: Gengar|Gengar, M, shiny|100\/100\n|turn|17\n|choice||\n|\n|switch|p1a: Mandibuzz|Mandibuzz, F, shiny|100\/100\n|move|p2a: Gengar|Shadow Ball|p1a: Mandibuzz\n|-resisted|p1a: Mandibuzz\n|-damage|p1a: Mandibuzz|81\/100\n|-unboost|p1a: Mandibuzz|spd|1\n|-damage|p2a: Gengar|91\/100|[from] item: Life Orb\n|\n|-heal|p1a: Mandibuzz|87\/100|[from] item: Leftovers\n|turn|18\n|choice||\n|\n|move|p2a: Gengar|Focus Blast|p1a: Mandibuzz\n|-damage|p1a: Mandibuzz|22\/100\n|-damage|p2a: Gengar|81\/100|[from] item: Life Orb\n|move|p1a: Mandibuzz|Knock Off|p2a: Gengar\n|-supereffective|p2a: Gengar\n|-damage|p2a: Gengar|0 fnt\n|-enditem|p2a: Gengar|Life Orb|[from] move: Knock Off|[of] p1a: Mandibuzz\n|faint|p2a: Gengar\n|\n|-heal|p1a: Mandibuzz|28\/100|[from] item: Leftovers\n|choice||\n|\n|switch|p2a: Sp Def Tran|Heatran, M|70\/100\n|turn|19\n|choice||\n|\n|switch|p1a: Keldeo|Keldeo-Resolute|100\/100\n|move|p2a: Sp Def Tran|Lava Plume|p1a: Keldeo\n|-resisted|p1a: Keldeo\n|-damage|p1a: Keldeo|82\/100\n|-status|p1a: Keldeo|brn\n|\n|-heal|p2a: Sp Def Tran|76\/100|[from] item: Leftovers\n|-damage|p1a: Keldeo|70\/100 brn|[from] brn\n|turn|20\n|choice||\n|\n|move|p2a: Sp Def Tran|Protect|p2a: Sp Def Tran\n|-singleturn|p2a: Sp Def Tran|Protect\n|move|p1a: Keldeo|Secret Sword|p2a: Sp Def Tran\n|-activate|p2a: Sp Def Tran|move: Protect\n|\n|-heal|p2a: Sp Def Tran|82\/100|[from] item: Leftovers\n|-damage|p1a: Keldeo|57\/100 brn|[from] brn\n|turn|21\n|choice||\n|\n|move|p1a: Keldeo|Secret Sword|p2a: Sp Def Tran\n|-supereffective|p2a: Sp Def Tran\n|-damage|p2a: Sp Def Tran|0 fnt\n|faint|p2a: Sp Def Tran\n|\n|-damage|p1a: Keldeo|45\/100 brn|[from] brn\n|choice||\n|\n|switch|p2a: Lopunny|Lopunny, M|95\/100\n|turn|22\n|choice||\n|\n|switch|p1a: Hippowdon|Hippowdon, F, shiny|100\/100\n|-weather|Sandstorm|[from] ability: Sand Stream|[of] p1a: Hippowdon\n|detailschange|p2a: Lopunny|Lopunny-Mega, M\n|-mega|p2a: Lopunny|Lopunny|Lopunnite\n|move|p2a: Lopunny|Ice Punch|p1a: Hippowdon\n|-supereffective|p1a: Hippowdon\n|-damage|p1a: Hippowdon|70\/100\n|\n|-weather|Sandstorm|[upkeep]\n|-damage|p2a: Lopunny|89\/100|[from] sandstorm\n|-heal|p1a: Hippowdon|76\/100|[from] item: Leftovers\n|turn|23\n|choice||\n|\n|move|p2a: Lopunny|High Jump Kick|p1a: Hippowdon\n|-damage|p1a: Hippowdon|38\/100\n|move|p1a: Hippowdon|Slack Off|p1a: Hippowdon\n|-heal|p1a: Hippowdon|88\/100\n|\n|-weather|Sandstorm|[upkeep]\n|-damage|p2a: Lopunny|83\/100|[from] sandstorm\n|-heal|p1a: Hippowdon|94\/100|[from] item: Leftovers\n|turn|24\n|choice||\n|\n|move|p2a: Lopunny|Ice Punch|p1a: Hippowdon\n|-supereffective|p1a: Hippowdon\n|-damage|p1a: Hippowdon|62\/100\n|move|p1a: Hippowdon|Stealth Rock|p2a: Lopunny\n|-sidestart|p2: Amaterus|move: Stealth Rock\n|\n|-weather|Sandstorm|[upkeep]\n|-damage|p2a: Lopunny|77\/100|[from] sandstorm\n|-heal|p1a: Hippowdon|69\/100|[from] item: Leftovers\n|turn|25\n|choice||\n|\n|move|p2a: Lopunny|Ice Punch|p1a: Hippowdon\n|-supereffective|p1a: Hippowdon\n|-damage|p1a: Hippowdon|36\/100\n|move|p1a: Hippowdon|Slack Off|p1a: Hippowdon\n|-heal|p1a: Hippowdon|86\/100\n|\n|-weather|Sandstorm|[upkeep]\n|-damage|p2a: Lopunny|71\/100|[from] sandstorm\n|-heal|p1a: Hippowdon|92\/100|[from] item: Leftovers\n|turn|26\n|-message|Amaterus forfeited.\n|\n|win|jhnjniu\n|player|p1\n|player|p2\n|l|Amaterus","inputlog":null,"uploadtime":1477190625,"views":702,"p1id":"jhnjniu","p2id":"amaterus","formatid":"ou","rating":0,"private":0,"password":null}