{"id":"ou-450469338","p1":"hauntersnightmare","p2":"Chamspion lalo","format":"ou","log":"|j|hauntersnightmare\n|j|Chamspion lalo\n|player|p1|hauntersnightmare|101\n|player|p2|Chamspion lalo|290\n|gametype|singles\n|gen|6\n|tier|OU\n|rated\n|seed|\n|clearpoke\n|poke|p1|Keldeo|item\n|poke|p1|Latios, M|item\n|poke|p1|Landorus-Therian, M, shiny|item\n|poke|p1|Tyranitar, M|item\n|poke|p1|Altaria, M|item\n|poke|p1|Thundurus, M, shiny|item\n|poke|p2|Metagross|item\n|poke|p2|Garchomp, M|item\n|poke|p2|Thundurus-Therian, M|item\n|poke|p2|Kyurem-Black|item\n|poke|p2|Azumarill, M, shiny|item\n|poke|p2|Latios, M|item\n|rule|Swagger Clause: Swagger is banned\n|rule|Baton Pass Clause: Limit one Baton Passer, can't pass Spe and other stats simultaneously\n|rule|Sleep Clause Mod: Limit one foe put to sleep\n|rule|Species Clause: Limit one of each Pok\u00e9mon\n|rule|OHKO Clause: OHKO moves are banned\n|rule|Moody Clause: Moody is banned\n|rule|Evasion Moves Clause: Evasion moves are banned\n|rule|Endless Battle Clause: Forcing endless battles is banned\n|rule|HP Percentage Mod: HP is shown in percentages\n|teampreview\n|choice||\n|\n|start\n|switch|p1a: Tyranitar|Tyranitar, M|100\/100\n|switch|p2a: Garchomp|Garchomp, M|100\/100\n|-weather|Sandstorm|[from] ability: Sand Stream|[of] p1a: Tyranitar\n|turn|1\n|choice||\n|\n|switch|p1a: Altaria|Altaria, M|100\/100\n|-ability|p1a: Altaria|Cloud Nine\n|move|p2a: Garchomp|Earthquake|p1a: Altaria\n|-immune|p1a: Altaria|[msg]\n|\n|-weather|Sandstorm|[upkeep]\n|turn|2\n|choice||\n|\n|switch|p2a: Azumarill|Azumarill, M, shiny|100\/100\n|switch|p1a: Doge|Landorus-Therian, M, shiny|100\/100\n|-ability|p1a: Doge|Intimidate|boost\n|-unboost|p2a: Azumarill|atk|1\n|\n|-weather|Sandstorm|[upkeep]\n|-damage|p2a: Azumarill|94\/100|[from] sandstorm\n|turn|3\n|choice||\n|\n|move|p1a: Doge|U-turn|p2a: Azumarill\n|-resisted|p2a: Azumarill\n|-damage|p2a: Azumarill|81\/100\n|choice||\n|\n|switch|p1a: Ducky|Latios, M|100\/100\n|move|p2a: Azumarill|Knock Off|p1a: Ducky\n|-supereffective|p1a: Ducky\n|-damage|p1a: Ducky|0 fnt\n|-enditem|p1a: Ducky|Life Orb|[from] move: Knock Off|[of] p2a: Azumarill\n|faint|p1a: Ducky\n|\n|-weather|Sandstorm|[upkeep]\n|-damage|p2a: Azumarill|75\/100|[from] sandstorm\n|choice||\n|\n|switch|p1a: Robin Williams|Thundurus, M, shiny|100\/100\n|turn|4\n|choice||\n|\n|switch|p2a: Latios|Latios, M|100\/100\n|move|p1a: Robin Williams|Thunderbolt|p2a: Latios\n|-resisted|p2a: Latios\n|-damage|p2a: Latios|67\/100\n|-damage|p1a: Robin Williams|91\/100|[from] item: Life Orb\n|\n|-weather|Sandstorm|[upkeep]\n|-damage|p2a: Latios|61\/100|[from] sandstorm\n|-damage|p1a: Robin Williams|85\/100|[from] sandstorm\n|turn|5\n|choice||\n|\n|move|p2a: Latios|Draco Meteor|p1a: Robin Williams\n|-damage|p1a: Robin Williams|0 fnt\n|-unboost|p2a: Latios|spa|2\n|faint|p1a: Robin Williams\n|\n|-weather|none\n|choice||\n|\n|switch|p1a: Tyranitar|Tyranitar, M|100\/100\n|-weather|Sandstorm|[from] ability: Sand Stream|[of] p1a: Tyranitar\n|turn|6\n|choice||\n|\n|switch|p2a: Garchomp|Garchomp, M|100\/100\n|move|p1a: Tyranitar|Crunch|p2a: Garchomp\n|-damage|p2a: Garchomp|57\/100\n|-damage|p1a: Tyranitar|88\/100|[from] ability: Rough Skin|[of] p2a: Garchomp\n|-damage|p1a: Tyranitar|72\/100|[from] item: Rocky Helmet|[of] p2a: Garchomp\n|\n|-weather|Sandstorm|[upkeep]\n|turn|7\n|choice||\n|\n|move|p1a: Tyranitar|Crunch|p2a: Garchomp\n|-damage|p2a: Garchomp|14\/100\n|-damage|p1a: Tyranitar|59\/100|[from] ability: Rough Skin|[of] p2a: Garchomp\n|-damage|p1a: Tyranitar|43\/100|[from] item: Rocky Helmet|[of] p2a: Garchomp\n|move|p2a: Garchomp|Outrage|p1a: Tyranitar\n|-damage|p1a: Tyranitar|0 fnt\n|faint|p1a: Tyranitar\n|\n|-weather|Sandstorm|[upkeep]\n|-message|hauntersnightmare forfeited.\n|\n|win|Chamspion lalo\n|player|p1\n|player|p2\n|l|hauntersnightmare\n|raw|hauntersnightmare's rating: 1364 &rarr; <strong>1345<\/strong><br \/>(-19 for losing)\n|raw|Chamspion lalo's rating: 1376 &rarr; <strong>1395<\/strong><br \/>(+19 for winning)","inputlog":null,"uploadtime":1475562431,"views":1,"p1id":"hauntersnightmare","p2id":"chamspionlalo","formatid":"ou","rating":1345,"private":0,"password":null}