{"id":"ou-409621239","p1":"therockcena","p2":"jokun","format":"ou","log":"|j|therockcena\n|j|jokun\n|player|p1|therockcena|1\n|player|p2|jokun|285\n|gametype|singles\n|gen|6\n|tier|OU\n|rated\n|seed|\n|clearpoke\n|poke|p1|Snorlax, F|item\n|poke|p1|Clefable, F|item\n|poke|p1|Gliscor, F|item\n|poke|p1|Volcanion|item\n|poke|p1|Garchomp, M|item\n|poke|p1|Nidoking, M|item\n|poke|p2|Lopunny, F, shiny|item\n|poke|p2|Talonflame, M|\n|poke|p2|Crawdaunt, M|item\n|poke|p2|Excadrill, M|item\n|poke|p2|Clefable, M|item\n|poke|p2|Slowbro, M|item\n|rule|Swagger Clause: Swagger is banned\n|rule|Baton Pass Clause: Limit one Baton Passer, can't pass Spe and other stats simultaneously\n|rule|Sleep Clause Mod: Limit one foe put to sleep\n|rule|Species Clause: Limit one of each Pok\u00e9mon\n|rule|OHKO Clause: OHKO moves are banned\n|rule|Moody Clause: Moody is banned\n|rule|Evasion Moves Clause: Evasion moves are banned\n|rule|Endless Battle Clause: Forcing endless battles is banned\n|rule|HP Percentage Mod: HP is shown in percentages\n|teampreview\n|choice||\n|\n|start\n|switch|p1a: Nidoking|Nidoking, M|100\/100\n|switch|p2a: Lopunny|Lopunny, F, shiny|100\/100\n|turn|1\n|choice||\n|\n|detailschange|p2a: Lopunny|Lopunny-Mega, F, shiny\n|-mega|p2a: Lopunny|Lopunny|Lopunnite\n|move|p2a: Lopunny|Fake Out|p1a: Nidoking\n|-damage|p1a: Nidoking|73\/100\n|cant|p1a: Nidoking|flinch\n|\n|turn|2\n|choice||\n|\n|move|p2a: Lopunny|Ice Punch|p1a: Nidoking\n|-supereffective|p1a: Nidoking\n|-damage|p1a: Nidoking|0 fnt\n|faint|p1a: Nidoking\n|\n|choice||\n|\n|switch|p1a: Clefable|Clefable, F|100\/100\n|turn|3\n|choice||\n|\n|switch|p2a: Excadrill|Excadrill, M|100\/100\n|-ability|p2a: Excadrill|Mold Breaker\n|move|p1a: Clefable|Cosmic Power|p1a: Clefable\n|-boost|p1a: Clefable|def|1\n|-boost|p1a: Clefable|spd|1\n|\n|turn|4\n|choice||\n|\n|switch|p1a: Gliscor|Gliscor, F|100\/100\n|move|p2a: Excadrill|Iron Head|p1a: Gliscor\n|-damage|p1a: Gliscor|65\/100\n|\n|-status|p1a: Gliscor|tox|[from] item: Toxic Orb\n|turn|5\n|choice||\n|\n|switch|p2a: Slowbro|Slowbro, M|100\/100\n|move|p1a: Gliscor|Swords Dance|p1a: Gliscor\n|-boost|p1a: Gliscor|atk|2\n|\n|-heal|p1a: Gliscor|77\/100 tox|[from] ability: Poison Heal\n|turn|6\n|choice||\n|\n|move|p1a: Gliscor|Earthquake|p2a: Slowbro\n|-damage|p2a: Slowbro|59\/100\n|move|p2a: Slowbro|Scald|p1a: Gliscor\n|-supereffective|p1a: Gliscor\n|-damage|p1a: Gliscor|31\/100 tox\n|\n|-heal|p2a: Slowbro|65\/100|[from] item: Leftovers\n|-heal|p1a: Gliscor|43\/100 tox|[from] ability: Poison Heal\n|turn|7\n|choice||\n|\n|move|p1a: Gliscor|Roost|p1a: Gliscor\n|-heal|p1a: Gliscor|93\/100 tox\n|move|p2a: Slowbro|Scald|p1a: Gliscor\n|-supereffective|p1a: Gliscor\n|-damage|p1a: Gliscor|39\/100 tox\n|\n|-heal|p2a: Slowbro|71\/100|[from] item: Leftovers\n|-heal|p1a: Gliscor|51\/100 tox|[from] ability: Poison Heal\n|turn|8\n|choice||\n|\n|move|p1a: Gliscor|Roost|p1a: Gliscor\n|-heal|p1a: Gliscor|100\/100 tox\n|move|p2a: Slowbro|Calm Mind|p2a: Slowbro\n|-boost|p2a: Slowbro|spa|1\n|-boost|p2a: Slowbro|spd|1\n|\n|-heal|p2a: Slowbro|77\/100|[from] item: Leftovers\n|turn|9\n|choice||\n|\n|move|p1a: Gliscor|Swords Dance|p1a: Gliscor\n|-boost|p1a: Gliscor|atk|2\n|move|p2a: Slowbro|Scald|p1a: Gliscor\n|-supereffective|p1a: Gliscor\n|-damage|p1a: Gliscor|26\/100 tox\n|\n|-heal|p2a: Slowbro|83\/100|[from] item: Leftovers\n|-heal|p1a: Gliscor|38\/100 tox|[from] ability: Poison Heal\n|turn|10\n|choice||\n|\n|move|p1a: Gliscor|Earthquake|p2a: Slowbro\n|-damage|p2a: Slowbro|20\/100\n|move|p2a: Slowbro|Scald|p1a: Gliscor\n|-supereffective|p1a: Gliscor\n|-damage|p1a: Gliscor|0 fnt\n|faint|p1a: Gliscor\n|\n|-heal|p2a: Slowbro|26\/100|[from] item: Leftovers\n|choice||\n|\n|switch|p1a: Garchomp|Garchomp, M|100\/100\n|turn|11\n|choice||\n|\n|switch|p2a: Clefable|Clefable, M|100\/100\n|detailschange|p1a: Garchomp|Garchomp-Mega, M\n|-mega|p1a: Garchomp|Garchomp|Garchompite\n|move|p1a: Garchomp|Swords Dance|p1a: Garchomp\n|-boost|p1a: Garchomp|atk|2\n|\n|turn|12\n|choice||\n|\n|move|p1a: Garchomp|Swords Dance|p1a: Garchomp\n|-boost|p1a: Garchomp|atk|2\n|move|p2a: Clefable|Moonblast|p1a: Garchomp\n|-supereffective|p1a: Garchomp\n|-damage|p1a: Garchomp|56\/100\n|-unboost|p1a: Garchomp|spa|1\n|\n|turn|13\n|choice||\n|\n|move|p1a: Garchomp|Earthquake|p2a: Clefable\n|-damage|p2a: Clefable|0 fnt\n|faint|p2a: Clefable\n|\n|choice||\n|\n|switch|p2a: Lopunny|Lopunny-Mega, F, shiny|100\/100\n|turn|14\n|choice||\n|\n|move|p2a: Lopunny|Ice Punch|p1a: Garchomp\n|-supereffective|p1a: Garchomp\n|-damage|p1a: Garchomp|0 fnt\n|faint|p1a: Garchomp\n|\n|choice||\n|\n|switch|p1a: Volcanion|Volcanion|100\/100\n|turn|15\n|choice||\n|\n|move|p2a: Lopunny|High Jump Kick|p1a: Volcanion\n|-crit|p1a: Volcanion\n|-damage|p1a: Volcanion|19\/100\n|move|p1a: Volcanion|Steam Eruption|p2a: Lopunny\n|-damage|p2a: Lopunny|21\/100\n|-status|p2a: Lopunny|brn\n|\n|-damage|p2a: Lopunny|9\/100 brn|[from] brn\n|turn|16\n|choice||\n|\n|move|p2a: Lopunny|High Jump Kick|p1a: Volcanion\n|-damage|p1a: Volcanion|0 fnt\n|faint|p1a: Volcanion\n|\n|-damage|p2a: Lopunny|0 fnt|[from] brn\n|faint|p2a: Lopunny\n|choice||\n|\n|switch|p2a: Talonflame|Talonflame, M|100\/100\n|switch|p1a: Clefable|Clefable, F|100\/100\n|turn|17\n|choice||\n|\n|move|p2a: Talonflame|Taunt|p1a: Clefable\n|-start|p1a: Clefable|move: Taunt\n|cant|p1a: Clefable|move: Taunt|Cosmic Power\n|\n|turn|18\n|choice||\n|\n|move|p2a: Talonflame|Swords Dance|p2a: Talonflame\n|-boost|p2a: Talonflame|atk|2\n|move|p1a: Clefable|Moonblast|p2a: Talonflame\n|-resisted|p2a: Talonflame\n|-damage|p2a: Talonflame|71\/100\n|\n|turn|19\n|choice||\n|\n|move|p2a: Talonflame|Acrobatics|p1a: Clefable\n|-damage|p1a: Clefable|0 fnt\n|faint|p1a: Clefable\n|\n|choice||\n|\n|switch|p1a: Snorlax|Snorlax, F|100\/100\n|turn|20\n|choice||\n|\n|move|p2a: Talonflame|Taunt|p1a: Snorlax\n|-start|p1a: Snorlax|move: Taunt\n|cant|p1a: Snorlax|move: Taunt|Curse\n|\n|turn|21\n|choice||\n|\n|move|p2a: Talonflame|Acrobatics|p1a: Snorlax\n|-damage|p1a: Snorlax|21\/100\n|move|p1a: Snorlax|Return|p2a: Talonflame\n|-damage|p2a: Talonflame|21\/100\n|\n|turn|22\n|choice||\n|\n|move|p2a: Talonflame|Acrobatics|p1a: Snorlax\n|-damage|p1a: Snorlax|0 fnt\n|faint|p1a: Snorlax\n|\n|win|jokun\n|player|p1\n|player|p2\n|raw|therockcena's rating: 1323 &rarr; <strong>1303<\/strong><br \/>(-20 for losing)\n|raw|jokun's rating: 1322 &rarr; <strong>1342<\/strong><br \/>(+20 for winning)\n|l|therockcena","inputlog":null,"uploadtime":1470132646,"views":0,"p1id":"therockcena","p2id":"jokun","formatid":"ou","rating":1303,"private":0,"password":null}