{"id":"ou-504640455","p1":"mouu'd","p2":"shardul888","format":"ou","log":"|j|mouu'd\n|j|shardul888\n|player|p1|mouu'd|63\n|player|p2|shardul888|92\n|gametype|singles\n|gen|6\n|tier|OU\n|rated\n|seed|5388,10733,14149,9071\n|clearpoke\n|poke|p1|Snorlax, M|item\n|poke|p1|Celebi|item\n|poke|p1|Slowbro, M, shiny|item\n|poke|p1|Carbink, shiny|item\n|poke|p1|Escavalier, M, shiny|item\n|poke|p1|Conkeldurr, M, shiny|item\n|poke|p2|Venusaur, M|item\n|poke|p2|Scizor, F|item\n|poke|p2|Dragonite, M|item\n|poke|p2|Umbreon, F|item\n|poke|p2|Cresselia, F|item\n|poke|p2|Conkeldurr, M|item\n|rule|Swagger Clause: Swagger is banned\n|rule|Baton Pass Clause: Limit one Baton Passer, can't pass Spe and other stats simultaneously\n|rule|Sleep Clause Mod: Limit one foe put to sleep\n|rule|Species Clause: Limit one of each Pok\u00e9mon\n|rule|OHKO Clause: OHKO moves are banned\n|rule|Moody Clause: Moody is banned\n|rule|Evasion Moves Clause: Evasion moves are banned\n|rule|Endless Battle Clause: Forcing endless battles is banned\n|rule|HP Percentage Mod: HP is shown in percentages\n|teampreview\n|choice|team 3, team 2, team 1, team 4, team 5, team 6|team 6, team 2, team 3, team 4, team 5, team 1\n|\n|start\n|switch|p1a: Franky|Slowbro, M, shiny|393\/393\n|switch|p2a: Conkeldurr|Conkeldurr, M|414\/414\n|turn|1\n|choice|move trickroom mega|switch 4\n|\n|switch|p2a: Umbreon|Umbreon, F|394\/394\n|detailschange|p1a: Franky|Slowbro-Mega, M, shiny\n|-mega|p1a: Franky|Slowbro|Slowbronite\n|move|p1a: Franky|Trick Room|p1a: Franky\n|-fieldstart|move: Trick Room|[of] p1a: Franky\n|\n|upkeep\n|turn|2\n|choice|switch 5|move toxic\n|\n|switch|p1a: Zoro|Escavalier, M, shiny|281\/281\n|move|p2a: Umbreon|Toxic|p1a: Zoro\n|-immune|p1a: Zoro|[msg]\n|\n|upkeep\n|turn|3\n|choice|move swordsdance|switch 4\n|\n|switch|p2a: Conkeldurr|Conkeldurr, M|414\/414\n|move|p1a: Zoro|Swords Dance|p1a: Zoro\n|-boost|p1a: Zoro|atk|2\n|\n|upkeep\n|turn|4\n|choice|move ironhead|move firepunch\n|\n|move|p1a: Zoro|Iron Head|p2a: Conkeldurr\n|-damage|p2a: Conkeldurr|71\/414\n|move|p2a: Conkeldurr|Fire Punch|p1a: Zoro\n|-supereffective|p1a: Zoro\n|-damage|p1a: Zoro|0 fnt\n|faint|p1a: Zoro\n|\n|upkeep\n|choice|switch 6|\n|\n|switch|p1a: Luffy|Conkeldurr, M, shiny|394\/394\n|turn|5\n|choice|move machpunch|switch 6\n|\n|switch|p2a: Venusaur|Venusaur, M|326\/326\n|move|p1a: Luffy|Mach Punch|p2a: Venusaur\n|-resisted|p2a: Venusaur\n|-damage|p2a: Venusaur|284\/326\n|\n|-fieldend|move: Trick Room\n|-status|p1a: Luffy|brn|[from] item: Flame Orb\n|upkeep\n|turn|6\n|choice|switch 2|move leechseed mega\n|\n|switch|p1a: Nami|Celebi|404\/404\n|detailschange|p2a: Venusaur|Venusaur-Mega, M\n|-mega|p2a: Venusaur|Venusaur|Venusaurite\n|move|p2a: Venusaur|Leech Seed|p1a: Nami\n|-immune|p1a: Nami|[msg]\n|\n|upkeep\n|turn|7\n|choice|move psychic|move sludgebomb\n|\n|move|p2a: Venusaur|Sludge Bomb|p1a: Nami\n|-supereffective|p1a: Nami\n|-damage|p1a: Nami|210\/404\n|move|p1a: Nami|Psychic|p2a: Venusaur\n|-supereffective|p2a: Venusaur\n|-damage|p2a: Venusaur|116\/326\n|\n|-heal|p1a: Nami|235\/404|[from] item: Leftovers\n|upkeep\n|turn|8\n|choice|move trickroom|switch 4\n|\n|switch|p2a: Umbreon|Umbreon, F|394\/394\n|move|p1a: Nami|Trick Room|p1a: Nami\n|-fieldstart|move: Trick Room|[of] p1a: Nami\n|\n|-heal|p1a: Nami|260\/404|[from] item: Leftovers\n|upkeep\n|turn|9\n|choice|move energyball|move foulplay\n|\n|move|p2a: Umbreon|Foul Play|p1a: Nami\n|-supereffective|p1a: Nami\n|-damage|p1a: Nami|50\/404\n|move|p1a: Nami|Energy Ball|p2a: Umbreon\n|-damage|p2a: Umbreon|322\/394\n|\n|-heal|p2a: Umbreon|346\/394|[from] item: Leftovers\n|-heal|p1a: Nami|75\/404|[from] item: Leftovers\n|upkeep\n|turn|10\n|choice|switch 4|move foulplay\n|\n|switch|p1a: Usopp|Carbink, shiny|303\/303\n|-item|p1a: Usopp|Air Balloon\n|move|p2a: Umbreon|Foul Play|p1a: Usopp\n|-resisted|p1a: Usopp\n|-damage|p1a: Usopp|286\/303\n|-enditem|p1a: Usopp|Air Balloon\n|\n|-heal|p2a: Umbreon|370\/394|[from] item: Leftovers\n|upkeep\n|turn|11\n|choice|move stealthrock|move toxic\n|\n|move|p1a: Usopp|Stealth Rock|p2a: Umbreon\n|-sidestart|p2: shardul888|move: Stealth Rock\n|move|p2a: Umbreon|Toxic|p1a: Usopp\n|-status|p1a: Usopp|tox\n|\n|-heal|p2a: Umbreon|394\/394|[from] item: Leftovers\n|-damage|p1a: Usopp|268\/303 tox|[from] psn\n|upkeep\n|turn|12\n|choice|move moonblast|switch 5\n|\n|switch|p2a: Cresselia|Cresselia, F|432\/432\n|-damage|p2a: Cresselia|378\/432|[from] Stealth Rock\n|move|p1a: Usopp|Moonblast|p2a: Cresselia\n|-damage|p2a: Cresselia|309\/432\n|\n|-damage|p1a: Usopp|232\/303 tox|[from] psn\n|-fieldend|move: Trick Room\n|upkeep\n|turn|13\n|choice|switch 5|move trick\n|\n|switch|p1a: Franky|Slowbro-Mega, M, shiny|393\/393\n|move|p2a: Cresselia|Trick|p1a: Franky\n|-fail|p1a: Franky\n|\n|upkeep\n|turn|14\n|choice|move trickroom|switch 5\n|\n|switch|p2a: Umbreon|Umbreon, F|394\/394\n|-damage|p2a: Umbreon|345\/394|[from] Stealth Rock\n|move|p1a: Franky|Trick Room|p1a: Franky\n|-fieldstart|move: Trick Room|[of] p1a: Franky\n|\n|-heal|p2a: Umbreon|369\/394|[from] item: Leftovers\n|upkeep\n|turn|15\n|choice|switch 5|move toxic\n|\n|switch|p1a: Usopp|Carbink, shiny|232\/303 tox\n|move|p2a: Umbreon|Toxic|p1a: Usopp\n|-fail|p1a: Usopp|tox\n|\n|-heal|p2a: Umbreon|393\/394|[from] item: Leftovers\n|-damage|p1a: Usopp|214\/303 tox|[from] psn\n|upkeep\n|turn|16\n|choice|switch 3|switch 5\n|\n|switch|p1a: Chopper|Snorlax, M|462\/462\n|switch|p2a: Cresselia|Cresselia, F|309\/432\n|-damage|p2a: Cresselia|255\/432|[from] Stealth Rock\n|\n|upkeep\n|turn|17\n|choice|move crunch|move trick\n|\n|move|p1a: Chopper|Crunch|p2a: Cresselia\n|-supereffective|p2a: Cresselia\n|-damage|p2a: Cresselia|121\/432\n|move|p2a: Cresselia|Trick|p1a: Chopper\n|-activate|p2a: Cresselia|move: Trick|[of] p1a: Chopper\n|-item|p1a: Chopper|Choice Specs|[from] move: Trick\n|-item|p2a: Cresselia|Leftovers|[from] move: Trick\n|\n|-heal|p2a: Cresselia|148\/432|[from] item: Leftovers\n|upkeep\n|turn|18\n|choice|move return|move protect\n|\n|move|p2a: Cresselia|Protect|p2a: Cresselia\n|-singleturn|p2a: Cresselia|Protect\n|move|p1a: Chopper|Return|p2a: Cresselia\n|-activate|p2a: Cresselia|move: Protect\n|\n|-heal|p2a: Cresselia|175\/432|[from] item: Leftovers\n|-fieldend|move: Trick Room\n|upkeep\n|turn|19\n|choice|switch 5|move lunardance\n|\n|switch|p1a: Franky|Slowbro-Mega, M, shiny|393\/393\n|move|p2a: Cresselia|Lunar Dance|p2a: Cresselia\n|faint|p2a: Cresselia\n|\n|upkeep\n|choice||switch 6\n|\n|switch|p2a: Conkeldurr|Conkeldurr, M|71\/414\n|-heal|p2a: Conkeldurr|414\/414|[from] move: Lunar Dance\n|-damage|p2a: Conkeldurr|389\/414|[from] Stealth Rock\n|turn|20\n|choice|move scald|switch 2\n|\n|switch|p2a: Scizor|Scizor, F|344\/344\n|-damage|p2a: Scizor|301\/344|[from] Stealth Rock\n|move|p1a: Franky|Scald|p2a: Scizor\n|-damage|p2a: Scizor|162\/344\n|-status|p2a: Scizor|brn\n|\n|-heal|p2a: Scizor|183\/344 brn|[from] item: Leftovers\n|-damage|p2a: Scizor|140\/344 brn|[from] brn\n|upkeep\n|turn|21\n|choice|move trickroom|move defog\n|\n|move|p2a: Scizor|Defog|p1a: Franky\n|-unboost|p1a: Franky|evasion|1\n|-sideend|p2: shardul888|Stealth Rock|[from] move: Defog|[of] p2a: Scizor\n|move|p1a: Franky|Trick Room|p1a: Franky\n|-fieldstart|move: Trick Room|[of] p1a: Franky\n|\n|-heal|p2a: Scizor|161\/344 brn|[from] item: Leftovers\n|-damage|p2a: Scizor|118\/344 brn|[from] brn\n|upkeep\n|turn|22\n|choice|move scald|move uturn\n|\n|move|p1a: Franky|Scald|p2a: Scizor\n|-damage|p2a: Scizor|0 fnt\n|faint|p2a: Scizor\n|\n|upkeep\n|choice||switch 5\n|\n|switch|p2a: Umbreon|Umbreon, F|393\/394\n|turn|23\n|choice|switch 3|move foulplay\n|\n|switch|p1a: Usopp|Carbink, shiny|214\/303 tox\n|move|p2a: Umbreon|Foul Play|p1a: Usopp\n|-resisted|p1a: Usopp\n|-damage|p1a: Usopp|197\/303 tox\n|\n|-heal|p2a: Umbreon|394\/394|[from] item: Leftovers\n|-damage|p1a: Usopp|179\/303 tox|[from] psn\n|upkeep\n|turn|24\n|choice|move stealthrock|switch 4\n|\n|switch|p2a: Venusaur|Venusaur-Mega, M|116\/326\n|move|p1a: Usopp|Stealth Rock|p2a: Venusaur\n|-sidestart|p2: shardul888|move: Stealth Rock\n|\n|-damage|p1a: Usopp|143\/303 tox|[from] psn\n|upkeep\n|turn|25\n|choice|switch 5|move synthesis\n|\n|switch|p1a: Chopper|Snorlax, M|462\/462\n|move|p2a: Venusaur|Synthesis|p2a: Venusaur\n|-heal|p2a: Venusaur|279\/326\n|\n|-fieldend|move: Trick Room\n|upkeep\n|turn|26\n|choice|move return|move leechseed\n|\n|move|p2a: Venusaur|Leech Seed|p1a: Chopper\n|-start|p1a: Chopper|move: Leech Seed\n|move|p1a: Chopper|Return|p2a: Venusaur\n|-damage|p2a: Venusaur|161\/326\n|\n|-damage|p1a: Chopper|405\/462|[from] Leech Seed|[of] p2a: Venusaur\n|-heal|p2a: Venusaur|218\/326|[silent]\n|upkeep\n|turn|27\n|choice|move return|move gigadrain\n|\n|move|p2a: Venusaur|Giga Drain|p1a: Chopper\n|-damage|p1a: Chopper|320\/462\n|-heal|p2a: Venusaur|261\/326|[from] drain|[of] p1a: Chopper\n|move|p1a: Chopper|Return|p2a: Venusaur\n|-damage|p2a: Venusaur|137\/326\n|\n|-damage|p1a: Chopper|263\/462|[from] Leech Seed|[of] p2a: Venusaur\n|-heal|p2a: Venusaur|194\/326|[silent]\n|upkeep\n|turn|28\n|choice|switch 3|move sludgebomb\n|\n|switch|p1a: Franky|Slowbro-Mega, M, shiny|393\/393\n|move|p2a: Venusaur|Sludge Bomb|p1a: Franky\n|-damage|p1a: Franky|216\/393\n|\n|upkeep\n|turn|29\n|choice|switch 4|move gigadrain\n|\n|switch|p1a: Nami|Celebi|75\/404\n|move|p2a: Venusaur|Giga Drain|p1a: Nami\n|-resisted|p1a: Nami\n|-crit|p1a: Nami\n|-damage|p1a: Nami|12\/404\n|-heal|p2a: Venusaur|226\/326|[from] drain|[of] p1a: Nami\n|\n|-heal|p1a: Nami|37\/404|[from] item: Leftovers\n|upkeep\n|turn|30\n|choice|move recover|switch 4\n|\n|switch|p2a: Umbreon|Umbreon, F|394\/394\n|-damage|p2a: Umbreon|345\/394|[from] Stealth Rock\n|move|p1a: Nami|Recover|p1a: Nami\n|-heal|p1a: Nami|239\/404\n|\n|-heal|p1a: Nami|264\/404|[from] item: Leftovers\n|-heal|p2a: Umbreon|369\/394|[from] item: Leftovers\n|upkeep\n|turn|31\n|choice|move trickroom|switch 4\n|\n|switch|p2a: Venusaur|Venusaur-Mega, M|226\/326\n|-damage|p2a: Venusaur|186\/326|[from] Stealth Rock\n|move|p1a: Nami|Trick Room|p1a: Nami\n|-fieldstart|move: Trick Room|[of] p1a: Nami\n|\n|-heal|p1a: Nami|289\/404|[from] item: Leftovers\n|upkeep\n|turn|32\n|choice|move psychic|move sludgebomb\n|\n|move|p1a: Nami|Psychic|p2a: Venusaur\n|-supereffective|p2a: Venusaur\n|-damage|p2a: Venusaur|28\/326\n|-unboost|p2a: Venusaur|spd|1\n|move|p2a: Venusaur|Sludge Bomb|p1a: Nami\n|-supereffective|p1a: Nami\n|-damage|p1a: Nami|71\/404\n|\n|-heal|p1a: Nami|96\/404|[from] item: Leftovers\n|upkeep\n|turn|33\n|choice|move recover|switch 4\n|\n|switch|p2a: Umbreon|Umbreon, F|369\/394\n|-damage|p2a: Umbreon|320\/394|[from] Stealth Rock\n|move|p1a: Nami|Recover|p1a: Nami\n|-heal|p1a: Nami|298\/404\n|\n|-heal|p2a: Umbreon|344\/394|[from] item: Leftovers\n|-heal|p1a: Nami|323\/404|[from] item: Leftovers\n|upkeep\n|turn|34\n|choice|switch 5|move toxic\n|\n|switch|p1a: Usopp|Carbink, shiny|143\/303 tox\n|move|p2a: Umbreon|Toxic|p1a: Usopp\n|-fail|p1a: Usopp|tox\n|\n|-heal|p2a: Umbreon|368\/394|[from] item: Leftovers\n|-damage|p1a: Usopp|125\/303 tox|[from] psn\n|upkeep\n|turn|35\n|choice|move moonblast|switch 2\n|\n|switch|p2a: Conkeldurr|Conkeldurr, M|389\/414\n|-damage|p2a: Conkeldurr|364\/414|[from] Stealth Rock\n|move|p1a: Usopp|Moonblast|p2a: Conkeldurr\n|-supereffective|p2a: Conkeldurr\n|-damage|p2a: Conkeldurr|182\/414\n|\n|-damage|p1a: Usopp|89\/303 tox|[from] psn\n|-fieldend|move: Trick Room\n|upkeep\n|turn|36\n|choice|move trickroom|move machpunch\n|\n|move|p2a: Conkeldurr|Mach Punch|p1a: Usopp\n|-damage|p1a: Usopp|25\/303 tox\n|move|p1a: Usopp|Trick Room|p1a: Usopp\n|-fieldstart|move: Trick Room|[of] p1a: Usopp\n|\n|-damage|p1a: Usopp|0 fnt|[from] psn\n|upkeep\n|faint|p1a: Usopp\n|choice|switch 2|\n|\n|switch|p1a: Luffy|Conkeldurr, M, shiny|394\/394 brn\n|turn|37\n|choice|move drainpunch|move machpunch\n|\n|move|p2a: Conkeldurr|Mach Punch|p1a: Luffy\n|-damage|p1a: Luffy|297\/394 brn\n|move|p1a: Luffy|Drain Punch|p2a: Conkeldurr\n|-damage|p2a: Conkeldurr|0 fnt\n|-heal|p1a: Luffy|388\/394 brn|[from] drain|[of] p2a: Conkeldurr\n|faint|p2a: Conkeldurr\n|\n|-damage|p1a: Luffy|339\/394 brn|[from] brn\n|upkeep\n|-message|shardul888 forfeited.\n|\n|win|mouu'd\n|player|p1\n|player|p2\n|l|shardul888","inputlog":null,"uploadtime":1482604656,"views":0,"p1id":"mouud","p2id":"shardul888","formatid":"ou","rating":0,"private":0,"password":null}