{"id":"ou-81484482","p1":"itsFrank","p2":"DKliro","format":"ou","log":"|join|itsFrank\n|join|DKliro\n|player|p1|itsFrank|102\n|player|p2|DKliro|257\n|gametype|singles\n|gen|6\n|tier|OU\n|rated\n|clearpoke\n|poke|p1|Blissey, F, shiny\n|poke|p1|Tropius, F, shiny\n|poke|p1|Hydreigon, M, shiny\n|poke|p1|Azumarill, F, shiny\n|poke|p1|Weezing, M, shiny\n|poke|p1|Espeon, F, shiny\n|poke|p2|Tyranitar, F\n|poke|p2|Gengar, M\n|poke|p2|Magnezone\n|poke|p2|Vaporeon, M\n|poke|p2|Forretress, F\n|poke|p2|Aerodactyl, F\n|rule|Sleep Clause Mod: Limit one foe put to sleep\n|rule|Species Clause: Limit one of each Pokemon\n|rule|OHKO Clause: OHKO moves are banned\n|rule|Moody Clause: Moody is banned\n|rule|Evasion Moves Clause: Evasion moves are banned\n|rule|Endless Battle Clause: Forcing endless battles is banned.\n|rule|HP Percentage Mod: HP is reported as percentages\n|teampreview\n|callback|decision\n|\n|start\n|switch|p1a: Espeon|Espeon, F, shiny|334\/334\n|switch|p2a: Tyranitar|Tyranitar, F|404\/404\n|-weather|Sandstorm\n|turn|1\n|callback|decision\n|\n|move|p1a: Espeon|Wish|p1a: Espeon\n|move|p2a: Tyranitar|Crunch|p1a: Espeon\n|-supereffective|p1a: Espeon\n|-damage|p1a: Espeon|112\/334\n|\n|-weather|Sandstorm|[upkeep]\n|-damage|p1a: Espeon|92\/334|[from] sandstorm\n|turn|2\n|callback|decision\n|\n|switch|p1a: Azumarill|Azumarill, F, shiny|404\/404\n|move|p2a: Tyranitar|Crunch|p1a: Azumarill\n|-resisted|p1a: Azumarill\n|-damage|p1a: Azumarill|358\/404\n|\n|-weather|Sandstorm|[upkeep]\n|-damage|p1a: Azumarill|333\/404|[from] sandstorm\n|-heal|p1a: Azumarill|404\/404|[from] move: Wish|[wisher] Espeon\n|turn|3\n|callback|decision\n|\n|switch|p2a: Vaporeon|Vaporeon, M|463\/463\n|move|p1a: Azumarill|Toxic|p2a: Vaporeon\n|-status|p2a: Vaporeon|tox\n|\n|-weather|Sandstorm|[upkeep]\n|-damage|p2a: Vaporeon|435\/463 tox|[from] sandstorm\n|-damage|p1a: Azumarill|379\/404|[from] sandstorm\n|-heal|p2a: Vaporeon|463\/463 tox|[from] item: Leftovers\n|-heal|p1a: Azumarill|404\/404|[from] item: Leftovers\n|-damage|p2a: Vaporeon|435\/463 tox|[from] psn\n|turn|4\n|callback|decision\n|\n|switch|p1a: Tropius|Tropius, F, shiny|402\/402\n|move|p2a: Vaporeon|Hidden Power|p1a: Tropius\n|-damage|p1a: Tropius|359\/402\n|\n|-weather|Sandstorm|[upkeep]\n|-damage|p2a: Vaporeon|407\/463 tox|[from] sandstorm\n|-damage|p1a: Tropius|334\/402|[from] sandstorm\n|-heal|p2a: Vaporeon|435\/463 tox|[from] item: Leftovers\n|-damage|p2a: Vaporeon|379\/463 tox|[from] psn\n|turn|5\n|callback|decision\n|\n|switch|p2a: Tyranitar|Tyranitar, F|404\/404\n|move|p1a: Tropius|Energy Ball|p2a: Tyranitar\n|-supereffective|p2a: Tyranitar\n|-damage|p2a: Tyranitar|270\/404\n|\n|-weather|none\n|turn|6\n|callback|decision\n|\n|move|p2a: Tyranitar|Stealth Rock|p1a: Tropius\n|-sidestart|p1: itsFrank|move: Stealth Rock\n|move|p1a: Tropius|Energy Ball|p2a: Tyranitar\n|-supereffective|p2a: Tyranitar\n|-damage|p2a: Tyranitar|78\/404\n|\n|turn|7\n|callback|decision\n|\n|switch|p2a: Forretress|Forretress, F|354\/354\n|move|p1a: Tropius|Energy Ball|p2a: Forretress\n|-resisted|p2a: Forretress\n|-damage|p2a: Forretress|326\/354\n|\n|-heal|p2a: Forretress|348\/354|[from] item: Leftovers\n|turn|8\n|callback|decision\n|\n|switch|p1a: Weezing|Weezing, M, shiny|334\/334\n|-damage|p1a: Weezing|293\/334|[from] Stealth Rock\n|move|p2a: Forretress|Toxic Spikes|p1a: Weezing\n|-sidestart|p1: itsFrank|move: Toxic Spikes\n|\n|-heal|p1a: Weezing|313\/334|[from] item: Black Sludge\n|-heal|p2a: Forretress|354\/354|[from] item: Leftovers\n|turn|9\n|callback|decision\n|\n|move|p1a: Weezing|Toxic Spikes|p2a: Forretress\n|-sidestart|p2: DKliro|move: Toxic Spikes\n|move|p2a: Forretress|Toxic Spikes|p1a: Weezing\n|-sidestart|p1: itsFrank|move: Toxic Spikes\n|\n|-heal|p1a: Weezing|333\/334|[from] item: Black Sludge\n|turn|10\n|callback|decision\n|\n|move|p1a: Weezing|Toxic Spikes|p2a: Forretress\n|-sidestart|p2: DKliro|move: Toxic Spikes\n|move|p2a: Forretress|Spikes|p1a: Weezing\n|-sidestart|p1: itsFrank|Spikes\n|\n|-heal|p1a: Weezing|334\/334|[from] item: Black Sludge\n|turn|11\n|callback|decision\n|\n|move|p1a: Weezing|Will-O-Wisp|p2a: Forretress\n|-status|p2a: Forretress|brn\n|move|p2a: Forretress|Spikes|p1a: Weezing\n|-sidestart|p1: itsFrank|Spikes\n|\n|-damage|p2a: Forretress|310\/354 brn|[from] brn\n|turn|12\n|callback|decision\n|\n|move|p1a: Weezing|Flamethrower|p2a: Forretress\n|-supereffective|p2a: Forretress\n|-damage|p2a: Forretress|0 fnt\n|faint|p2a: Forretress\n|\n|callback|decision\n|\n|switch|p2a: Gengar|Gengar, M|324\/324\n|turn|13\n|callback|decision\n|\n|move|p2a: Gengar|Hypnosis|p1a: Weezing|[miss]\n|-miss|p2a: Gengar|p1a: Weezing\n|move|p1a: Weezing|Will-O-Wisp|p2a: Gengar\n|-status|p2a: Gengar|brn\n|\n|-damage|p2a: Gengar|284\/324 brn|[from] brn\n|turn|14\n|callback|decision\n|\n|move|p2a: Gengar|Hypnosis|p1a: Weezing\n|-status|p1a: Weezing|slp\n|cant|p1a: Weezing|slp\n|\n|-damage|p2a: Gengar|244\/324 brn|[from] brn\n|turn|15\n|callback|decision\n|\n|switch|p1a: Azumarill|Azumarill, F, shiny|404\/404\n|-damage|p1a: Azumarill|354\/404|[from] Stealth Rock\n|-damage|p1a: Azumarill|287\/404|[from] Spikes\n|-status|p1a: Azumarill|tox\n|move|p2a: Gengar|Shadow Ball|p1a: Azumarill\n|-damage|p1a: Azumarill|146\/404 tox\n|\n|-heal|p1a: Azumarill|171\/404 tox|[from] item: Leftovers\n|-damage|p2a: Gengar|204\/324 brn|[from] brn\n|-damage|p1a: Azumarill|146\/404 tox|[from] psn\n|turn|16\n|callback|decision\n|\n|switch|p2a: Vaporeon|Vaporeon, M|379\/463 tox\n|move|p1a: Azumarill|Knock Off|p2a: Vaporeon\n|-damage|p2a: Vaporeon|335\/463 tox\n|-enditem|p2a: Vaporeon|Leftovers|[from] move: Knock Off|[of] p1a: Azumarill\n|\n|-heal|p1a: Azumarill|171\/404 tox|[from] item: Leftovers\n|-damage|p2a: Vaporeon|307\/463 tox|[from] psn\n|-damage|p1a: Azumarill|121\/404 tox|[from] psn\n|turn|17\n|callback|decision\n|\n|switch|p1a: Tropius|Tropius, F, shiny|334\/402\n|-damage|p1a: Tropius|234\/402|[from] Stealth Rock\n|move|p2a: Vaporeon|Wish|p2a: Vaporeon\n|\n|-damage|p2a: Vaporeon|251\/463 tox|[from] psn\n|turn|18\n|callback|decision\n|\n|switch|p2a: Gengar|Gengar, M|204\/324 brn\n|move|p1a: Tropius|Energy Ball|p2a: Gengar\n|-resisted|p2a: Gengar\n|-damage|p2a: Gengar|156\/324 brn\n|\n|-heal|p2a: Gengar|324\/324 brn|[from] move: Wish|[wisher] Vaporeon\n|-damage|p2a: Gengar|284\/324 brn|[from] brn\n|turn|19\n|callback|decision\n|\n|move|p2a: Gengar|Confuse Ray|p1a: Tropius\n|-start|p1a: Tropius|confusion\n|-enditem|p1a: Tropius|Lum Berry|[eat]\n|-end|p1a: Tropius|confusion\n|move|p1a: Tropius|Air Slash|p2a: Gengar\n|-damage|p2a: Gengar|196\/324 brn\n|\n|-damage|p2a: Gengar|156\/324 brn|[from] brn\n|turn|20\n|callback|decision\n|\n|move|p2a: Gengar|Confuse Ray|p1a: Tropius\n|-start|p1a: Tropius|confusion\n|-activate|p1a: Tropius|confusion\n|move|p1a: Tropius|Air Slash|p2a: Gengar\n|-crit|p2a: Gengar\n|-damage|p2a: Gengar|29\/324 brn\n|\n|-damage|p2a: Gengar|0 fnt|[from] brn\n|-item|p1a: Tropius|Lum Berry|[from] ability: Harvest\n|faint|p2a: Gengar\n|callback|decision\n|\n|switch|p2a: Aerodactyl|Aerodactyl, F|302\/302\n|-enditem|p1a: Tropius|Lum Berry|[eat]\n|-end|p1a: Tropius|confusion\n|turn|21\n|callback|decision\n|\n|move|p2a: Aerodactyl|Stone Edge|p1a: Tropius\n|-supereffective|p1a: Tropius\n|-damage|p1a: Tropius|0 fnt\n|faint|p1a: Tropius\n|\n|callback|decision\n|\n|switch|p1a: Azumarill|Azumarill, F, shiny|121\/404 tox\n|-damage|p1a: Azumarill|54\/404 tox|[from] Spikes\n|-damage|p1a: Azumarill|4\/404 tox|[from] Stealth Rock\n|turn|22\n|callback|decision\n|\n|move|p2a: Aerodactyl|Crunch|p1a: Azumarill\n|-resisted|p1a: Azumarill\n|-damage|p1a: Azumarill|0 fnt\n|faint|p1a: Azumarill\n|\n|callback|decision\n|\n|switch|p1a: Blissey|Blissey, F, shiny|714\/714\n|-damage|p1a: Blissey|595\/714|[from] Spikes\n|-status|p1a: Blissey|tox\n|-damage|p1a: Blissey|506\/714 tox|[from] Stealth Rock\n|turn|23\n|callback|decision\n|\n|move|p2a: Aerodactyl|Earthquake|p1a: Blissey\n|-damage|p1a: Blissey|318\/714 tox\n|move|p1a: Blissey|Toxic|p2a: Aerodactyl\n|-status|p2a: Aerodactyl|tox\n|\n|-heal|p1a: Blissey|362\/714 tox|[from] item: Leftovers\n|-damage|p2a: Aerodactyl|284\/302 tox|[from] psn\n|-damage|p1a: Blissey|318\/714 tox|[from] psn\n|turn|24\n|callback|decision\n|\n|move|p2a: Aerodactyl|Stone Edge|p1a: Blissey\n|-damage|p1a: Blissey|42\/714 tox\n|move|p1a: Blissey|Heal Bell|p1a: Blissey\n|-cureteam|p1a: Blissey|[from] move: HealBell\n|\n|-heal|p1a: Blissey|86\/714|[from] item: Leftovers\n|-damage|p2a: Aerodactyl|248\/302 tox|[from] psn\n|turn|25\n|callback|decision\n|\n|switch|p2a: Magnezone|Magnezone|344\/344\n|move|p1a: Blissey|Wish|p1a: Blissey\n|\n|-heal|p1a: Blissey|130\/714|[from] item: Leftovers\n|turn|26\n|callback|decision\n|\n|move|p2a: Magnezone|Thunder|p1a: Blissey\n|-damage|p1a: Blissey|0 fnt\n|faint|p1a: Blissey\n|\n|callback|decision\n|\n|switch|p1a: Hydreigon|Hydreigon, M, shiny|388\/388\n|-damage|p1a: Hydreigon|340\/388|[from] Stealth Rock\n|turn|27\n|callback|decision\n|\n|switch|p2a: Vaporeon|Vaporeon, M|251\/463 tox\n|move|p1a: Hydreigon|Flamethrower|p2a: Vaporeon\n|-resisted|p2a: Vaporeon\n|-damage|p2a: Vaporeon|204\/463 tox\n|\n|-damage|p2a: Vaporeon|176\/463 tox|[from] psn\n|turn|28\n|callback|decision\n|\n|move|p1a: Hydreigon|Flamethrower|p2a: Vaporeon\n|-resisted|p2a: Vaporeon\n|-damage|p2a: Vaporeon|133\/463 tox\n|move|p2a: Vaporeon|Wish|p2a: Vaporeon\n|\n|-damage|p2a: Vaporeon|77\/463 tox|[from] psn\n|turn|29\n|callback|decision\n|\n|switch|p2a: Tyranitar|Tyranitar, F|78\/404\n|-status|p2a: Tyranitar|tox\n|-weather|Sandstorm\n|move|p1a: Hydreigon|Draco Meteor|p2a: Tyranitar\n|-damage|p2a: Tyranitar|0 fnt\n|-unboost|p1a: Hydreigon|spa|2\n|faint|p2a: Tyranitar\n|\n|-weather|Sandstorm|[upkeep]\n|-damage|p1a: Hydreigon|316\/388|[from] sandstorm\n|callback|decision\n|\n|switch|p2a: Magnezone|Magnezone|344\/344\n|turn|30\n|callback|decision\n|\n|move|p1a: Hydreigon|Flamethrower|p2a: Magnezone\n|-supereffective|p2a: Magnezone\n|-damage|p2a: Magnezone|256\/344\n|move|p2a: Magnezone|Thunder|p1a: Hydreigon|[miss]\n|-miss|p2a: Magnezone|p1a: Hydreigon\n|\n|-weather|Sandstorm|[upkeep]\n|-damage|p1a: Hydreigon|292\/388|[from] sandstorm\n|turn|31\n|callback|decision\n|\n|move|p1a: Hydreigon|Flamethrower|p2a: Magnezone\n|-supereffective|p2a: Magnezone\n|-damage|p2a: Magnezone|162\/344\n|move|p2a: Magnezone|Thunder|p1a: Hydreigon|[miss]\n|-miss|p2a: Magnezone|p1a: Hydreigon\n|\n|-weather|Sandstorm|[upkeep]\n|-damage|p1a: Hydreigon|268\/388|[from] sandstorm\n|turn|32\n|callback|decision\n|\n|move|p1a: Hydreigon|Flamethrower|p2a: Magnezone\n|-supereffective|p2a: Magnezone\n|-damage|p2a: Magnezone|66\/344\n|move|p2a: Magnezone|Thunder|p1a: Hydreigon|[miss]\n|-miss|p2a: Magnezone|p1a: Hydreigon\n|\n|-weather|Sandstorm|[upkeep]\n|-damage|p1a: Hydreigon|244\/388|[from] sandstorm\n|turn|33\n|callback|decision\n|\n|switch|p2a: Aerodactyl|Aerodactyl, F|248\/302 tox\n|move|p1a: Hydreigon|Flamethrower|p2a: Aerodactyl\n|-resisted|p2a: Aerodactyl\n|-damage|p2a: Aerodactyl|231\/302 tox\n|\n|-weather|none\n|-damage|p2a: Aerodactyl|213\/302 tox|[from] psn\n|turn|34\n|callback|decision\n|\n|move|p2a: Aerodactyl|Stone Edge|p1a: Hydreigon\n|-damage|p1a: Hydreigon|55\/388\n|move|p1a: Hydreigon|Draco Meteor|p2a: Aerodactyl\n|-damage|p2a: Aerodactyl|75\/302 tox\n|-unboost|p1a: Hydreigon|spa|2\n|\n|-damage|p2a: Aerodactyl|39\/302 tox|[from] psn\n|turn|35\n|callback|decision\n|\n|switch|p2a: Magnezone|Magnezone|66\/344\n|switch|p1a: Weezing|Weezing, M, shiny|334\/334\n|-damage|p1a: Weezing|293\/334|[from] Stealth Rock\n|\n|-heal|p1a: Weezing|313\/334|[from] item: Black Sludge\n|turn|36\n|callback|decision\n|\n|move|p2a: Magnezone|Thunder|p1a: Weezing\n|-damage|p1a: Weezing|111\/334\n|move|p1a: Weezing|Flamethrower|p2a: Magnezone\n|-supereffective|p2a: Magnezone\n|-damage|p2a: Magnezone|0 fnt\n|faint|p2a: Magnezone\n|\n|-heal|p1a: Weezing|131\/334|[from] item: Black Sludge\n|callback|decision\n|\n|switch|p2a: Vaporeon|Vaporeon, M|77\/463 tox\n|turn|37\n|callback|decision\n|\n|move|p2a: Vaporeon|Surf|p1a: Weezing\n|-damage|p1a: Weezing|34\/334\n|move|p1a: Weezing|Thunderbolt|p2a: Vaporeon\n|-supereffective|p2a: Vaporeon\n|-damage|p2a: Vaporeon|0 fnt\n|faint|p2a: Vaporeon\n|\n|-heal|p1a: Weezing|54\/334|[from] item: Black Sludge\n|callback|decision\n|\n|switch|p2a: Aerodactyl|Aerodactyl, F|39\/302 tox\n|turn|38\n|callback|decision\n|\n|move|p2a: Aerodactyl|Stone Edge|p1a: Weezing\n|-damage|p1a: Weezing|0 fnt\n|faint|p1a: Weezing\n|\n|-damage|p2a: Aerodactyl|21\/302 tox|[from] psn\n|callback|decision\n|\n|switch|p1a: Espeon|Espeon, F, shiny|92\/334\n|-damage|p1a: Espeon|51\/334|[from] Stealth Rock\n|-status|p1a: Espeon|tox\n|-damage|p1a: Espeon|0 fnt|[from] Spikes\n|faint|p1a: Espeon\n|callback|decision\n|\n|switch|p1a: Hydreigon|Hydreigon, M, shiny|55\/388\n|-damage|p1a: Hydreigon|7\/388|[from] Stealth Rock\n|turn|39\n|callback|decision\n|\n|move|p2a: Aerodactyl|Fire Fang|p1a: Hydreigon\n|-resisted|p1a: Hydreigon\n|-damage|p1a: Hydreigon|0 fnt\n|faint|p1a: Hydreigon\n|\n|win|DKliro\n|raw|Ladder updating...\n|raw|itsFrank's rating: 1024 &rarr; <strong>1000<\/strong><br \/>(-24 for losing)\n|raw|DKliro's rating: 1025 &rarr; <strong>1050<\/strong><br \/>(+25 for winning)\n|chat|DKliro|haha gg","inputlog":null,"uploadtime":1390750857,"views":3,"p1id":"itsfrank","p2id":"dkliro","formatid":"ou","rating":0,"private":0,"password":null}