{"id":"oumonotype-82345404","p1":"kdarewolf","p2":"Onox","format":"oumonotype","log":"|join|kdarewolf\n|join|Onox\n|player|p1|kdarewolf|37\n|player|p2|Onox|159\n|gametype|singles\n|gen|6\n|tier|OU Monotype\n|rated\n|rule|Same Type Clause: Pokemon in a team must share a type\n|rule|Sleep Clause Mod: Limit one foe put to sleep\n|rule|Species Clause: Limit one of each Pokemon\n|rule|OHKO Clause: OHKO moves are banned\n|rule|Moody Clause: Moody is banned\n|rule|Evasion Moves Clause: Evasion moves are banned\n|rule|Endless Battle Clause: Forcing endless battles is banned.\n|rule|HP Percentage Mod: HP is reported as percentages\n|clearpoke\n|poke|p1|Kecleon, F, shiny\n|poke|p1|Diggersby, M\n|poke|p1|Girafarig, M, shiny\n|poke|p1|Heliolisk, F\n|poke|p1|Chansey, F, shiny\n|poke|p1|Staraptor, F, shiny\n|poke|p2|Espeon, M, shiny\n|poke|p2|Metagross, shiny\n|poke|p2|Reuniclus, M, shiny\n|poke|p2|Alakazam, M, shiny\n|poke|p2|Delphox, M, shiny\n|poke|p2|Gardevoir, M, shiny\n|teampreview\n|callback|decision\n|\n|start\n|switch|p1a: May Day Parade|Kecleon, F, shiny|324\/324\n|switch|p2a: AMagicalFox|Delphox, M, shiny|292\/292\n|turn|1\n|callback|decision\n|\n|move|p1a: May Day Parade|Fake Out|p2a: AMagicalFox\n|-damage|p2a: AMagicalFox|213\/292\n|cant|p2a: AMagicalFox|flinch\n|\n|turn|2\n|callback|decision\n|\n|-start|p1a: May Day Parade|typechange|Dark|[from] Protean\n|move|p1a: May Day Parade|Sucker Punch|p2a: AMagicalFox\n|-crit|p2a: AMagicalFox\n|-supereffective|p2a: AMagicalFox\n|-damage|p2a: AMagicalFox|0 fnt\n|faint|p2a: AMagicalFox\n|\n|callback|decision\n|\n|switch|p2a: Moustachio|Alakazam, M, shiny|252\/252\n|turn|3\n|callback|decision\n|\n|-formechange|p2a: Moustachio|Alakazam-Mega\n|message|Alakazam has Mega Evolved into Mega Alakazam!\n|-ability|p2a: Moustachio|Protean|[from] ability: Trace|[of] p1a: May Day Parade\n|-start|p1a: May Day Parade|typechange|Ghost|[from] Protean\n|move|p1a: May Day Parade|Shadow Sneak|p2a: Moustachio\n|-supereffective|p2a: Moustachio\n|-damage|p2a: Moustachio|84\/252\n|-start|p2a: Moustachio|typechange|Normal|[from] Protean\n|move|p2a: Moustachio|Substitute|p2a: Moustachio\n|-start|p2a: Moustachio|Substitute\n|-damage|p2a: Moustachio|21\/252\n|\n|turn|4\n|callback|decision\n|\n|-start|p1a: May Day Parade|typechange|Normal|[from] Protean\n|move|p1a: May Day Parade|Fake Out|p2a: Moustachio\n|-message|(Fake Out only works your first turn out.)\n|-fail|p2a: Moustachio\n|-start|p2a: Moustachio|typechange|Ghost|[from] Protean\n|move|p2a: Moustachio|Shadow Ball|p1a: May Day Parade\n|-immune|p1a: May Day Parade|[msg]\n|\n|turn|5\n|callback|decision\n|\n|-start|p1a: May Day Parade|typechange|Ghost|[from] Protean\n|move|p1a: May Day Parade|Shadow Sneak|p2a: Moustachio\n|-crit|p2a: Moustachio\n|-supereffective|p2a: Moustachio\n|-end|p2a: Moustachio|Substitute\n|-start|p2a: Moustachio|typechange|Fighting|[from] Protean\n|move|p2a: Moustachio|Focus Blast|p1a: May Day Parade\n|-immune|p1a: May Day Parade|[msg]\n|\n|turn|6\n|callback|decision\n|\n|switch|p2a: BrainCell|Reuniclus, M, shiny|424\/424\n|move|p1a: May Day Parade|Shadow Sneak|p2a: BrainCell\n|-supereffective|p2a: BrainCell\n|-damage|p2a: BrainCell|320\/424\n|\n|-heal|p2a: BrainCell|346\/424|[from] item: Leftovers\n|turn|7\n|callback|decision\n|\n|switch|p1a: Of Mice & Men|Diggersby, M|362\/362\n|move|p2a: BrainCell|Calm Mind|p2a: BrainCell\n|-boost|p2a: BrainCell|spa|1\n|-boost|p2a: BrainCell|spd|1\n|\n|-heal|p2a: BrainCell|372\/424|[from] item: Leftovers\n|turn|8\n|callback|decision\n|\n|move|p1a: Of Mice & Men|U-turn|p2a: BrainCell\n|-supereffective|p2a: BrainCell\n|-damage|p2a: BrainCell|180\/424\n|callback|decision\n|\n|switch|p1a: Paramedic|Chansey, F, shiny|704\/704\n|move|p2a: BrainCell|Focus Blast|p1a: Paramedic\n|-supereffective|p1a: Paramedic\n|-damage|p1a: Paramedic|466\/704\n|\n|-heal|p2a: BrainCell|206\/424|[from] item: Leftovers\n|turn|9\n|callback|decision\n|\n|switch|p1a: May Day Parade|Kecleon, F, shiny|324\/324\n|move|p2a: BrainCell|Recover|p2a: BrainCell\n|-heal|p2a: BrainCell|418\/424\n|\n|-heal|p2a: BrainCell|424\/424|[from] item: Leftovers\n|turn|10\n|callback|decision\n|\n|-start|p1a: May Day Parade|typechange|Fighting|[from] Protean\n|move|p1a: May Day Parade|Power-Up Punch|p2a: BrainCell\n|-resisted|p2a: BrainCell\n|-damage|p2a: BrainCell|397\/424\n|-boost|p1a: May Day Parade|atk|1\n|move|p2a: BrainCell|Calm Mind|p2a: BrainCell\n|-boost|p2a: BrainCell|spa|1\n|-boost|p2a: BrainCell|spd|1\n|\n|-heal|p2a: BrainCell|423\/424|[from] item: Leftovers\n|turn|11\n|callback|decision\n|\n|-start|p1a: May Day Parade|typechange|Dark|[from] Protean\n|move|p1a: May Day Parade|Sucker Punch|p2a: BrainCell\n|-supereffective|p2a: BrainCell\n|-damage|p2a: BrainCell|127\/424\n|move|p2a: BrainCell|Psyshock|p1a: May Day Parade\n|-immune|p1a: May Day Parade|[msg]\n|\n|-heal|p2a: BrainCell|153\/424|[from] item: Leftovers\n|turn|12\n|callback|decision\n|\n|-start|p1a: May Day Parade|typechange|Ghost|[from] Protean\n|move|p1a: May Day Parade|Shadow Sneak|p2a: BrainCell\n|-supereffective|p2a: BrainCell\n|-damage|p2a: BrainCell|0 fnt\n|faint|p2a: BrainCell\n|\n|callback|decision\n|-message|Onox forfeited.\n|\n|win|kdarewolf\n|raw|Ladder updating...\n|leave|Onox\n|player|p2\n|raw|kdarewolf's rating: 1049 &rarr; <strong>1076<\/strong><br \/>(+27 for winning)\n|raw|Onox's rating: 1087 &rarr; <strong>1059<\/strong><br \/>(-28 for losing)","inputlog":null,"uploadtime":1390960565,"views":2494,"p1id":"kdarewolf","p2id":"onox","formatid":"oumonotype","rating":0,"private":0,"password":null}