{"id":"oususpecttest-297940009","p1":"Doflamingo6","p2":"Ohmboy Tesla","format":"oususpecttest","log":"|join|Doflamingo6\n|join|Ohmboy Tesla\n|player|p1|Doflamingo6|155\n|player|p2|Ohmboy Tesla|80\n|gametype|singles\n|gen|6\n|tier|OU (suspect test)\n|rated\n|seed|65043,26780,57582,55051\n|clearpoke\n|poke|p1|Charizard, F\n|poke|p1|Weavile, M\n|poke|p1|Alakazam, F\n|poke|p1|Starmie\n|poke|p1|Raikou\n|poke|p1|Garchomp, M\n|poke|p2|Hydreigon, F\n|poke|p2|Metagross\n|poke|p2|Rotom-Wash\n|poke|p2|Azumarill, F\n|poke|p2|Landorus-Therian, M\n|poke|p2|Heatran, M\n|rule|Swagger Clause: Swagger is banned\n|rule|Baton Pass Clause: Limit one Baton Passer, can't pass Spe and other stats simultaneously\n|rule|Sleep Clause Mod: Limit one foe put to sleep\n|rule|Species Clause: Limit one of each Pok\u00e9mon\n|rule|OHKO Clause: OHKO moves are banned\n|rule|Moody Clause: Moody is banned\n|rule|Evasion Moves Clause: Evasion moves are banned\n|rule|Endless Battle Clause: Forcing endless battles is banned\n|rule|HP Percentage Mod: HP is shown in percentages\n|teampreview\n|choice|team 1|team 5\n|\n|start\n|switch|p1a: Charizard|Charizard, F|297\/297\n|switch|p2a: Flooffy paws|Landorus-Therian, M|382\/382\n|-ability|p2a: Flooffy paws|Intimidate\n|-unboost|p1a: Charizard|atk|1\n|turn|1\n|choice|move 1 mega|switch 6\n|\n|switch|p2a: Tony|Heatran, M|385\/385\n|detailschange|p1a: Charizard|Charizard-Mega-Y, F\n|-mega|p1a: Charizard|Charizard|Charizardite Y\n|-weather|SunnyDay|[from] ability: Drought|[of] p1a: Charizard\n|move|p1a: Charizard|Fire Blast|p2a: Tony\n|-start|p2a: Tony|ability: Flash Fire\n|\n|-weather|SunnyDay|[upkeep]\n|turn|2\n|choice|move 4|move 2\n|\n|move|p1a: Charizard|Earthquake|p2a: Tony\n|-supereffective|p2a: Tony\n|-damage|p2a: Tony|181\/385\n|move|p2a: Tony|Lava Plume|p1a: Charizard\n|-resisted|p1a: Charizard\n|-damage|p1a: Charizard|171\/297\n|\n|-weather|SunnyDay|[upkeep]\n|-heal|p2a: Tony|205\/385|[from] item: Leftovers\n|turn|3\n|choice|move 4|move 3\n|\n|move|p1a: Charizard|Earthquake|p2a: Tony\n|-supereffective|p2a: Tony\n|-damage|p2a: Tony|0 fnt\n|faint|p2a: Tony\n|\n|-weather|SunnyDay|[upkeep]\n|choice||switch 5\n|\n|switch|p2a: Precious|Hydreigon, F|349\/349\n|turn|4\n|choice|move 1|move 1\n|\n|move|p2a: Precious|Dark Pulse|p1a: Charizard\n|-damage|p1a: Charizard|38\/297\n|move|p1a: Charizard|Fire Blast|p2a: Precious\n|-resisted|p2a: Precious\n|-damage|p2a: Precious|153\/349\n|\n|-weather|SunnyDay|[upkeep]\n|turn|5\n|choice|switch 2|move 1\n|\n|switch|p1a: Weavile|Weavile, M|281\/281\n|-ability|p1a: Weavile|Pressure\n|move|p2a: Precious|Dark Pulse|p1a: Weavile\n|-resisted|p1a: Weavile\n|-damage|p1a: Weavile|195\/281\n|\n|-weather|none\n|turn|6\n|choice|move 1|switch 4\n|\n|switch|p2a: Cuddles|Azumarill, F|401\/401\n|move|p1a: Weavile|Knock Off|p2a: Cuddles\n|-resisted|p2a: Cuddles\n|-damage|p2a: Cuddles|278\/401\n|-enditem|p2a: Cuddles|Assault Vest|[from] move: Knock Off|[of] p1a: Weavile\n|-damage|p1a: Weavile|167\/281|[from] item: Life Orb\n|\n|turn|7\n|choice|switch 2|move 3\n|\n|switch|p1a: Charizard|Charizard-Mega-Y, F|38\/297\n|-weather|SunnyDay|[from] ability: Drought|[of] p1a: Charizard\n|move|p2a: Cuddles|Play Rough|p1a: Charizard\n|-resisted|p1a: Charizard\n|-damage|p1a: Charizard|0 fnt\n|faint|p1a: Charizard\n|\n|-weather|SunnyDay|[upkeep]\n|choice|switch 5|\n|\n|switch|p1a: Raikou|Raikou|321\/321\n|-ability|p1a: Raikou|Pressure\n|turn|8\n|choice|move 4|switch 4\n|\n|switch|p2a: Precious|Hydreigon, F|153\/349\n|move|p1a: Raikou|Substitute|p1a: Raikou\n|-start|p1a: Raikou|Substitute\n|-damage|p1a: Raikou|241\/321\n|\n|-weather|SunnyDay|[upkeep]\n|-heal|p1a: Raikou|261\/321|[from] item: Leftovers\n|turn|9\n|choice|move 2|move 2\n|\n|move|p2a: Precious|Earth Power|p1a: Raikou\n|-supereffective|p1a: Raikou\n|-end|p1a: Raikou|Substitute\n|move|p1a: Raikou|Calm Mind|p1a: Raikou\n|-boost|p1a: Raikou|spa|1\n|-boost|p1a: Raikou|spd|1\n|\n|-weather|SunnyDay|[upkeep]\n|-heal|p1a: Raikou|281\/321|[from] item: Leftovers\n|turn|10\n|choice|move 3|move 2\n|\n|move|p2a: Precious|Earth Power|p1a: Raikou\n|-supereffective|p1a: Raikou\n|-damage|p1a: Raikou|123\/321\n|move|p1a: Raikou|Hidden Power|p2a: Precious\n|-supereffective|p2a: Precious\n|-damage|p2a: Precious|0 fnt\n|faint|p2a: Precious\n|\n|-weather|SunnyDay|[upkeep]\n|-heal|p1a: Raikou|143\/321|[from] item: Leftovers\n|choice||switch 2\n|\n|switch|p2a: Weapon-X|Metagross|301\/301\n|turn|11\n|choice|move 1|move 3 mega\n|\n|detailschange|p2a: Weapon-X|Metagross-Mega\n|-mega|p2a: Weapon-X|Metagross|Metagrossite\n|move|p1a: Raikou|Thunderbolt|p2a: Weapon-X\n|-damage|p2a: Weapon-X|81\/301\n|move|p2a: Weapon-X|Zen Headbutt|p1a: Raikou\n|-damage|p1a: Raikou|0 fnt\n|faint|p1a: Raikou\n|\n|-weather|none\n|choice|switch 3|\n|\n|switch|p1a: Alakazam|Alakazam, F|251\/251\n|turn|12\n|choice|move 4|switch 4\n|\n|switch|p2a: Cuddles|Azumarill, F|278\/401\n|move|p1a: Alakazam|Shadow Ball|p2a: Cuddles\n|-damage|p2a: Cuddles|153\/401\n|-unboost|p2a: Cuddles|spd|1\n|\n|turn|13\n|choice|move 1|switch 6\n|\n|switch|p2a: Flooffy paws|Landorus-Therian, M|382\/382\n|-ability|p2a: Flooffy paws|Intimidate\n|-unboost|p1a: Alakazam|atk|1\n|move|p1a: Alakazam|Psychic|p2a: Flooffy paws\n|-damage|p2a: Flooffy paws|178\/382\n|\n|-heal|p2a: Flooffy paws|201\/382|[from] item: Leftovers\n|turn|14\n|choice|move 1|move 4\n|\n|move|p1a: Alakazam|Psychic|p2a: Flooffy paws\n|-damage|p2a: Flooffy paws|5\/382\n|move|p2a: Flooffy paws|Knock Off|p1a: Alakazam\n|-supereffective|p1a: Alakazam\n|-enditem|p1a: Alakazam|Focus Sash\n|-damage|p1a: Alakazam|1\/251\n|\n|-heal|p2a: Flooffy paws|28\/382|[from] item: Leftovers\n|turn|15\n|choice|move 1|move 1\n|\n|move|p1a: Alakazam|Psychic|p2a: Flooffy paws\n|-crit|p2a: Flooffy paws\n|-damage|p2a: Flooffy paws|0 fnt\n|faint|p2a: Flooffy paws\n|\n|choice||switch 6\n|\n|switch|p2a: Cuddles|Azumarill, F|153\/401\n|turn|16\n|choice|switch 4|move 1\n|\n|switch|p1a: Starmie|Starmie|261\/261\n|move|p2a: Cuddles|Aqua Jet|p1a: Starmie\n|-resisted|p1a: Starmie\n|-damage|p1a: Starmie|215\/261\n|\n|turn|17\n|choice|move 3|move 4\n|\n|move|p1a: Starmie|Psyshock|p2a: Cuddles\n|-damage|p2a: Cuddles|0 fnt\n|-damage|p1a: Starmie|189\/261|[from] item: Life Orb\n|faint|p2a: Cuddles\n|\n|choice||switch 3\n|\n|switch|p2a: Washington|Rotom-Wash|304\/304\n|turn|18\n|choice|switch 4|move 3\n|\n|switch|p1a: Alakazam|Alakazam, F|1\/251\n|move|p2a: Washington|Volt Switch|p1a: Alakazam\n|-damage|p1a: Alakazam|0 fnt\n|faint|p1a: Alakazam\n|choice||switch 4\n|\n|switch|p2a: Weapon-X|Metagross-Mega|81\/301\n|\n|choice|switch 4|\n|\n|switch|p1a: Starmie|Starmie|189\/261\n|turn|19\n|choice|move 3|switch 4\n|\n|switch|p2a: Washington|Rotom-Wash|304\/304\n|move|p1a: Starmie|Psyshock|p2a: Washington\n|-damage|p2a: Washington|162\/304\n|-damage|p1a: Starmie|163\/261|[from] item: Life Orb\n|\n|-heal|p2a: Washington|181\/304|[from] item: Leftovers\n|turn|20\n|choice|switch 6|move 1\n|\n|switch|p1a: Garchomp|Garchomp, M|357\/357\n|move|p2a: Washington|Will-O-Wisp|p1a: Garchomp\n|-status|p1a: Garchomp|brn\n|\n|-heal|p2a: Washington|200\/304|[from] item: Leftovers\n|-damage|p1a: Garchomp|313\/357 brn|[from] brn\n|turn|21\n|choice|move 3|move 2\n|\n|move|p1a: Garchomp|Stealth Rock|p2a: Washington\n|-sidestart|p2: Ohmboy Tesla|move: Stealth Rock\n|move|p2a: Washington|Hydro Pump|p1a: Garchomp\n|-damage|p1a: Garchomp|160\/357 brn\n|\n|-heal|p2a: Washington|219\/304|[from] item: Leftovers\n|-damage|p1a: Garchomp|116\/357 brn|[from] brn\n|turn|22\n|choice|move 1|move 2\n|\n|move|p1a: Garchomp|Dragon Claw|p2a: Washington\n|-damage|p2a: Washington|155\/304\n|-damage|p1a: Garchomp|81\/357 brn|[from] item: Life Orb\n|move|p2a: Washington|Hydro Pump|p1a: Garchomp|[miss]\n|-miss|p2a: Washington|p1a: Garchomp\n|\n|-heal|p2a: Washington|174\/304|[from] item: Leftovers\n|-damage|p1a: Garchomp|37\/357 brn|[from] brn\n|turn|23\n|choice|move 1|move 2\n|\n|move|p1a: Garchomp|Dragon Claw|p2a: Washington\n|-damage|p2a: Washington|116\/304\n|-damage|p1a: Garchomp|2\/357 brn|[from] item: Life Orb\n|move|p2a: Washington|Hydro Pump|p1a: Garchomp\n|-damage|p1a: Garchomp|0 fnt\n|faint|p1a: Garchomp\n|\n|-heal|p2a: Washington|135\/304|[from] item: Leftovers\n|choice|switch 2|\n|\n|switch|p1a: Weavile|Weavile, M|167\/281\n|-ability|p1a: Weavile|Pressure\n|turn|24\n|choice|move 1|move 1\n|\n|move|p1a: Weavile|Knock Off|p2a: Washington\n|-damage|p2a: Washington|0 fnt\n|-enditem|p2a: Washington|Leftovers|[from] move: Knock Off|[of] p1a: Weavile\n|-damage|p1a: Weavile|139\/281|[from] item: Life Orb\n|faint|p2a: Washington\n|\n|c|\u2605Ohmboy Tesla|gg\n|choice||switch 4\n|\n|switch|p2a: Weapon-X|Metagross-Mega|81\/301\n|-damage|p2a: Weapon-X|63\/301|[from] Stealth Rock\n|turn|25\n|c|\u2605Doflamingo6|gg\n|choice|move 1|move 2\n|\n|move|p1a: Weavile|Knock Off|p2a: Weapon-X\n|-supereffective|p2a: Weapon-X\n|-damage|p2a: Weapon-X|0 fnt\n|-damage|p1a: Weavile|111\/281|[from] item: Life Orb\n|faint|p2a: Weapon-X\n|\n|win|Doflamingo6\n|raw|Doflamingo6's rating: 1265 &rarr; <strong>1282<\/strong><br \/>(+17 for winning)\n|raw|Ohmboy Tesla's rating: 1144 &rarr; <strong>1127<\/strong><br \/>(-17 for losing)\n|leave|Ohmboy Tesla\n|player|p2","inputlog":null,"uploadtime":1448620277,"views":3,"p1id":"doflamingo6","p2id":"ohmboytesla","formatid":"oususpecttest","rating":1127,"private":0,"password":null}