{"id":"oususpecttest-227462654","p1":"Ohmboy Tesla","p2":"KJ Corp","format":"oususpecttest","log":"|join|Ohmboy Tesla\n|join|KJ Corp\n|player|p1|Ohmboy Tesla|136\n|player|p2|KJ Corp|79\n|gametype|singles\n|gen|6\n|tier|OU (suspect test)\n|rated\n|clearpoke\n|poke|p1|Venusaur, F\n|poke|p1|Entei, shiny\n|poke|p1|Swampert, M\n|poke|p1|Hydreigon, F\n|poke|p1|Togekiss, F\n|poke|p1|Scizor, M\n|poke|p2|Aegislash, F, shiny\n|poke|p2|Chansey, F\n|poke|p2|Quagsire, M\n|poke|p2|Gliscor, M\n|poke|p2|Skarmory, M\n|poke|p2|Latias, F\n|rule|Swagger Clause: Swagger is banned\n|rule|Baton Pass Clause: Limit one Pok\u00e9mon knowing Baton Pass\n|rule|Sleep Clause Mod: Limit one foe put to sleep\n|rule|Species Clause: Limit one of each Pok\u00e9mon\n|rule|OHKO Clause: OHKO moves are banned\n|rule|Moody Clause: Moody is banned\n|rule|Evasion Moves Clause: Evasion moves are banned\n|rule|Endless Battle Clause: Forcing endless battles is banned\n|rule|HP Percentage Mod: HP is shown in percentages\n|teampreview\n|\n|start\n|switch|p1a: Do You Even Liek|Swampert, M|401\/401\n|switch|p2a: Latias|Latias, F|363\/363\n|turn|1\n|\n|switch|p2a: Chansey|Chansey, F|642\/642\n|move|p1a: Do You Even Liek|Toxic|p2a: Chansey\n|-status|p2a: Chansey|tox\n|\n|-damage|p2a: Chansey|602\/642 tox|[from] psn\n|turn|2\n|\n|move|p1a: Do You Even Liek|Stealth Rock|p2a: Chansey\n|-sidestart|p2: KJ Corp|move: Stealth Rock\n|move|p2a: Chansey|Stealth Rock|p1a: Do You Even Liek\n|-sidestart|p1: Ohmboy Tesla|move: Stealth Rock\n|\n|-damage|p2a: Chansey|522\/642 tox|[from] psn\n|turn|3\n|\n|switch|p1a: Menace|Scizor, M|343\/343\n|-damage|p1a: Menace|301\/343|[from] Stealth Rock\n|switch|p2a: Skarmory|Skarmory, M|334\/334\n|-damage|p2a: Skarmory|293\/334|[from] Stealth Rock\n|\n|-heal|p1a: Menace|322\/343|[from] item: Leftovers\n|turn|4\n|\n|move|p2a: Skarmory|Spikes|p1a: Menace\n|-sidestart|p1: Ohmboy Tesla|Spikes\n|move|p1a: Menace|U-turn|p2a: Skarmory\n|-crit|p2a: Skarmory\n|-resisted|p2a: Skarmory\n|-damage|p2a: Skarmory|266\/334\n|-damage|p1a: Menace|265\/343|[from] item: Rocky Helmet|[of] p2a: Skarmory\n|\n|switch|p1a: Berta|Venusaur, F|363\/363\n|-damage|p1a: Berta|318\/363|[from] Spikes\n|-damage|p1a: Berta|273\/363|[from] Stealth Rock\n|\n|turn|5\n|\n|switch|p2a: Chansey|Chansey, F|522\/642\n|-damage|p2a: Chansey|442\/642|[from] Stealth Rock\n|detailschange|p1a: Berta|Venusaur-Mega, F\n|-mega|p1a: Berta|Venusaur|Venusaurite\n|move|p1a: Berta|Leech Seed|p2a: Chansey\n|-start|p2a: Chansey|move: Leech Seed\n|\n|-damage|p2a: Chansey|362\/642|[from] Leech Seed|[of] p1a: Berta\n|-heal|p1a: Berta|353\/363|[silent]\n|turn|6\n|\n|switch|p1a: Menace|Scizor, M|265\/343\n|-damage|p1a: Menace|223\/343|[from] Spikes\n|-damage|p1a: Menace|181\/343|[from] Stealth Rock\n|move|p2a: Chansey|Soft-Boiled|p2a: Chansey\n|-heal|p2a: Chansey|642\/642\n|\n|-heal|p1a: Menace|202\/343|[from] item: Leftovers\n|-damage|p2a: Chansey|562\/642|[from] Leech Seed|[of] p1a: Menace\n|-heal|p1a: Menace|282\/343|[silent]\n|turn|7\n|\n|switch|p2a: Skarmory|Skarmory, M|266\/334\n|-damage|p2a: Skarmory|225\/334|[from] Stealth Rock\n|move|p1a: Menace|Defog|p2a: Skarmory\n|-unboost|p2a: Skarmory|evasion|1\n|-sideend|p2: KJ Corp|Stealth Rock|[from] move: Defog|[of] p2a: Skarmory\n|-sideend|p1: Ohmboy Tesla|Spikes|[from] move: Defog|[of] p1a: Menace\n|-sideend|p1: Ohmboy Tesla|Stealth Rock|[from] move: Defog|[of] p1a: Menace\n|\n|-heal|p1a: Menace|303\/343|[from] item: Leftovers\n|turn|8\n|\n|switch|p1a: Rufus|Entei, shiny|386\/386\n|-ability|p1a: Rufus|Pressure\n|move|p2a: Skarmory|Spikes|p1a: Rufus\n|-sidestart|p1: Ohmboy Tesla|Spikes\n|\n|turn|9\n|\n|switch|p2a: Latias|Latias, F|363\/363\n|move|p1a: Rufus|Sacred Fire|p2a: Latias\n|-resisted|p2a: Latias\n|-damage|p2a: Latias|278\/363\n|\n|turn|10\n|\n|switch|p1a: no more tears|Togekiss, F|373\/373\n|detailschange|p2a: Latias|Latias-Mega, F\n|-mega|p2a: Latias|Latias|Latiasite\n|move|p2a: Latias|Thunder Wave|p1a: no more tears\n|-status|p1a: no more tears|par\n|\n|turn|11\n|\n|switch|p2a: Gliscor|Gliscor, M|352\/352\n|move|p1a: no more tears|Dazzling Gleam|p2a: Gliscor\n|-damage|p2a: Gliscor|235\/352\n|\n|-status|p2a: Gliscor|tox|[from] item: Toxic Orb\n|turn|12\n|\n|move|p2a: Gliscor|Knock Off|p1a: no more tears\n|-resisted|p1a: no more tears\n|-damage|p1a: no more tears|335\/373 par\n|-enditem|p1a: no more tears|Leftovers|[from] move: Knock Off|[of] p2a: Gliscor\n|cant|p1a: no more tears|par\n|\n|-heal|p2a: Gliscor|279\/352 tox|[from] ability: Poison Heal\n|turn|13\n|\n|switch|p2a: Chansey|Chansey, F|562\/642\n|move|p1a: no more tears|Dazzling Gleam|p2a: Chansey\n|-damage|p2a: Chansey|504\/642\n|\n|turn|14\n|\n|switch|p1a: Berta|Venusaur-Mega, F|353\/363\n|-damage|p1a: Berta|308\/363|[from] Spikes\n|move|p2a: Chansey|Stealth Rock|p1a: Berta\n|-sidestart|p1: Ohmboy Tesla|move: Stealth Rock\n|\n|turn|15\n|\n|switch|p2a: Aegislash|Aegislash, F, shiny|262\/262\n|move|p1a: Berta|Leech Seed|p2a: Aegislash|[miss]\n|-miss|p1a: Berta|p2a: Aegislash\n|\n|turn|16\n|\n|move|p1a: Berta|Leech Seed|p2a: Aegislash\n|-start|p2a: Aegislash|move: Leech Seed\n|-formechange|p2a: Aegislash|Aegislash-Blade\n|move|p2a: Aegislash|Shadow Ball|p1a: Berta\n|-damage|p1a: Berta|160\/363\n|\n|-damage|p2a: Aegislash|230\/262|[from] Leech Seed|[of] p1a: Berta\n|-heal|p1a: Berta|192\/363|[silent]\n|turn|17\n|\n|switch|p2a: Latias|Latias-Mega, F|278\/363\n|move|p1a: Berta|Giga Drain|p2a: Latias\n|-resisted|p2a: Latias\n|-damage|p2a: Latias|247\/363\n|-heal|p1a: Berta|208\/363|[from] drain|[of] p2a: Latias\n|\n|turn|18\n|\n|switch|p1a: no more tears|Togekiss, F|335\/373 par\n|-damage|p1a: no more tears|242\/373 par|[from] Stealth Rock\n|move|p2a: Latias|Thunder Wave|p1a: no more tears\n|-fail|p1a: no more tears|par\n|\n|turn|19\n|\n|switch|p2a: Aegislash|Aegislash, F, shiny|230\/262\n|move|p1a: no more tears|Dazzling Gleam|p2a: Aegislash\n|-resisted|p2a: Aegislash\n|-damage|p2a: Aegislash|195\/262\n|\n|-heal|p2a: Aegislash|211\/262|[from] item: Leftovers\n|turn|20\n|\n|move|p2a: Aegislash|Substitute|p2a: Aegislash\n|-start|p2a: Aegislash|Substitute\n|-damage|p2a: Aegislash|146\/262\n|move|p1a: no more tears|Thunder Wave|p2a: Aegislash\n|-fail|p2a: Aegislash\n|\n|-heal|p2a: Aegislash|162\/262|[from] item: Leftovers\n|turn|21\n|\n|switch|p1a: Rufus|Entei, shiny|386\/386\n|-damage|p1a: Rufus|290\/386|[from] Stealth Rock\n|-damage|p1a: Rufus|242\/386|[from] Spikes\n|-ability|p1a: Rufus|Pressure\n|-formechange|p2a: Aegislash|Aegislash-Blade\n|move|p2a: Aegislash|Shadow Ball|p1a: Rufus\n|-damage|p1a: Rufus|38\/386\n|-unboost|p1a: Rufus|spd|1\n|\n|-heal|p1a: Rufus|62\/386|[from] item: Leftovers\n|-heal|p2a: Aegislash|178\/262|[from] item: Leftovers\n|turn|22\n|\n|-formechange|p2a: Aegislash|Aegislash\n|move|p2a: Aegislash|King's Shield|p2a: Aegislash\n|-singleturn|p2a: Aegislash|Protect\n|move|p1a: Rufus|Sacred Fire|p2a: Aegislash\n|-activate|p2a: Aegislash|Protect\n|\n|-heal|p1a: Rufus|86\/386|[from] item: Leftovers\n|-heal|p2a: Aegislash|194\/262|[from] item: Leftovers\n|turn|23\n|\n|move|p1a: Rufus|Sacred Fire|p2a: Aegislash\n|-supereffective|p2a: Aegislash\n|-end|p2a: Aegislash|Substitute\n|-formechange|p2a: Aegislash|Aegislash-Blade\n|move|p2a: Aegislash|Shadow Ball|p1a: Rufus\n|-damage|p1a: Rufus|0 fnt\n|faint|p1a: Rufus\n|\n|-heal|p2a: Aegislash|210\/262|[from] item: Leftovers\n|\n|switch|p1a: Do You Even Liek|Swampert, M|401\/401\n|-damage|p1a: Do You Even Liek|351\/401|[from] Spikes\n|-damage|p1a: Do You Even Liek|326\/401|[from] Stealth Rock\n|turn|24\n|\n|-formechange|p2a: Aegislash|Aegislash\n|move|p2a: Aegislash|King's Shield|p2a: Aegislash\n|-singleturn|p2a: Aegislash|Protect\n|move|p1a: Do You Even Liek|Stealth Rock|p2a: Aegislash\n|-sidestart|p2: KJ Corp|move: Stealth Rock\n|\n|-heal|p2a: Aegislash|226\/262|[from] item: Leftovers\n|-heal|p1a: Do You Even Liek|351\/401|[from] item: Leftovers\n|turn|25\n|\n|move|p2a: Aegislash|Toxic|p1a: Do You Even Liek\n|-status|p1a: Do You Even Liek|tox\n|move|p1a: Do You Even Liek|Earthquake|p2a: Aegislash\n|-supereffective|p2a: Aegislash\n|-damage|p2a: Aegislash|32\/262\n|\n|-heal|p1a: Do You Even Liek|376\/401 tox|[from] item: Leftovers\n|-heal|p2a: Aegislash|48\/262|[from] item: Leftovers\n|-damage|p1a: Do You Even Liek|351\/401 tox|[from] psn\n|turn|26\n|\n|move|p2a: Aegislash|King's Shield|p2a: Aegislash\n|-singleturn|p2a: Aegislash|Protect\n|move|p1a: Do You Even Liek|Toxic|p2a: Aegislash\n|-fail|p2a: Aegislash\n|\n|-heal|p1a: Do You Even Liek|376\/401 tox|[from] item: Leftovers\n|-heal|p2a: Aegislash|64\/262|[from] item: Leftovers\n|-damage|p1a: Do You Even Liek|326\/401 tox|[from] psn\n|turn|27\n|\n|switch|p2a: Latias|Latias-Mega, F|247\/363\n|-damage|p2a: Latias|202\/363|[from] Stealth Rock\n|move|p1a: Do You Even Liek|Waterfall|p2a: Latias\n|-resisted|p2a: Latias\n|-damage|p2a: Latias|168\/363\n|\n|-heal|p1a: Do You Even Liek|351\/401 tox|[from] item: Leftovers\n|-damage|p1a: Do You Even Liek|276\/401 tox|[from] psn\n|turn|28\n|\n|switch|p2a: Gliscor|Gliscor, M|279\/352 tox\n|-damage|p2a: Gliscor|235\/352 tox|[from] Stealth Rock\n|move|p1a: Do You Even Liek|Toxic|p2a: Gliscor\n|-fail|p2a: Gliscor|tox\n|\n|-heal|p1a: Do You Even Liek|301\/401 tox|[from] item: Leftovers\n|-heal|p2a: Gliscor|279\/352 tox|[from] ability: Poison Heal\n|-damage|p1a: Do You Even Liek|201\/401 tox|[from] psn\n|turn|29\n|\n|switch|p2a: Latias|Latias-Mega, F|168\/363\n|-damage|p2a: Latias|123\/363|[from] Stealth Rock\n|move|p1a: Do You Even Liek|Waterfall|p2a: Latias\n|-resisted|p2a: Latias\n|-damage|p2a: Latias|84\/363\n|\n|-heal|p1a: Do You Even Liek|226\/401 tox|[from] item: Leftovers\n|-damage|p1a: Do You Even Liek|101\/401 tox|[from] psn\n|turn|30\n|\n|move|p2a: Latias|Roost|p2a: Latias\n|-heal|p2a: Latias|266\/363\n|move|p1a: Do You Even Liek|Toxic|p2a: Latias\n|-status|p2a: Latias|tox\n|\n|-heal|p1a: Do You Even Liek|126\/401 tox|[from] item: Leftovers\n|-damage|p2a: Latias|244\/363 tox|[from] psn\n|-damage|p1a: Do You Even Liek|0 fnt|[from] psn\n|faint|p1a: Do You Even Liek\n|\n|switch|p1a: Precious|Hydreigon, F|349\/349\n|-damage|p1a: Precious|306\/349|[from] Stealth Rock\n|turn|31\n|\n|switch|p2a: Chansey|Chansey, F|504\/642\n|-damage|p2a: Chansey|424\/642|[from] Stealth Rock\n|move|p1a: Precious|U-turn|p2a: Chansey\n|-damage|p2a: Chansey|355\/642\n|\n|switch|p1a: Menace|Scizor, M|303\/343\n|-damage|p1a: Menace|261\/343|[from] Stealth Rock\n|-damage|p1a: Menace|219\/343|[from] Spikes\n|\n|-heal|p1a: Menace|240\/343|[from] item: Leftovers\n|turn|32\n|\n|switch|p2a: Skarmory|Skarmory, M|225\/334\n|-damage|p2a: Skarmory|184\/334|[from] Stealth Rock\n|move|p1a: Menace|Defog|p2a: Skarmory\n|-unboost|p2a: Skarmory|evasion|1\n|-sideend|p2: KJ Corp|Stealth Rock|[from] move: Defog|[of] p2a: Skarmory\n|-sideend|p1: Ohmboy Tesla|Spikes|[from] move: Defog|[of] p1a: Menace\n|-sideend|p1: Ohmboy Tesla|Stealth Rock|[from] move: Defog|[of] p1a: Menace\n|\n|-heal|p1a: Menace|261\/343|[from] item: Leftovers\n|turn|33\n|\n|switch|p1a: Berta|Venusaur-Mega, F|208\/363\n|move|p2a: Skarmory|Roost|p2a: Skarmory\n|-heal|p2a: Skarmory|334\/334\n|\n|turn|34\n|\n|move|p1a: Berta|Leech Seed|p2a: Skarmory\n|-start|p2a: Skarmory|move: Leech Seed\n|move|p2a: Skarmory|Brave Bird|p1a: Berta\n|-supereffective|p1a: Berta\n|-damage|p1a: Berta|86\/363\n|-damage|p2a: Skarmory|294\/334|[from] recoil|[of] p1a: Berta\n|\n|-damage|p2a: Skarmory|253\/334|[from] Leech Seed|[of] p1a: Berta\n|-heal|p1a: Berta|127\/363|[silent]\n|turn|35\n|\n|switch|p2a: Aegislash|Aegislash, F, shiny|64\/262\n|move|p1a: Berta|Synthesis|p1a: Berta\n|-heal|p1a: Berta|308\/363\n|\n|-heal|p2a: Aegislash|80\/262|[from] item: Leftovers\n|turn|36\n|\n|move|p1a: Berta|Giga Drain|p2a: Aegislash\n|-crit|p2a: Aegislash\n|-resisted|p2a: Aegislash\n|-damage|p2a: Aegislash|27\/262\n|-heal|p1a: Berta|335\/363|[from] drain|[of] p2a: Aegislash\n|-formechange|p2a: Aegislash|Aegislash-Blade\n|move|p2a: Aegislash|Shadow Ball|p1a: Berta\n|-damage|p1a: Berta|176\/363\n|\n|-heal|p2a: Aegislash|43\/262|[from] item: Leftovers\n|turn|37\n|\n|move|p1a: Berta|Giga Drain|p2a: Aegislash\n|-resisted|p2a: Aegislash\n|-damage|p2a: Aegislash|0 fnt\n|-heal|p1a: Berta|198\/363|[from] drain|[of] p2a: Aegislash\n|faint|p2a: Aegislash\n|\n|\n|switch|p2a: Gliscor|Gliscor, M|279\/352 tox\n|turn|38\n|\n|move|p2a: Gliscor|Earthquake|p1a: Berta\n|-damage|p1a: Berta|128\/363\n|move|p1a: Berta|Giga Drain|p2a: Gliscor\n|-damage|p2a: Gliscor|180\/352 tox\n|-heal|p1a: Berta|178\/363|[from] drain|[of] p2a: Gliscor\n|\n|-heal|p2a: Gliscor|224\/352 tox|[from] ability: Poison Heal\n|turn|39\n|\n|move|p2a: Gliscor|Swords Dance|p2a: Gliscor\n|-boost|p2a: Gliscor|atk|2\n|move|p1a: Berta|Leech Seed|p2a: Gliscor\n|-start|p2a: Gliscor|move: Leech Seed\n|\n|-damage|p2a: Gliscor|180\/352 tox|[from] Leech Seed|[of] p1a: Berta\n|-heal|p1a: Berta|222\/363|[silent]\n|-heal|p2a: Gliscor|224\/352 tox|[from] ability: Poison Heal\n|turn|40\n|\n|move|p2a: Gliscor|Earthquake|p1a: Berta\n|-damage|p1a: Berta|69\/363\n|move|p1a: Berta|Giga Drain|p2a: Gliscor\n|-crit|p2a: Gliscor\n|-damage|p2a: Gliscor|79\/352 tox\n|-heal|p1a: Berta|142\/363|[from] drain|[of] p2a: Gliscor\n|\n|-damage|p2a: Gliscor|35\/352 tox|[from] Leech Seed|[of] p1a: Berta\n|-heal|p1a: Berta|186\/363|[silent]\n|-heal|p2a: Gliscor|79\/352 tox|[from] ability: Poison Heal\n|turn|41\n|\n|switch|p1a: no more tears|Togekiss, F|242\/373 par\n|move|p2a: Gliscor|Earthquake|p1a: no more tears\n|-immune|p1a: no more tears|[msg]\n|\n|-damage|p2a: Gliscor|35\/352 tox|[from] Leech Seed|[of] p1a: no more tears\n|-heal|p1a: no more tears|286\/373 par|[silent]\n|-heal|p2a: Gliscor|79\/352 tox|[from] ability: Poison Heal\n|turn|42\n|\n|move|p2a: Gliscor|Roost|p2a: Gliscor\n|-heal|p2a: Gliscor|255\/352 tox\n|move|p1a: no more tears|Dazzling Gleam|p2a: Gliscor\n|-damage|p2a: Gliscor|156\/352 tox\n|\n|-damage|p2a: Gliscor|112\/352 tox|[from] Leech Seed|[of] p1a: no more tears\n|-heal|p1a: no more tears|330\/373 par|[silent]\n|-heal|p2a: Gliscor|156\/352 tox|[from] ability: Poison Heal\n|turn|43\n|\n|move|p2a: Gliscor|Roost|p2a: Gliscor\n|-heal|p2a: Gliscor|332\/352 tox\n|cant|p1a: no more tears|par\n|\n|-damage|p2a: Gliscor|288\/352 tox|[from] Leech Seed|[of] p1a: no more tears\n|-heal|p1a: no more tears|373\/373 par|[silent]\n|-heal|p2a: Gliscor|332\/352 tox|[from] ability: Poison Heal\n|turn|44\n|\n|switch|p2a: Chansey|Chansey, F|355\/642\n|move|p1a: no more tears|Dazzling Gleam|p2a: Chansey\n|-damage|p2a: Chansey|303\/642\n|\n|turn|45\n|\n|switch|p1a: Berta|Venusaur-Mega, F|186\/363\n|move|p2a: Chansey|Heal Bell|p2a: Chansey\n|-cureteam|p2a: Chansey|[from] move: HealBell\n|\n|turn|46\n|\n|move|p1a: Berta|Leech Seed|p2a: Chansey|[miss]\n|-miss|p1a: Berta|p2a: Chansey\n|move|p2a: Chansey|Soft-Boiled|p2a: Chansey\n|-heal|p2a: Chansey|624\/642\n|\n|turn|47\n|\n|switch|p2a: Latias|Latias-Mega, F|244\/363\n|move|p1a: Berta|Leech Seed|p2a: Latias\n|-start|p2a: Latias|move: Leech Seed\n|\n|-damage|p2a: Latias|199\/363|[from] Leech Seed|[of] p1a: Berta\n|-heal|p1a: Berta|231\/363|[silent]\n|turn|48\n|\n|switch|p1a: no more tears|Togekiss, F|373\/373 par\n|move|p2a: Latias|Roost|p2a: Latias\n|-heal|p2a: Latias|363\/363\n|\n|-damage|p2a: Latias|318\/363|[from] Leech Seed|[of] p1a: no more tears\n|turn|49\n|\n|switch|p2a: Gliscor|Gliscor, M|332\/352\n|move|p1a: no more tears|Thunder Wave|p2a: Gliscor\n|-immune|p2a: Gliscor|[msg]\n|\n|-status|p2a: Gliscor|tox|[from] item: Toxic Orb\n|turn|50\n|\n|switch|p1a: Precious|Hydreigon, F|306\/349\n|move|p2a: Gliscor|Swords Dance|p2a: Gliscor\n|-boost|p2a: Gliscor|atk|2\n|\n|-heal|p2a: Gliscor|352\/352 tox|[from] ability: Poison Heal\n|turn|51\n|\n|move|p1a: Precious|Dark Pulse|p2a: Gliscor\n|-damage|p2a: Gliscor|213\/352 tox\n|move|p2a: Gliscor|Roost|p2a: Gliscor\n|-heal|p2a: Gliscor|352\/352 tox\n|\n|turn|52\n|\n|move|p1a: Precious|Dark Pulse|p2a: Gliscor\n|-damage|p2a: Gliscor|213\/352 tox\n|move|p2a: Gliscor|Swords Dance|p2a: Gliscor\n|-boost|p2a: Gliscor|atk|2\n|\n|-heal|p2a: Gliscor|257\/352 tox|[from] ability: Poison Heal\n|turn|53\n|\n|move|p1a: Precious|Dark Pulse|p2a: Gliscor\n|-damage|p2a: Gliscor|100\/352 tox\n|move|p2a: Gliscor|Roost|p2a: Gliscor\n|-heal|p2a: Gliscor|276\/352 tox\n|\n|-heal|p2a: Gliscor|320\/352 tox|[from] ability: Poison Heal\n|turn|54\n|\n|move|p1a: Precious|Dark Pulse|p2a: Gliscor\n|-damage|p2a: Gliscor|172\/352 tox\n|move|p2a: Gliscor|Roost|p2a: Gliscor\n|-heal|p2a: Gliscor|348\/352 tox\n|\n|-heal|p2a: Gliscor|352\/352 tox|[from] ability: Poison Heal\n|turn|55\n|\n|move|p1a: Precious|Dark Pulse|p2a: Gliscor\n|-damage|p2a: Gliscor|213\/352 tox\n|move|p2a: Gliscor|Swords Dance|p2a: Gliscor\n|-boost|p2a: Gliscor|atk|2\n|\n|-heal|p2a: Gliscor|257\/352 tox|[from] ability: Poison Heal\n|turn|56\n|\n|move|p1a: Precious|Dark Pulse|p2a: Gliscor\n|-damage|p2a: Gliscor|107\/352 tox\n|move|p2a: Gliscor|Roost|p2a: Gliscor\n|-heal|p2a: Gliscor|283\/352 tox\n|\n|-heal|p2a: Gliscor|327\/352 tox|[from] ability: Poison Heal\n|turn|57\n|\n|move|p1a: Precious|Dark Pulse|p2a: Gliscor\n|-damage|p2a: Gliscor|186\/352 tox\n|move|p2a: Gliscor|Knock Off|p1a: Precious\n|-resisted|p1a: Precious\n|-damage|p1a: Precious|137\/349\n|-enditem|p1a: Precious|Choice Scarf|[from] move: Knock Off|[of] p2a: Gliscor\n|\n|-heal|p2a: Gliscor|230\/352 tox|[from] ability: Poison Heal\n|turn|58\n|\n|move|p1a: Precious|Dark Pulse|p2a: Gliscor\n|-damage|p2a: Gliscor|92\/352 tox\n|move|p2a: Gliscor|Roost|p2a: Gliscor\n|-heal|p2a: Gliscor|268\/352 tox\n|\n|-heal|p2a: Gliscor|312\/352 tox|[from] ability: Poison Heal\n|turn|59\n|\n|move|p1a: Precious|Dark Pulse|p2a: Gliscor\n|-damage|p2a: Gliscor|165\/352 tox\n|cant|p2a: Gliscor|flinch\n|\n|-heal|p2a: Gliscor|209\/352 tox|[from] ability: Poison Heal\n|turn|60\n|\n|switch|p2a: Chansey|Chansey, F|624\/642\n|move|p1a: Precious|Dark Pulse|p2a: Chansey\n|-damage|p2a: Chansey|551\/642\n|\n|turn|61\n|\n|move|p1a: Precious|U-turn|p2a: Chansey\n|-damage|p2a: Chansey|479\/642\n|\n|switch|p1a: Berta|Venusaur-Mega, F|231\/363\n|move|p2a: Chansey|Stealth Rock|p1a: Berta\n|-sidestart|p1: Ohmboy Tesla|move: Stealth Rock\n|\n|turn|62\n|\n|move|p1a: Berta|Leech Seed|p2a: Chansey\n|-start|p2a: Chansey|move: Leech Seed\n|move|p2a: Chansey|Seismic Toss|p1a: Berta\n|-damage|p1a: Berta|131\/363\n|\n|-damage|p2a: Chansey|399\/642|[from] Leech Seed|[of] p1a: Berta\n|-heal|p1a: Berta|211\/363|[silent]\n|turn|63\n|\n|switch|p2a: Latias|Latias-Mega, F|318\/363\n|move|p1a: Berta|Sludge Bomb|p2a: Latias\n|-damage|p2a: Latias|239\/363\n|\n|turn|64\n|\n|switch|p1a: no more tears|Togekiss, F|373\/373 par\n|-damage|p1a: no more tears|280\/373 par|[from] Stealth Rock\n|move|p2a: Latias|Psyshock|p1a: no more tears\n|-damage|p1a: no more tears|147\/373 par\n|\n|turn|65\n|\n|switch|p2a: Gliscor|Gliscor, M|209\/352 tox\n|move|p1a: no more tears|Dazzling Gleam|p2a: Gliscor\n|-crit|p2a: Gliscor\n|-damage|p2a: Gliscor|38\/352 tox\n|\n|-heal|p2a: Gliscor|82\/352 tox|[from] ability: Poison Heal\n|turn|66\n|\n|switch|p1a: Berta|Venusaur-Mega, F|211\/363\n|-damage|p1a: Berta|166\/363|[from] Stealth Rock\n|move|p2a: Gliscor|Roost|p2a: Gliscor\n|-heal|p2a: Gliscor|258\/352 tox\n|\n|-heal|p2a: Gliscor|302\/352 tox|[from] ability: Poison Heal\n|turn|67\n|\n|move|p2a: Gliscor|Swords Dance|p2a: Gliscor\n|-boost|p2a: Gliscor|atk|2\n|move|p1a: Berta|Leech Seed|p2a: Gliscor|[miss]\n|-miss|p1a: Berta|p2a: Gliscor\n|\n|-heal|p2a: Gliscor|346\/352 tox|[from] ability: Poison Heal\n|turn|68\n|\n|switch|p1a: Precious|Hydreigon, F|137\/349\n|-damage|p1a: Precious|94\/349|[from] Stealth Rock\n|move|p2a: Gliscor|Earthquake|p1a: Precious\n|-immune|p1a: Precious|[msg]\n|\n|-heal|p2a: Gliscor|352\/352 tox|[from] ability: Poison Heal\n|turn|69\n|\n|move|p1a: Precious|Dark Pulse|p2a: Gliscor\n|-damage|p2a: Gliscor|208\/352 tox\n|cant|p2a: Gliscor|flinch\n|\n|-heal|p2a: Gliscor|252\/352 tox|[from] ability: Poison Heal\n|turn|70\n|\n|move|p1a: Precious|Dark Pulse|p2a: Gliscor\n|-damage|p2a: Gliscor|96\/352 tox\n|move|p2a: Gliscor|Roost|p2a: Gliscor\n|-heal|p2a: Gliscor|272\/352 tox\n|\n|-heal|p2a: Gliscor|316\/352 tox|[from] ability: Poison Heal\n|turn|71\n|\n|move|p1a: Precious|Dark Pulse|p2a: Gliscor\n|-crit|p2a: Gliscor\n|-damage|p2a: Gliscor|96\/352 tox\n|move|p2a: Gliscor|Knock Off|p1a: Precious\n|-crit|p1a: Precious\n|-resisted|p1a: Precious\n|-damage|p1a: Precious|14\/349\n|\n|-heal|p2a: Gliscor|140\/352 tox|[from] ability: Poison Heal\n|turn|72\n|\n|switch|p2a: Chansey|Chansey, F|399\/642\n|move|p1a: Precious|Dark Pulse|p2a: Chansey\n|-damage|p2a: Chansey|323\/642\n|\n|turn|73\n|\n|switch|p2a: Skarmory|Skarmory, M|253\/334\n|move|p1a: Precious|Dark Pulse|p2a: Skarmory\n|-damage|p2a: Skarmory|58\/334\n|\n|turn|74\n|\n|switch|p2a: Chansey|Chansey, F|323\/642\n|move|p1a: Precious|Dark Pulse|p2a: Chansey\n|-damage|p2a: Chansey|250\/642\n|\n|turn|75\n|\n|move|p1a: Precious|Dark Pulse|p2a: Chansey\n|-damage|p2a: Chansey|169\/642\n|move|p2a: Chansey|Soft-Boiled|p2a: Chansey\n|-heal|p2a: Chansey|490\/642\n|\n|turn|76\n|\n|move|p1a: Precious|Dark Pulse|p2a: Chansey\n|-damage|p2a: Chansey|406\/642\n|move|p2a: Chansey|Seismic Toss|p1a: Precious\n|-damage|p1a: Precious|0 fnt\n|faint|p1a: Precious\n|\n|\n|switch|p1a: Menace|Scizor, M|261\/343\n|-damage|p1a: Menace|219\/343|[from] Stealth Rock\n|turn|77\n|\n|switch|p2a: Skarmory|Skarmory, M|58\/334\n|move|p1a: Menace|Defog|p2a: Skarmory\n|-unboost|p2a: Skarmory|evasion|1\n|-sideend|p1: Ohmboy Tesla|Stealth Rock|[from] move: Defog|[of] p1a: Menace\n|\n|-heal|p1a: Menace|240\/343|[from] item: Leftovers\n|turn|78\n|\n|move|p2a: Skarmory|Spikes|p1a: Menace\n|-sidestart|p1: Ohmboy Tesla|Spikes\n|move|p1a: Menace|Roost|p1a: Menace\n|-heal|p1a: Menace|343\/343\n|\n|turn|79\n|\n|move|p2a: Skarmory|Roost|p2a: Skarmory\n|-heal|p2a: Skarmory|225\/334\n|move|p1a: Menace|Defog|p2a: Skarmory\n|-unboost|p2a: Skarmory|evasion|1\n|-sideend|p1: Ohmboy Tesla|Spikes|[from] move: Defog|[of] p1a: Menace\n|\n|turn|80\n|\n|switch|p1a: Berta|Venusaur-Mega, F|166\/363\n|move|p2a: Skarmory|Roost|p2a: Skarmory\n|-heal|p2a: Skarmory|334\/334\n|\n|turn|81\n|\n|move|p1a: Berta|Leech Seed|p2a: Skarmory\n|-start|p2a: Skarmory|move: Leech Seed\n|move|p2a: Skarmory|Brave Bird|p1a: Berta\n|-supereffective|p1a: Berta\n|-damage|p1a: Berta|46\/363\n|-damage|p2a: Skarmory|294\/334|[from] recoil|[of] p1a: Berta\n|\n|-damage|p2a: Skarmory|253\/334|[from] Leech Seed|[of] p1a: Berta\n|-heal|p1a: Berta|87\/363|[silent]\n|turn|82\n|\n|switch|p2a: Latias|Latias-Mega, F|239\/363\n|move|p1a: Berta|Synthesis|p1a: Berta\n|-heal|p1a: Berta|268\/363\n|\n|turn|83\n|\n|move|p2a: Latias|Psyshock|p1a: Berta\n|-supereffective|p1a: Berta\n|-damage|p1a: Berta|100\/363\n|move|p1a: Berta|Sludge Bomb|p2a: Latias\n|-damage|p2a: Latias|158\/363\n|\n|turn|84\n|\n|switch|p1a: Menace|Scizor, M|343\/343\n|move|p2a: Latias|Thunder Wave|p1a: Menace\n|-status|p1a: Menace|par\n|\n|turn|85\n|\n|switch|p2a: Skarmory|Skarmory, M|253\/334\n|move|p1a: Menace|U-turn|p2a: Skarmory\n|-resisted|p2a: Skarmory\n|-damage|p2a: Skarmory|237\/334\n|-damage|p1a: Menace|286\/343 par|[from] item: Rocky Helmet|[of] p2a: Skarmory\n|\n|switch|p1a: Berta|Venusaur-Mega, F|100\/363\n|\n|turn|86\n|\n|move|p1a: Berta|Synthesis|p1a: Berta\n|-heal|p1a: Berta|281\/363\n|move|p2a: Skarmory|Brave Bird|p1a: Berta\n|-supereffective|p1a: Berta\n|-damage|p1a: Berta|155\/363\n|-damage|p2a: Skarmory|195\/334|[from] recoil|[of] p1a: Berta\n|\n|turn|87\n|\n|move|p1a: Berta|Leech Seed|p2a: Skarmory|[miss]\n|-miss|p1a: Berta|p2a: Skarmory\n|move|p2a: Skarmory|Spikes|p1a: Berta\n|-sidestart|p1: Ohmboy Tesla|Spikes\n|\n|turn|88\n|\n|move|p1a: Berta|Leech Seed|p2a: Skarmory\n|-start|p2a: Skarmory|move: Leech Seed\n|move|p2a: Skarmory|Brave Bird|p1a: Berta\n|-supereffective|p1a: Berta\n|-damage|p1a: Berta|15\/363\n|-damage|p2a: Skarmory|149\/334|[from] recoil|[of] p1a: Berta\n|\n|-damage|p2a: Skarmory|108\/334|[from] Leech Seed|[of] p1a: Berta\n|-heal|p1a: Berta|56\/363|[silent]\n|turn|89\n|\n|switch|p2a: Latias|Latias-Mega, F|158\/363\n|move|p1a: Berta|Synthesis|p1a: Berta\n|-heal|p1a: Berta|237\/363\n|\n|turn|90\n|\n|switch|p1a: no more tears|Togekiss, F|147\/373 par\n|move|p2a: Latias|Roost|p2a: Latias\n|-heal|p2a: Latias|340\/363\n|\n|turn|91\n|\n|switch|p2a: Chansey|Chansey, F|406\/642\n|switch|p1a: Berta|Venusaur-Mega, F|237\/363\n|-damage|p1a: Berta|192\/363|[from] Spikes\n|\n|turn|92\n|\n|move|p1a: Berta|Giga Drain|p2a: Chansey\n|-damage|p2a: Chansey|349\/642\n|-heal|p1a: Berta|221\/363|[from] drain|[of] p2a: Chansey\n|move|p2a: Chansey|Stealth Rock|p1a: Berta\n|-sidestart|p1: Ohmboy Tesla|move: Stealth Rock\n|\n|turn|93\n|\n|move|p1a: Berta|Sludge Bomb|p2a: Chansey\n|-damage|p2a: Chansey|286\/642\n|-status|p2a: Chansey|psn\n|move|p2a: Chansey|Seismic Toss|p1a: Berta\n|-damage|p1a: Berta|121\/363\n|\n|-damage|p2a: Chansey|206\/642 psn|[from] psn\n|turn|94\n|\n|switch|p2a: Latias|Latias-Mega, F|340\/363\n|move|p1a: Berta|Synthesis|p1a: Berta\n|-heal|p1a: Berta|302\/363\n|\n|turn|95\n|\n|move|p2a: Latias|Thunder Wave|p1a: Berta\n|-status|p1a: Berta|par\n|cant|p1a: Berta|par\n|\n|turn|96\n|\n|switch|p1a: Menace|Scizor, M|286\/343 par\n|-damage|p1a: Menace|244\/343 par|[from] Spikes\n|-damage|p1a: Menace|202\/343 par|[from] Stealth Rock\n|move|p2a: Latias|Psyshock|p1a: Menace\n|-resisted|p1a: Menace\n|-damage|p1a: Menace|137\/343 par\n|\n|-heal|p1a: Menace|158\/343 par|[from] item: Leftovers\n|turn|97\n|\n|switch|p2a: Gliscor|Gliscor, M|140\/352 tox\n|move|p1a: Menace|U-turn|p2a: Gliscor\n|-resisted|p2a: Gliscor\n|-damage|p2a: Gliscor|89\/352 tox\n|\n|switch|p1a: Berta|Venusaur-Mega, F|302\/363 par\n|-damage|p1a: Berta|257\/363 par|[from] Stealth Rock\n|-damage|p1a: Berta|212\/363 par|[from] Spikes\n|\n|-heal|p2a: Gliscor|133\/352 tox|[from] ability: Poison Heal\n|turn|98\n|\n|switch|p2a: Latias|Latias-Mega, F|340\/363\n|cant|p1a: Berta|par\n|\n|turn|99\n|\n|move|p2a: Latias|Psyshock|p1a: Berta\n|-supereffective|p1a: Berta\n|-damage|p1a: Berta|66\/363 par\n|move|p1a: Berta|Sludge Bomb|p2a: Latias\n|-damage|p2a: Latias|256\/363\n|\n|turn|100\n|-message|Ohmboy Tesla forfeited.\n|\n|win|KJ Corp\n|raw|Ladder updating...\n|leave|Ohmboy Tesla\n|player|p1\n|raw|Ohmboy Tesla's rating: 1366 &rarr; <strong>1350<\/strong><br \/>(-16 for losing)\n|raw|KJ Corp's rating: 1443 &rarr; <strong>1458<\/strong><br \/>(+15 for winning)","inputlog":null,"uploadtime":1429873981,"views":1,"p1id":"ohmboytesla","p2id":"kjcorp","formatid":"oususpecttest","rating":1350,"private":0,"password":null}