{"id":"oususpecttest-226999694","p1":"Bloody Sunday","p2":"Ohmboy Tesla","format":"oususpecttest","log":"|join|Bloody Sunday\n|join|Ohmboy Tesla\n|player|p1|Bloody Sunday|102\n|player|p2|Ohmboy Tesla|136\n|gametype|singles\n|gen|6\n|tier|OU (suspect test)\n|rated\n|clearpoke\n|poke|p1|Keldeo\n|poke|p1|Chansey, F\n|poke|p1|Skarmory, M\n|poke|p1|Heatran, M\n|poke|p1|Venusaur, F\n|poke|p1|Bisharp, M\n|poke|p2|Venusaur, F\n|poke|p2|Entei, shiny\n|poke|p2|Swampert, M\n|poke|p2|Hydreigon, F\n|poke|p2|Togekiss, F\n|poke|p2|Scizor, M\n|rule|Swagger Clause: Swagger is banned\n|rule|Baton Pass Clause: Limit one Pok\u00e9mon knowing Baton Pass\n|rule|Sleep Clause Mod: Limit one foe put to sleep\n|rule|Species Clause: Limit one of each Pok\u00e9mon\n|rule|OHKO Clause: OHKO moves are banned\n|rule|Moody Clause: Moody is banned\n|rule|Evasion Moves Clause: Evasion moves are banned\n|rule|Endless Battle Clause: Forcing endless battles is banned\n|rule|HP Percentage Mod: HP is shown in percentages\n|teampreview\n|\n|start\n|switch|p1a: Heatran|Heatran, M|340\/340\n|switch|p2a: Do You Even Liek|Swampert, M|401\/401\n|-item|p1a: Heatran|Air Balloon\n|turn|1\n|\n|switch|p2a: Rufus|Entei, shiny|386\/386\n|-ability|p2a: Rufus|Pressure\n|move|p1a: Heatran|Stealth Rock|p2a: Rufus\n|-sidestart|p2: Ohmboy Tesla|move: Stealth Rock\n|\n|turn|2\n|\n|move|p2a: Rufus|Iron Head|p1a: Heatran\n|-resisted|p1a: Heatran\n|-damage|p1a: Heatran|321\/340\n|-enditem|p1a: Heatran|Air Balloon\n|move|p1a: Heatran|Toxic|p2a: Rufus\n|-status|p2a: Rufus|tox\n|\n|-damage|p2a: Rufus|362\/386 tox|[from] psn\n|turn|3\n|\n|switch|p1a: Venusaur|Venusaur, F|364\/364\n|move|p2a: Rufus|Sacred Fire|p1a: Venusaur\n|-supereffective|p1a: Venusaur\n|-damage|p1a: Venusaur|82\/364\n|-status|p1a: Venusaur|brn\n|\n|-heal|p2a: Rufus|386\/386 tox|[from] item: Leftovers\n|-damage|p2a: Rufus|338\/386 tox|[from] psn\n|-damage|p1a: Venusaur|37\/364 brn|[from] brn\n|turn|4\n|\n|switch|p2a: Menace|Scizor, M|343\/343\n|-damage|p2a: Menace|301\/343|[from] Stealth Rock\n|switch|p1a: Chansey|Chansey, F|685\/685\n|\n|-heal|p2a: Menace|322\/343|[from] item: Leftovers\n|turn|5\n|\n|switch|p1a: Heatran|Heatran, M|321\/340\n|move|p2a: Menace|Defog|p1a: Heatran\n|-unboost|p1a: Heatran|evasion|1\n|-sideend|p2: Ohmboy Tesla|Stealth Rock|[from] move: Defog|[of] p2a: Menace\n|\n|-heal|p2a: Menace|343\/343|[from] item: Leftovers\n|turn|6\n|\n|switch|p2a: Rufus|Entei, shiny|338\/386 tox\n|-ability|p2a: Rufus|Pressure\n|move|p1a: Heatran|Stealth Rock|p2a: Rufus\n|-sidestart|p2: Ohmboy Tesla|move: Stealth Rock\n|\n|-heal|p2a: Rufus|362\/386 tox|[from] item: Leftovers\n|-damage|p2a: Rufus|338\/386 tox|[from] psn\n|turn|7\n|\n|switch|p1a: Chansey|Chansey, F|685\/685\n|move|p2a: Rufus|Bulldoze|p1a: Chansey\n|-damage|p1a: Chansey|586\/685\n|-unboost|p1a: Chansey|spe|1\n|\n|-heal|p2a: Rufus|362\/386 tox|[from] item: Leftovers\n|-damage|p2a: Rufus|314\/386 tox|[from] psn\n|turn|8\n|\n|move|p2a: Rufus|Sacred Fire|p1a: Chansey\n|-damage|p1a: Chansey|357\/685\n|move|p1a: Chansey|Aromatherapy|p1a: Chansey\n|-cureteam|p1a: Chansey|[from] move: Aromatherapy\n|\n|-heal|p2a: Rufus|338\/386 tox|[from] item: Leftovers\n|-damage|p2a: Rufus|266\/386 tox|[from] psn\n|turn|9\n|\n|move|p2a: Rufus|Sacred Fire|p1a: Chansey\n|-crit|p1a: Chansey\n|-damage|p1a: Chansey|0 fnt\n|faint|p1a: Chansey\n|\n|-heal|p2a: Rufus|290\/386 tox|[from] item: Leftovers\n|-damage|p2a: Rufus|194\/386 tox|[from] psn\n|\n|switch|p1a: Keldeo|Keldeo|323\/323\n|turn|10\n|\n|switch|p2a: no more tears|Togekiss, F|373\/373\n|-damage|p2a: no more tears|280\/373|[from] Stealth Rock\n|move|p1a: Keldeo|Scald|p2a: no more tears\n|-damage|p2a: no more tears|192\/373\n|-status|p2a: no more tears|brn\n|\n|-heal|p2a: no more tears|215\/373 brn|[from] item: Leftovers\n|-damage|p2a: no more tears|169\/373 brn|[from] brn\n|turn|11\n|\n|move|p1a: Keldeo|Substitute|p1a: Keldeo\n|-start|p1a: Keldeo|Substitute\n|-damage|p1a: Keldeo|243\/323\n|move|p2a: no more tears|Thunder Wave|p1a: Keldeo\n|-fail|p1a: Keldeo\n|\n|-heal|p1a: Keldeo|263\/323|[from] item: Leftovers\n|-heal|p2a: no more tears|192\/373 brn|[from] item: Leftovers\n|-damage|p2a: no more tears|146\/373 brn|[from] brn\n|turn|12\n|join|CleanerThanRotom-W\n|\n|move|p1a: Keldeo|Scald|p2a: no more tears\n|-damage|p2a: no more tears|53\/373 brn\n|move|p2a: no more tears|Roost|p2a: no more tears\n|-heal|p2a: no more tears|240\/373 brn\n|\n|-heal|p1a: Keldeo|283\/323|[from] item: Leftovers\n|-heal|p2a: no more tears|263\/373 brn|[from] item: Leftovers\n|-damage|p2a: no more tears|217\/373 brn|[from] brn\n|turn|13\n|c|\u2605Bloody Sunday|welcome to the hax party cleaner\n|\n|move|p1a: Keldeo|Calm Mind|p1a: Keldeo\n|-boost|p1a: Keldeo|spa|1\n|-boost|p1a: Keldeo|spd|1\n|move|p2a: no more tears|Dazzling Gleam|p1a: Keldeo\n|-supereffective|p1a: Keldeo\n|-end|p1a: Keldeo|Substitute\n|\n|-heal|p1a: Keldeo|303\/323|[from] item: Leftovers\n|-heal|p2a: no more tears|240\/373 brn|[from] item: Leftovers\n|-damage|p2a: no more tears|194\/373 brn|[from] brn\n|turn|14\n|c| CleanerThanRotom-W|hi\n|c|\u2605Ohmboy Tesla|so, I might be mistaken\n|c|\u2605Ohmboy Tesla|but arent you the guy\/girl on top of the regular OU ladder?\n|\n|move|p1a: Keldeo|Substitute|p1a: Keldeo\n|-start|p1a: Keldeo|Substitute\n|-damage|p1a: Keldeo|223\/323\n|move|p2a: no more tears|Dazzling Gleam|p1a: Keldeo\n|-supereffective|p1a: Keldeo\n|-end|p1a: Keldeo|Substitute\n|\n|-heal|p1a: Keldeo|243\/323|[from] item: Leftovers\n|-heal|p2a: no more tears|217\/373 brn|[from] item: Leftovers\n|-damage|p2a: no more tears|171\/373 brn|[from] brn\n|turn|15\n|c|\u2605Bloody Sunday|nice gxe\n|\n|move|p1a: Keldeo|Scald|p2a: no more tears\n|-damage|p2a: no more tears|42\/373 brn\n|move|p2a: no more tears|Dazzling Gleam|p1a: Keldeo\n|-supereffective|p1a: Keldeo\n|-damage|p1a: Keldeo|75\/323\n|\n|-heal|p1a: Keldeo|95\/323|[from] item: Leftovers\n|-heal|p2a: no more tears|65\/373 brn|[from] item: Leftovers\n|-damage|p2a: no more tears|19\/373 brn|[from] brn\n|turn|16\n|c|\u2605Ohmboy Tesla|me?\n|c| CleanerThanRotom-W|thanks bloody sunday\n|\n|move|p1a: Keldeo|Scald|p2a: no more tears\n|-damage|p2a: no more tears|0 fnt\n|faint|p2a: no more tears\n|\n|-heal|p1a: Keldeo|115\/323|[from] item: Leftovers\n|\n|switch|p2a: Berta|Venusaur, F|363\/363\n|-damage|p2a: Berta|318\/363|[from] Stealth Rock\n|turn|17\n|\n|switch|p1a: Heatran|Heatran, M|321\/340\n|detailschange|p2a: Berta|Venusaur-Mega, F\n|-mega|p2a: Berta|Venusaur|Venusaurite\n|move|p2a: Berta|Giga Drain|p1a: Heatran\n|-resisted|p1a: Heatran\n|-damage|p1a: Heatran|298\/340\n|-heal|p2a: Berta|330\/363|[from] drain|[of] p1a: Heatran\n|\n|turn|18\n|\n|move|p1a: Heatran|Fire Blast|p2a: Berta\n|-crit|p2a: Berta\n|-supereffective|p2a: Berta\n|-damage|p2a: Berta|130\/363\n|move|p2a: Berta|Leech Seed|p1a: Heatran\n|-start|p1a: Heatran|move: Leech Seed\n|\n|-damage|p1a: Heatran|256\/340|[from] Leech Seed|[of] p2a: Berta\n|-heal|p2a: Berta|172\/363|[silent]\n|turn|19\n|\n|move|p1a: Heatran|Taunt|p2a: Berta\n|-start|p2a: Berta|move: Taunt\n|cant|p2a: Berta|move: Taunt|Synthesis\n|\n|-damage|p1a: Heatran|214\/340|[from] Leech Seed|[of] p2a: Berta\n|-heal|p2a: Berta|214\/363|[silent]\n|turn|20\n|\n|switch|p1a: Skarmory|Skarmory, M|334\/334\n|switch|p2a: Do You Even Liek|Swampert, M|401\/401\n|-damage|p2a: Do You Even Liek|376\/401|[from] Stealth Rock\n|\n|-heal|p2a: Do You Even Liek|401\/401|[from] item: Leftovers\n|turn|21\n|\n|switch|p1a: Venusaur|Venusaur, F|37\/364\n|move|p2a: Do You Even Liek|Stealth Rock|p1a: Venusaur\n|-sidestart|p1: Bloody Sunday|move: Stealth Rock\n|\n|turn|22\n|join|Teclis\n|\n|switch|p2a: Menace|Scizor, M|343\/343\n|-damage|p2a: Menace|301\/343|[from] Stealth Rock\n|detailschange|p1a: Venusaur|Venusaur-Mega, F\n|-mega|p1a: Venusaur|Venusaur|Venusaurite\n|move|p1a: Venusaur|Synthesis|p1a: Venusaur\n|-heal|p1a: Venusaur|219\/364\n|\n|-heal|p2a: Menace|322\/343|[from] item: Leftovers\n|turn|23\n|join|HellfireNJNP\n|\n|move|p1a: Venusaur|Hidden Power|p2a: Menace\n|-supereffective|p2a: Menace\n|-damage|p2a: Menace|98\/343\n|move|p2a: Menace|U-turn|p1a: Venusaur\n|-damage|p1a: Venusaur|144\/364\n|\n|switch|p2a: Precious|Hydreigon, F|349\/349\n|-damage|p2a: Precious|306\/349|[from] Stealth Rock\n|\n|turn|24\n|\n|switch|p1a: Heatran|Heatran, M|214\/340\n|-damage|p1a: Heatran|172\/340|[from] Stealth Rock\n|move|p2a: Precious|Dark Pulse|p1a: Heatran\n|-damage|p1a: Heatran|33\/340\n|\n|turn|25\n|\n|move|p2a: Precious|Dark Pulse|p1a: Heatran\n|-damage|p1a: Heatran|0 fnt\n|faint|p1a: Heatran\n|\n|\n|switch|p1a: Keldeo|Keldeo|115\/323\n|-damage|p1a: Keldeo|95\/323|[from] Stealth Rock\n|turn|26\n|\n|switch|p2a: Menace|Scizor, M|98\/343\n|-damage|p2a: Menace|56\/343|[from] Stealth Rock\n|move|p1a: Keldeo|Secret Sword|p2a: Menace\n|-damage|p2a: Menace|0 fnt\n|faint|p2a: Menace\n|\n|-heal|p1a: Keldeo|115\/323|[from] item: Leftovers\n|\n|switch|p2a: Do You Even Liek|Swampert, M|401\/401\n|-damage|p2a: Do You Even Liek|376\/401|[from] Stealth Rock\n|turn|27\n|\n|switch|p1a: Venusaur|Venusaur-Mega, F|144\/364\n|-damage|p1a: Venusaur|99\/364|[from] Stealth Rock\n|move|p2a: Do You Even Liek|Earthquake|p1a: Venusaur\n|-damage|p1a: Venusaur|14\/364\n|\n|-heal|p2a: Do You Even Liek|401\/401|[from] item: Leftovers\n|turn|28\n|leave|Teclis\n|\n|switch|p2a: Berta|Venusaur-Mega, F|214\/363\n|-damage|p2a: Berta|169\/363|[from] Stealth Rock\n|move|p1a: Venusaur|Synthesis|p1a: Venusaur\n|-heal|p1a: Venusaur|196\/364\n|\n|turn|29\n|\n|move|p2a: Berta|Sludge Bomb|p1a: Venusaur\n|-damage|p1a: Venusaur|91\/364\n|move|p1a: Venusaur|Synthesis|p1a: Venusaur\n|-heal|p1a: Venusaur|273\/364\n|\n|turn|30\n|\n|switch|p1a: Skarmory|Skarmory, M|334\/334\n|-damage|p1a: Skarmory|293\/334|[from] Stealth Rock\n|move|p2a: Berta|Synthesis|p2a: Berta\n|-heal|p2a: Berta|350\/363\n|\n|turn|31\n|join|gira-a for ou\n|\n|move|p2a: Berta|Leech Seed|p1a: Skarmory\n|-start|p1a: Skarmory|move: Leech Seed\n|move|p1a: Skarmory|Spikes|p2a: Berta\n|-sidestart|p2: Ohmboy Tesla|Spikes\n|\n|-damage|p1a: Skarmory|252\/334|[from] Leech Seed|[of] p2a: Berta\n|-heal|p2a: Berta|363\/363|[silent]\n|turn|32\n|\n|switch|p2a: Rufus|Entei, shiny|194\/386 tox\n|-damage|p2a: Rufus|146\/386 tox|[from] Spikes\n|-damage|p2a: Rufus|50\/386 tox|[from] Stealth Rock\n|-ability|p2a: Rufus|Pressure\n|switch|p1a: Venusaur|Venusaur-Mega, F|273\/364\n|-damage|p1a: Venusaur|228\/364|[from] Stealth Rock\n|\n|-heal|p2a: Rufus|74\/386 tox|[from] item: Leftovers\n|-damage|p2a: Rufus|50\/386 tox|[from] psn\n|turn|33\n|\n|move|p2a: Rufus|Sacred Fire|p1a: Venusaur\n|-supereffective|p1a: Venusaur\n|-damage|p1a: Venusaur|108\/364\n|-status|p1a: Venusaur|brn\n|move|p1a: Venusaur|Synthesis|p1a: Venusaur\n|-heal|p1a: Venusaur|290\/364 brn\n|\n|-heal|p2a: Rufus|74\/386 tox|[from] item: Leftovers\n|-damage|p2a: Rufus|26\/386 tox|[from] psn\n|-damage|p1a: Venusaur|245\/364 brn|[from] brn\n|turn|34\n|\n|move|p2a: Rufus|Sacred Fire|p1a: Venusaur\n|-supereffective|p1a: Venusaur\n|-damage|p1a: Venusaur|129\/364 brn\n|move|p1a: Venusaur|Synthesis|p1a: Venusaur\n|-heal|p1a: Venusaur|311\/364 brn\n|\n|-heal|p2a: Rufus|50\/386 tox|[from] item: Leftovers\n|-damage|p2a: Rufus|0 fnt|[from] psn\n|-damage|p1a: Venusaur|266\/364 brn|[from] brn\n|faint|p2a: Rufus\n|\n|switch|p2a: Berta|Venusaur-Mega, F|363\/363\n|-damage|p2a: Berta|318\/363|[from] Stealth Rock\n|-damage|p2a: Berta|273\/363|[from] Spikes\n|turn|35\n|\n|switch|p1a: Skarmory|Skarmory, M|252\/334\n|-damage|p1a: Skarmory|211\/334|[from] Stealth Rock\n|move|p2a: Berta|Sludge Bomb|p1a: Skarmory\n|-immune|p1a: Skarmory|[msg]\n|\n|turn|36\n|\n|move|p2a: Berta|Leech Seed|p1a: Skarmory\n|-start|p1a: Skarmory|move: Leech Seed\n|move|p1a: Skarmory|Spikes|p2a: Berta\n|-sidestart|p2: Ohmboy Tesla|Spikes\n|\n|-damage|p1a: Skarmory|170\/334|[from] Leech Seed|[of] p2a: Berta\n|-heal|p2a: Berta|314\/363|[silent]\n|turn|37\n|\n|move|p2a: Berta|Giga Drain|p1a: Skarmory\n|-resisted|p1a: Skarmory\n|-damage|p1a: Skarmory|142\/334\n|-heal|p2a: Berta|328\/363|[from] drain|[of] p1a: Skarmory\n|move|p1a: Skarmory|Roost|p1a: Skarmory\n|-heal|p1a: Skarmory|309\/334\n|\n|-damage|p1a: Skarmory|268\/334|[from] Leech Seed|[of] p2a: Berta\n|-heal|p2a: Berta|363\/363|[silent]\n|turn|38\n|\n|move|p2a: Berta|Leech Seed|p1a: Skarmory\n|-fail|p1a: Skarmory\n|move|p1a: Skarmory|Spikes|p2a: Berta\n|-sidestart|p2: Ohmboy Tesla|Spikes\n|\n|-damage|p1a: Skarmory|227\/334|[from] Leech Seed|[of] p2a: Berta\n|turn|39\n|\n|switch|p1a: Venusaur|Venusaur-Mega, F|266\/364 brn\n|-damage|p1a: Venusaur|221\/364 brn|[from] Stealth Rock\n|move|p2a: Berta|Sludge Bomb|p1a: Venusaur\n|-damage|p1a: Venusaur|116\/364 brn\n|\n|-damage|p1a: Venusaur|71\/364 brn|[from] brn\n|turn|40\n|\n|move|p2a: Berta|Sludge Bomb|p1a: Venusaur\n|-damage|p1a: Venusaur|0 fnt\n|faint|p1a: Venusaur\n|\n|\n|switch|p1a: Bisharp|Bisharp, M|334\/334\n|-damage|p1a: Bisharp|314\/334|[from] Stealth Rock\n|turn|41\n|\n|move|p2a: Berta|Leech Seed|p1a: Bisharp\n|-start|p1a: Bisharp|move: Leech Seed\n|move|p1a: Bisharp|Swords Dance|p1a: Bisharp\n|-boost|p1a: Bisharp|atk|2\n|\n|-heal|p1a: Bisharp|334\/334|[from] item: Leftovers\n|-damage|p1a: Bisharp|293\/334|[from] Leech Seed|[of] p2a: Berta\n|turn|42\n|\n|move|p2a: Berta|Giga Drain|p1a: Bisharp\n|-resisted|p1a: Bisharp\n|-damage|p1a: Bisharp|228\/334\n|move|p1a: Bisharp|Swords Dance|p1a: Bisharp\n|-boost|p1a: Bisharp|atk|2\n|\n|-heal|p1a: Bisharp|248\/334|[from] item: Leftovers\n|-damage|p1a: Bisharp|207\/334|[from] Leech Seed|[of] p2a: Berta\n|turn|43\n|\n|switch|p2a: Do You Even Liek|Swampert, M|401\/401\n|-damage|p2a: Do You Even Liek|301\/401|[from] Spikes\n|-damage|p2a: Do You Even Liek|276\/401|[from] Stealth Rock\n|move|p1a: Bisharp|Iron Head|p2a: Do You Even Liek\n|-resisted|p2a: Do You Even Liek\n|-damage|p2a: Do You Even Liek|107\/401\n|\n|-heal|p1a: Bisharp|227\/334|[from] item: Leftovers\n|-heal|p2a: Do You Even Liek|132\/401|[from] item: Leftovers\n|-damage|p1a: Bisharp|186\/334|[from] Leech Seed|[of] p2a: Do You Even Liek\n|-heal|p2a: Do You Even Liek|173\/401|[silent]\n|turn|44\n|\n|move|p1a: Bisharp|Sucker Punch|p2a: Do You Even Liek\n|-damage|p2a: Do You Even Liek|0 fnt\n|faint|p2a: Do You Even Liek\n|\n|-heal|p1a: Bisharp|206\/334|[from] item: Leftovers\n|\n|switch|p2a: Precious|Hydreigon, F|306\/349\n|-damage|p2a: Precious|263\/349|[from] Stealth Rock\n|turn|45\n|\n|move|p1a: Bisharp|Sucker Punch|p2a: Precious\n|-resisted|p2a: Precious\n|-damage|p2a: Precious|16\/349\n|move|p2a: Precious|Flamethrower|p1a: Bisharp\n|-supereffective|p1a: Bisharp\n|-damage|p1a: Bisharp|0 fnt\n|faint|p1a: Bisharp\n|\n|\n|switch|p1a: Keldeo|Keldeo|115\/323\n|-damage|p1a: Keldeo|95\/323|[from] Stealth Rock\n|turn|46\n|\n|move|p2a: Precious|Flamethrower|p1a: Keldeo\n|-resisted|p1a: Keldeo\n|-damage|p1a: Keldeo|30\/323\n|move|p1a: Keldeo|Scald|p2a: Precious\n|-resisted|p2a: Precious\n|-damage|p2a: Precious|0 fnt\n|faint|p2a: Precious\n|\n|-heal|p1a: Keldeo|50\/323|[from] item: Leftovers\n|\n|switch|p2a: Berta|Venusaur-Mega, F|363\/363\n|-damage|p2a: Berta|273\/363|[from] Spikes\n|-damage|p2a: Berta|228\/363|[from] Stealth Rock\n|turn|47\n|\n|move|p1a: Keldeo|Scald|p2a: Berta\n|-resisted|p2a: Berta\n|-damage|p2a: Berta|170\/363\n|move|p2a: Berta|Giga Drain|p1a: Keldeo\n|-supereffective|p1a: Keldeo\n|-damage|p1a: Keldeo|0 fnt\n|-heal|p2a: Berta|195\/363|[from] drain|[of] p1a: Keldeo\n|faint|p1a: Keldeo\n|\n|\n|switch|p1a: Skarmory|Skarmory, M|227\/334\n|-damage|p1a: Skarmory|186\/334|[from] Stealth Rock\n|turn|48\n|\n|move|p2a: Berta|Leech Seed|p1a: Skarmory\n|-start|p1a: Skarmory|move: Leech Seed\n|move|p1a: Skarmory|Brave Bird|p2a: Berta\n|-supereffective|p2a: Berta\n|-damage|p2a: Berta|33\/363\n|-damage|p1a: Skarmory|133\/334|[from] recoil|[of] p2a: Berta\n|\n|-damage|p1a: Skarmory|92\/334|[from] Leech Seed|[of] p2a: Berta\n|-heal|p2a: Berta|74\/363|[silent]\n|turn|49\n|\n|move|p2a: Berta|Synthesis|p2a: Berta\n|-heal|p2a: Berta|255\/363\n|move|p1a: Skarmory|Roost|p1a: Skarmory\n|-heal|p1a: Skarmory|259\/334\n|\n|-damage|p1a: Skarmory|218\/334|[from] Leech Seed|[of] p2a: Berta\n|-heal|p2a: Berta|296\/363|[silent]\n|turn|50\n|\n|move|p2a: Berta|Giga Drain|p1a: Skarmory\n|-resisted|p1a: Skarmory\n|-damage|p1a: Skarmory|192\/334\n|-heal|p2a: Berta|309\/363|[from] drain|[of] p1a: Skarmory\n|move|p1a: Skarmory|Roost|p1a: Skarmory\n|-heal|p1a: Skarmory|334\/334\n|\n|-damage|p1a: Skarmory|293\/334|[from] Leech Seed|[of] p2a: Berta\n|-heal|p2a: Berta|350\/363|[silent]\n|turn|51\n|\n|move|p2a: Berta|Sludge Bomb|p1a: Skarmory\n|-immune|p1a: Skarmory|[msg]\n|move|p1a: Skarmory|Spikes|p2a: Berta\n|-fail|p2a: Berta\n|\n|-damage|p1a: Skarmory|252\/334|[from] Leech Seed|[of] p2a: Berta\n|-heal|p2a: Berta|363\/363|[silent]\n|turn|52\n|\n|move|p2a: Berta|Leech Seed|p1a: Skarmory|[miss]\n|-miss|p2a: Berta|p1a: Skarmory\n|move|p1a: Skarmory|Spikes|p2a: Berta\n|-fail|p2a: Berta\n|\n|-damage|p1a: Skarmory|211\/334|[from] Leech Seed|[of] p2a: Berta\n|turn|53\n|\n|move|p2a: Berta|Giga Drain|p1a: Skarmory\n|-resisted|p1a: Skarmory\n|-damage|p1a: Skarmory|182\/334\n|move|p1a: Skarmory|Spikes|p2a: Berta\n|-fail|p2a: Berta\n|\n|-damage|p1a: Skarmory|141\/334|[from] Leech Seed|[of] p2a: Berta\n|turn|54\n|\n|move|p2a: Berta|Leech Seed|p1a: Skarmory\n|-fail|p1a: Skarmory\n|move|p1a: Skarmory|Roost|p1a: Skarmory\n|-heal|p1a: Skarmory|308\/334\n|\n|-damage|p1a: Skarmory|267\/334|[from] Leech Seed|[of] p2a: Berta\n|turn|55\n|\n|move|p2a: Berta|Leech Seed|p1a: Skarmory\n|-fail|p1a: Skarmory\n|move|p1a: Skarmory|Spikes|p2a: Berta\n|-fail|p2a: Berta\n|\n|-damage|p1a: Skarmory|226\/334|[from] Leech Seed|[of] p2a: Berta\n|turn|56\n|\n|move|p2a: Berta|Leech Seed|p1a: Skarmory\n|-fail|p1a: Skarmory\n|move|p1a: Skarmory|Spikes|p2a: Berta\n|-fail|p2a: Berta\n|\n|-damage|p1a: Skarmory|185\/334|[from] Leech Seed|[of] p2a: Berta\n|turn|57\n|\n|move|p2a: Berta|Leech Seed|p1a: Skarmory\n|-fail|p1a: Skarmory\n|move|p1a: Skarmory|Spikes|p2a: Berta\n|-fail|p2a: Berta\n|\n|-damage|p1a: Skarmory|144\/334|[from] Leech Seed|[of] p2a: Berta\n|turn|58\n|\n|move|p2a: Berta|Giga Drain|p1a: Skarmory\n|-resisted|p1a: Skarmory\n|-damage|p1a: Skarmory|118\/334\n|move|p1a: Skarmory|Roost|p1a: Skarmory\n|-heal|p1a: Skarmory|285\/334\n|\n|-damage|p1a: Skarmory|244\/334|[from] Leech Seed|[of] p2a: Berta\n|turn|59\n|\n|move|p2a: Berta|Leech Seed|p1a: Skarmory\n|-fail|p1a: Skarmory\n|move|p1a: Skarmory|Spikes|p2a: Berta\n|-fail|p2a: Berta\n|\n|-damage|p1a: Skarmory|203\/334|[from] Leech Seed|[of] p2a: Berta\n|turn|60\n|\n|move|p2a: Berta|Leech Seed|p1a: Skarmory\n|-fail|p1a: Skarmory\n|move|p1a: Skarmory|Spikes|p2a: Berta\n|-fail|p2a: Berta\n|\n|-damage|p1a: Skarmory|162\/334|[from] Leech Seed|[of] p2a: Berta\n|turn|61\n|\n|move|p2a: Berta|Giga Drain|p1a: Skarmory\n|-resisted|p1a: Skarmory\n|-damage|p1a: Skarmory|134\/334\n|move|p1a: Skarmory|Spikes|p2a: Berta\n|-fail|p2a: Berta\n|\n|-damage|p1a: Skarmory|93\/334|[from] Leech Seed|[of] p2a: Berta\n|turn|62\n|\n|move|p2a: Berta|Giga Drain|p1a: Skarmory\n|-crit|p1a: Skarmory\n|-resisted|p1a: Skarmory\n|-damage|p1a: Skarmory|54\/334\n|move|p1a: Skarmory|Roost|p1a: Skarmory\n|-heal|p1a: Skarmory|221\/334\n|\n|-damage|p1a: Skarmory|180\/334|[from] Leech Seed|[of] p2a: Berta\n|turn|63\n|\n|move|p2a: Berta|Leech Seed|p1a: Skarmory\n|-fail|p1a: Skarmory\n|move|p1a: Skarmory|Spikes|p2a: Berta\n|-fail|p2a: Berta\n|\n|-damage|p1a: Skarmory|139\/334|[from] Leech Seed|[of] p2a: Berta\n|turn|64\n|\n|move|p2a: Berta|Leech Seed|p1a: Skarmory\n|-fail|p1a: Skarmory\n|move|p1a: Skarmory|Roost|p1a: Skarmory\n|-heal|p1a: Skarmory|306\/334\n|\n|-damage|p1a: Skarmory|265\/334|[from] Leech Seed|[of] p2a: Berta\n|turn|65\n|\n|move|p2a: Berta|Leech Seed|p1a: Skarmory\n|-fail|p1a: Skarmory\n|move|p1a: Skarmory|Spikes|p2a: Berta\n|-fail|p2a: Berta\n|\n|-damage|p1a: Skarmory|224\/334|[from] Leech Seed|[of] p2a: Berta\n|turn|66\n|\n|move|p2a: Berta|Sludge Bomb|p1a: Skarmory\n|-immune|p1a: Skarmory|[msg]\n|move|p1a: Skarmory|Whirlwind|p2a: Berta\n|-fail|p2a: Berta\n|\n|-damage|p1a: Skarmory|183\/334|[from] Leech Seed|[of] p2a: Berta\n|turn|67\n|\n|move|p2a: Berta|Sludge Bomb|p1a: Skarmory\n|-immune|p1a: Skarmory|[msg]\n|move|p1a: Skarmory|Whirlwind|p2a: Berta\n|-fail|p2a: Berta\n|\n|-damage|p1a: Skarmory|142\/334|[from] Leech Seed|[of] p2a: Berta\n|turn|68\n|\n|move|p2a: Berta|Sludge Bomb|p1a: Skarmory\n|-immune|p1a: Skarmory|[msg]\n|move|p1a: Skarmory|Roost|p1a: Skarmory\n|-heal|p1a: Skarmory|309\/334\n|\n|-damage|p1a: Skarmory|268\/334|[from] Leech Seed|[of] p2a: Berta\n|turn|69\n|\n|move|p2a: Berta|Sludge Bomb|p1a: Skarmory\n|-immune|p1a: Skarmory|[msg]\n|move|p1a: Skarmory|Spikes|p2a: Berta\n|-fail|p2a: Berta\n|\n|-damage|p1a: Skarmory|227\/334|[from] Leech Seed|[of] p2a: Berta\n|turn|70\n|join|Void\n|\n|move|p2a: Berta|Sludge Bomb|p1a: Skarmory\n|-immune|p1a: Skarmory|[msg]\n|move|p1a: Skarmory|Spikes|p2a: Berta\n|-fail|p2a: Berta\n|\n|-damage|p1a: Skarmory|186\/334|[from] Leech Seed|[of] p2a: Berta\n|turn|71\n|\n|move|p2a: Berta|Sludge Bomb|p1a: Skarmory\n|-immune|p1a: Skarmory|[msg]\n|move|p1a: Skarmory|Spikes|p2a: Berta\n|-fail|p2a: Berta\n|\n|-damage|p1a: Skarmory|145\/334|[from] Leech Seed|[of] p2a: Berta\n|turn|72\n|\n|move|p2a: Berta|Sludge Bomb|p1a: Skarmory\n|-immune|p1a: Skarmory|[msg]\n|move|p1a: Skarmory|Roost|p1a: Skarmory\n|-heal|p1a: Skarmory|312\/334\n|\n|-damage|p1a: Skarmory|271\/334|[from] Leech Seed|[of] p2a: Berta\n|turn|73\n|\n|move|p2a: Berta|Sludge Bomb|p1a: Skarmory\n|-immune|p1a: Skarmory|[msg]\n|move|p1a: Skarmory|Spikes|p2a: Berta\n|-fail|p2a: Berta\n|\n|-damage|p1a: Skarmory|230\/334|[from] Leech Seed|[of] p2a: Berta\n|turn|74\n|\n|move|p2a: Berta|Sludge Bomb|p1a: Skarmory\n|-immune|p1a: Skarmory|[msg]\n|move|p1a: Skarmory|Spikes|p2a: Berta\n|-fail|p2a: Berta\n|\n|-damage|p1a: Skarmory|189\/334|[from] Leech Seed|[of] p2a: Berta\n|turn|75\n|\n|move|p2a: Berta|Sludge Bomb|p1a: Skarmory\n|-immune|p1a: Skarmory|[msg]\n|move|p1a: Skarmory|Spikes|p2a: Berta\n|-fail|p2a: Berta\n|\n|-damage|p1a: Skarmory|148\/334|[from] Leech Seed|[of] p2a: Berta\n|turn|76\n|\n|move|p2a: Berta|Sludge Bomb|p1a: Skarmory\n|-immune|p1a: Skarmory|[msg]\n|move|p1a: Skarmory|Roost|p1a: Skarmory\n|-heal|p1a: Skarmory|315\/334\n|\n|-damage|p1a: Skarmory|274\/334|[from] Leech Seed|[of] p2a: Berta\n|turn|77\n|\n|move|p2a: Berta|Giga Drain|p1a: Skarmory\n|-resisted|p1a: Skarmory\n|-damage|p1a: Skarmory|244\/334\n|move|p1a: Skarmory|Spikes|p2a: Berta\n|-fail|p2a: Berta\n|\n|-damage|p1a: Skarmory|203\/334|[from] Leech Seed|[of] p2a: Berta\n|turn|78\n|\n|move|p2a: Berta|Giga Drain|p1a: Skarmory\n|-resisted|p1a: Skarmory\n|-damage|p1a: Skarmory|176\/334\n|move|p1a: Skarmory|Spikes|p2a: Berta\n|-fail|p2a: Berta\n|\n|-damage|p1a: Skarmory|135\/334|[from] Leech Seed|[of] p2a: Berta\n|turn|79\n|leave|Void\n|\n|move|p2a: Berta|Giga Drain|p1a: Skarmory\n|-resisted|p1a: Skarmory\n|-damage|p1a: Skarmory|105\/334\n|move|p1a: Skarmory|Roost|p1a: Skarmory\n|-heal|p1a: Skarmory|272\/334\n|\n|-damage|p1a: Skarmory|231\/334|[from] Leech Seed|[of] p2a: Berta\n|turn|80\n|\n|move|p2a: Berta|Giga Drain|p1a: Skarmory\n|-resisted|p1a: Skarmory\n|-damage|p1a: Skarmory|205\/334\n|move|p1a: Skarmory|Spikes|p2a: Berta\n|-fail|p2a: Berta\n|\n|-damage|p1a: Skarmory|164\/334|[from] Leech Seed|[of] p2a: Berta\n|turn|81\n|\n|move|p2a: Berta|Giga Drain|p1a: Skarmory\n|-resisted|p1a: Skarmory\n|-damage|p1a: Skarmory|135\/334\n|move|p1a: Skarmory|Roost|p1a: Skarmory\n|-heal|p1a: Skarmory|302\/334\n|\n|-damage|p1a: Skarmory|261\/334|[from] Leech Seed|[of] p2a: Berta\n|turn|82\n|\n|move|p2a: Berta|Giga Drain|p1a: Skarmory\n|-resisted|p1a: Skarmory\n|-damage|p1a: Skarmory|233\/334\n|move|p1a: Skarmory|Spikes|p2a: Berta\n|-fail|p2a: Berta\n|\n|-damage|p1a: Skarmory|192\/334|[from] Leech Seed|[of] p2a: Berta\n|turn|83\n|\n|move|p2a: Berta|Giga Drain|p1a: Skarmory\n|-crit|p1a: Skarmory\n|-resisted|p1a: Skarmory\n|-damage|p1a: Skarmory|151\/334\n|move|p1a: Skarmory|Spikes|p2a: Berta\n|-fail|p2a: Berta\n|\n|-damage|p1a: Skarmory|110\/334|[from] Leech Seed|[of] p2a: Berta\n|turn|84\n|join|str8tothetopshit\n|\n|move|p2a: Berta|Synthesis|p2a: Berta\n|move|p1a: Skarmory|Roost|p1a: Skarmory\n|-heal|p1a: Skarmory|277\/334\n|\n|-damage|p1a: Skarmory|236\/334|[from] Leech Seed|[of] p2a: Berta\n|turn|85\n|\n|move|p2a: Berta|Synthesis|p2a: Berta\n|move|p1a: Skarmory|Spikes|p2a: Berta\n|-fail|p2a: Berta\n|\n|-damage|p1a: Skarmory|195\/334|[from] Leech Seed|[of] p2a: Berta\n|turn|86\n|\n|move|p2a: Berta|Synthesis|p2a: Berta\n|move|p1a: Skarmory|Spikes|p2a: Berta\n|-fail|p2a: Berta\n|\n|-damage|p1a: Skarmory|154\/334|[from] Leech Seed|[of] p2a: Berta\n|turn|87\n|c|\u2605Ohmboy Tesla|I Always found that pp was one of Venu's weak points\n|\n|move|p2a: Berta|Synthesis|p2a: Berta\n|move|p1a: Skarmory|Spikes|p2a: Berta\n|-fail|p2a: Berta\n|\n|-damage|p1a: Skarmory|113\/334|[from] Leech Seed|[of] p2a: Berta\n|turn|88\n|\n|move|p2a: Berta|Synthesis|p2a: Berta\n|move|p1a: Skarmory|Roost|p1a: Skarmory\n|-heal|p1a: Skarmory|280\/334\n|\n|-damage|p1a: Skarmory|239\/334|[from] Leech Seed|[of] p2a: Berta\n|turn|89\n|\n|move|p2a: Berta|Synthesis|p2a: Berta\n|move|p1a: Skarmory|Spikes|p2a: Berta\n|-fail|p2a: Berta\n|\n|-damage|p1a: Skarmory|198\/334|[from] Leech Seed|[of] p2a: Berta\n|turn|90\n|\n|-activate|p2a: Berta|move: Struggle\n|move|p2a: Berta|Struggle|p1a: Skarmory\n|-damage|p1a: Skarmory|178\/334\n|-damage|p2a: Berta|303\/363|[from] item: Rocky Helmet|[of] p1a: Skarmory\n|-damage|p2a: Berta|213\/363|[from] recoil\n|move|p1a: Skarmory|Spikes|p2a: Berta\n|-fail|p2a: Berta\n|\n|-damage|p1a: Skarmory|137\/334|[from] Leech Seed|[of] p2a: Berta\n|-heal|p2a: Berta|254\/363|[silent]\n|turn|91\n|join|Lockheeed\n|\n|-activate|p2a: Berta|move: Struggle\n|move|p2a: Berta|Struggle|p1a: Skarmory\n|-damage|p1a: Skarmory|118\/334\n|-damage|p2a: Berta|194\/363|[from] item: Rocky Helmet|[of] p1a: Skarmory\n|-damage|p2a: Berta|104\/363|[from] recoil\n|move|p1a: Skarmory|Roost|p1a: Skarmory\n|-heal|p1a: Skarmory|285\/334\n|\n|-damage|p1a: Skarmory|244\/334|[from] Leech Seed|[of] p2a: Berta\n|-heal|p2a: Berta|145\/363|[silent]\n|turn|92\n|c|\u2605Ohmboy Tesla|gg\n|c|\u2605Bloody Sunday|gg\n|\n|-activate|p2a: Berta|move: Struggle\n|move|p2a: Berta|Struggle|p1a: Skarmory\n|-damage|p1a: Skarmory|222\/334\n|-damage|p2a: Berta|85\/363|[from] item: Rocky Helmet|[of] p1a: Skarmory\n|-damage|p2a: Berta|0 fnt|[from] recoil\n|faint|p2a: Berta\n|\n|win|Bloody Sunday\n|raw|Ladder updating...\n|raw|Bloody Sunday's rating: 1347 &rarr; <strong>1367<\/strong><br \/>(+20 for winning)\n|raw|Ohmboy Tesla's rating: 1355 &rarr; <strong>1335<\/strong><br \/>(-20 for losing)","inputlog":null,"uploadtime":1429713971,"views":1,"p1id":"bloodysunday","p2id":"ohmboytesla","formatid":"oususpecttest","rating":1335,"private":0,"password":null}