{"id":"oususpecttest-236009459","p1":"Andromeda123","p2":"The Teal Scizor","format":"oususpecttest","log":"|join|Andromeda123\n|join|The Teal Scizor\n|player|p1|Andromeda123|220\n|player|p2|The Teal Scizor|270\n|gametype|singles\n|gen|6\n|tier|OU (suspect test)\n|rated\n|clearpoke\n|poke|p1|Espeon, F\n|poke|p1|Azumarill, M\n|poke|p1|Scizor, F\n|poke|p1|Rotom-Wash\n|poke|p1|Ninetales, M, shiny\n|poke|p1|Garchomp, M, shiny\n|poke|p2|Gardevoir, F, shiny\n|poke|p2|Conkeldurr, M\n|poke|p2|Excadrill, M, shiny\n|poke|p2|Rotom-Wash\n|poke|p2|Hippowdon, F\n|poke|p2|Gengar, F, shiny\n|rule|Swagger Clause: Swagger is banned\n|rule|Baton Pass Clause: Limit one Pok\u00e9mon knowing Baton Pass\n|rule|Sleep Clause Mod: Limit one foe put to sleep\n|rule|Species Clause: Limit one of each Pok\u00e9mon\n|rule|OHKO Clause: OHKO moves are banned\n|rule|Moody Clause: Moody is banned\n|rule|Evasion Moves Clause: Evasion moves are banned\n|rule|Endless Battle Clause: Forcing endless battles is banned\n|rule|HP Percentage Mod: HP is shown in percentages\n|teampreview\n|\n|start\n|switch|p1a: Espeon|Espeon, F|334\/334\n|switch|p2a: Canary|Gardevoir, F, shiny|278\/278\n|-ability|p2a: Canary|Magic Bounce|[from] ability: Trace|[of] p1a: Espeon\n|turn|1\n|\n|detailschange|p2a: Canary|Gardevoir-Mega, F, shiny\n|-mega|p2a: Canary|Gardevoir|Gardevoirite\n|move|p1a: Espeon|Light Screen|p1a: Espeon\n|-sidestart|p1: Andromeda123|move: Light Screen\n|move|p2a: Canary|Hyper Voice|p1a: Espeon\n|-damage|p1a: Espeon|219\/334\n|\n|turn|2\n|\n|move|p1a: Espeon|Reflect|p1a: Espeon\n|-sidestart|p1: Andromeda123|Reflect\n|move|p2a: Canary|Hyper Voice|p1a: Espeon\n|-damage|p1a: Espeon|114\/334\n|\n|turn|3\n|\n|move|p1a: Espeon|Yawn|p2a: Canary\n|-start|p2a: Canary|move: Yawn|[of] p1a: Espeon\n|move|p2a: Canary|Hyper Voice|p1a: Espeon\n|-damage|p1a: Espeon|0 fnt\n|faint|p1a: Espeon\n|\n|\n|switch|p1a: Scizor|Scizor, F|344\/344\n|turn|4\n|\n|switch|p2a: Google+|Rotom-Wash|304\/304\n|detailschange|p1a: Scizor|Scizor-Mega, F\n|-mega|p1a: Scizor|Scizor|Scizorite\n|move|p1a: Scizor|Bullet Punch|p2a: Google+\n|-resisted|p2a: Google+\n|-damage|p2a: Google+|282\/304\n|\n|-heal|p2a: Google+|301\/304|[from] item: Leftovers\n|turn|5\n|\n|switch|p1a: Ninetales|Ninetales, M, shiny|288\/288\n|-weather|SunnyDay\n|move|p2a: Google+|Volt Switch|p1a: Ninetales\n|-damage|p1a: Ninetales|241\/288\n|\n|switch|p2a: Nom Nom|Hippowdon, F|420\/420\n|-weather|Sandstorm\n|\n|-weather|Sandstorm|[upkeep]\n|-damage|p1a: Ninetales|223\/288|[from] sandstorm\n|turn|6\n|\n|switch|p1a: Rotom-Wash|Rotom-Wash|303\/303\n|move|p2a: Nom Nom|Stealth Rock|p1a: Rotom-Wash\n|-sidestart|p1: Andromeda123|move: Stealth Rock\n|\n|-weather|Sandstorm|[upkeep]\n|-damage|p1a: Rotom-Wash|285\/303|[from] sandstorm\n|-heal|p1a: Rotom-Wash|303\/303|[from] item: Leftovers\n|turn|7\n|\n|move|p1a: Rotom-Wash|Hydro Pump|p2a: Nom Nom\n|-supereffective|p2a: Nom Nom\n|-damage|p2a: Nom Nom|174\/420\n|move|p2a: Nom Nom|Toxic|p1a: Rotom-Wash\n|-status|p1a: Rotom-Wash|tox\n|\n|-weather|Sandstorm|[upkeep]\n|-damage|p1a: Rotom-Wash|285\/303 tox|[from] sandstorm\n|-heal|p1a: Rotom-Wash|303\/303 tox|[from] item: Leftovers\n|-heal|p2a: Nom Nom|200\/420|[from] item: Leftovers\n|-damage|p1a: Rotom-Wash|285\/303 tox|[from] psn\n|turn|8\n|\n|switch|p2a: Power drink|Conkeldurr, M|413\/413\n|move|p1a: Rotom-Wash|Hydro Pump|p2a: Power drink\n|-damage|p2a: Power drink|284\/413\n|\n|-weather|Sandstorm|[upkeep]\n|-damage|p1a: Rotom-Wash|267\/303 tox|[from] sandstorm\n|-damage|p2a: Power drink|259\/413|[from] sandstorm\n|-heal|p1a: Rotom-Wash|285\/303 tox|[from] item: Leftovers\n|-damage|p1a: Rotom-Wash|249\/303 tox|[from] psn\n|-sideend|p1: Andromeda123|move: Light Screen\n|turn|9\n|\n|move|p1a: Rotom-Wash|Will-O-Wisp|p2a: Power drink\n|-status|p2a: Power drink|brn\n|move|p2a: Power drink|Ice Punch|p1a: Rotom-Wash\n|-resisted|p1a: Rotom-Wash\n|-damage|p1a: Rotom-Wash|222\/303 tox\n|\n|-weather|none\n|-heal|p1a: Rotom-Wash|240\/303 tox|[from] item: Leftovers\n|-damage|p1a: Rotom-Wash|186\/303 tox|[from] psn\n|-damage|p2a: Power drink|208\/413 brn|[from] brn\n|-sideend|p1: Andromeda123|Reflect\n|turn|10\n|\n|move|p1a: Rotom-Wash|Hydro Pump|p2a: Power drink\n|-damage|p2a: Power drink|90\/413 brn\n|move|p2a: Power drink|Drain Punch|p1a: Rotom-Wash\n|-damage|p1a: Rotom-Wash|17\/303 tox\n|-heal|p2a: Power drink|175\/413 brn|[from] drain|[of] p1a: Rotom-Wash\n|\n|-heal|p1a: Rotom-Wash|35\/303 tox|[from] item: Leftovers\n|-damage|p1a: Rotom-Wash|0 fnt|[from] psn\n|-damage|p2a: Power drink|124\/413 brn|[from] brn\n|faint|p1a: Rotom-Wash\n|\n|switch|p1a: Azumarill|Azumarill, M|404\/404\n|-damage|p1a: Azumarill|354\/404|[from] Stealth Rock\n|turn|11\n|\n|move|p2a: Power drink|Mach Punch|p1a: Azumarill\n|-resisted|p1a: Azumarill\n|-damage|p1a: Azumarill|286\/404\n|move|p1a: Azumarill|Belly Drum|p1a: Azumarill\n|-damage|p1a: Azumarill|84\/404\n|-setboost|p1a: Azumarill|atk|6|[from] move: Belly Drum\n|-enditem|p1a: Azumarill|Sitrus Berry|[eat]\n|-heal|p1a: Azumarill|185\/404|[from] item: Sitrus Berry\n|\n|-damage|p2a: Power drink|73\/413 brn|[from] brn\n|turn|12\n|\n|move|p1a: Azumarill|Aqua Jet|p2a: Power drink\n|-damage|p2a: Power drink|0 fnt\n|faint|p2a: Power drink\n|\n|\n|switch|p2a: Google+|Rotom-Wash|301\/304\n|turn|13\n|\n|move|p1a: Azumarill|Aqua Jet|p2a: Google+\n|-crit|p2a: Google+\n|-resisted|p2a: Google+\n|-damage|p2a: Google+|112\/304\n|move|p2a: Google+|Volt Switch|p1a: Azumarill\n|-supereffective|p1a: Azumarill\n|-damage|p1a: Azumarill|0 fnt\n|faint|p1a: Azumarill\n|\n|switch|p2a: Ender|Gengar, F, shiny|261\/261\n|\n|\n|switch|p1a: Ninetales|Ninetales, M, shiny|223\/288\n|-damage|p1a: Ninetales|151\/288|[from] Stealth Rock\n|-weather|SunnyDay\n|turn|14\n|\n|switch|p2a: Nom Nom|Hippowdon, F|200\/420\n|-weather|Sandstorm\n|move|p1a: Ninetales|Hypnosis|p2a: Nom Nom\n|-status|p2a: Nom Nom|slp\n|\n|-weather|Sandstorm|[upkeep]\n|-damage|p1a: Ninetales|133\/288|[from] sandstorm\n|-heal|p2a: Nom Nom|226\/420 slp|[from] item: Leftovers\n|turn|15\n|\n|move|p1a: Ninetales|Solar Beam|p2a: Nom Nom|[still]\n|-prepare|p1a: Ninetales|Solar Beam|p2a: Nom Nom\n|cant|p2a: Nom Nom|slp\n|\n|-weather|Sandstorm|[upkeep]\n|-damage|p1a: Ninetales|115\/288|[from] sandstorm\n|-heal|p2a: Nom Nom|252\/420 slp|[from] item: Leftovers\n|turn|16\n|\n|switch|p2a: Canary|Gardevoir-Mega, F, shiny|278\/278\n|move|p1a: Ninetales|Solar Beam|p2a: Canary\n|-crit|p2a: Canary\n|-damage|p2a: Canary|214\/278\n|\n|-weather|Sandstorm|[upkeep]\n|-damage|p1a: Ninetales|97\/288|[from] sandstorm\n|-damage|p2a: Canary|197\/278|[from] sandstorm\n|turn|17\n|\n|switch|p1a: Scizor|Scizor-Mega, F|344\/344\n|-damage|p1a: Scizor|301\/344|[from] Stealth Rock\n|move|p2a: Canary|Psyshock|p1a: Scizor\n|-resisted|p1a: Scizor\n|-damage|p1a: Scizor|247\/344\n|\n|-weather|Sandstorm|[upkeep]\n|-damage|p2a: Canary|180\/278|[from] sandstorm\n|turn|18\n|\n|move|p1a: Scizor|Bullet Punch|p2a: Canary\n|-supereffective|p2a: Canary\n|-damage|p2a: Canary|0 fnt\n|faint|p2a: Canary\n|\n|-weather|none\n|\n|switch|p2a: Ender|Gengar, F, shiny|261\/261\n|turn|19\n|\n|move|p1a: Scizor|Bullet Punch|p2a: Ender\n|-damage|p2a: Ender|60\/261\n|move|p2a: Ender|Shadow Ball|p1a: Scizor\n|-damage|p1a: Scizor|59\/344\n|-damage|p2a: Ender|34\/261|[from] item: Life Orb\n|\n|turn|20\n|\n|switch|p2a: Google+|Rotom-Wash|112\/304\n|move|p1a: Scizor|Bullet Punch|p2a: Google+\n|-resisted|p2a: Google+\n|-damage|p2a: Google+|90\/304\n|\n|-heal|p2a: Google+|109\/304|[from] item: Leftovers\n|turn|21\n|\n|switch|p1a: Garchomp|Garchomp, M, shiny|357\/357\n|-damage|p1a: Garchomp|335\/357|[from] Stealth Rock\n|move|p2a: Google+|Volt Switch|p1a: Garchomp\n|-immune|p1a: Garchomp|[msg]\n|\n|-heal|p2a: Google+|128\/304|[from] item: Leftovers\n|turn|22\n|\n|move|p1a: Garchomp|Outrage|p2a: Google+\n|-damage|p2a: Google+|0 fnt\n|faint|p2a: Google+\n|\n|\n|switch|p2a: Nom Nom|Hippowdon, F|252\/420 slp\n|-weather|Sandstorm\n|turn|23\n|\n|switch|p2a: Ender|Gengar, F, shiny|34\/261\n|move|p1a: Garchomp|Outrage|p2a: Ender\n|-damage|p2a: Ender|0 fnt\n|faint|p2a: Ender\n|\n|-start|p1a: Garchomp|confusion|[fatigue]\n|-weather|Sandstorm|[upkeep]\n|\n|switch|p2a: Express|Excadrill, M, shiny|361\/361\n|turn|24\n|\n|move|p2a: Express|Earthquake|p1a: Garchomp\n|-damage|p1a: Garchomp|82\/357\n|-damage|p2a: Express|325\/361|[from] item: Life Orb\n|-activate|p1a: Garchomp|confusion\n|-damage|p1a: Garchomp|31\/357|[from] confusion\n|\n|-weather|Sandstorm|[upkeep]\n|turn|25\n|\n|move|p2a: Express|Earthquake|p1a: Garchomp\n|-damage|p1a: Garchomp|0 fnt\n|-damage|p2a: Express|289\/361|[from] item: Life Orb\n|faint|p1a: Garchomp\n|\n|-weather|Sandstorm|[upkeep]\n|\n|switch|p1a: Scizor|Scizor-Mega, F|59\/344\n|-damage|p1a: Scizor|16\/344|[from] Stealth Rock\n|turn|26\n|\n|move|p1a: Scizor|Bullet Punch|p2a: Express\n|-resisted|p2a: Express\n|-damage|p2a: Express|198\/361\n|move|p2a: Express|Earthquake|p1a: Scizor\n|-damage|p1a: Scizor|0 fnt\n|-damage|p2a: Express|162\/361|[from] item: Life Orb\n|faint|p1a: Scizor\n|\n|-weather|Sandstorm|[upkeep]\n|\n|switch|p1a: Ninetales|Ninetales, M, shiny|97\/288\n|-damage|p1a: Ninetales|25\/288|[from] Stealth Rock\n|-weather|SunnyDay\n|turn|27\n|\n|switch|p2a: Nom Nom|Hippowdon, F|252\/420 slp\n|-weather|Sandstorm\n|move|p1a: Ninetales|Flamethrower|p2a: Nom Nom\n|-damage|p2a: Nom Nom|155\/420 slp\n|\n|-weather|Sandstorm|[upkeep]\n|-damage|p1a: Ninetales|7\/288|[from] sandstorm\n|-heal|p2a: Nom Nom|181\/420 slp|[from] item: Leftovers\n|turn|28\n|c|\u2605Andromeda123|gg\n|\n|move|p1a: Ninetales|Flamethrower|p2a: Nom Nom\n|-damage|p2a: Nom Nom|87\/420 slp\n|cant|p2a: Nom Nom|slp\n|\n|-weather|Sandstorm|[upkeep]\n|-damage|p1a: Ninetales|0 fnt|[from] sandstorm\n|-heal|p2a: Nom Nom|113\/420 slp|[from] item: Leftovers\n|faint|p1a: Ninetales\n|\n|win|The Teal Scizor\n|raw|Ladder updating...\n|raw|Andromeda123's rating: 1154 &rarr; <strong>1124<\/strong><br \/>(-30 for losing)\n|raw|The Teal Scizor's rating: 1076 &rarr; <strong>1111<\/strong><br \/>(+35 for winning)","inputlog":null,"uploadtime":1432761003,"views":1,"p1id":"andromeda123","p2id":"thetealscizor","formatid":"oususpecttest","rating":1111,"private":0,"password":null}