{"id":"oususpecttest-236262272","p1":"slick7411","p2":"The Teal Scizor","format":"oususpecttest","log":"|join|slick7411\n|join|The Teal Scizor\n|player|p1|slick7411|266\n|player|p2|The Teal Scizor|270\n|gametype|singles\n|gen|6\n|tier|OU (suspect test)\n|clearpoke\n|poke|p1|Dragonite, M, shiny\n|poke|p1|Toxicroak, M, shiny\n|poke|p1|Manectric, M, shiny\n|poke|p1|Starmie, shiny\n|poke|p1|Manaphy, shiny\n|poke|p1|Tornadus-Therian, M, shiny\n|poke|p2|Gardevoir, F, shiny\n|poke|p2|Conkeldurr, M\n|poke|p2|Excadrill, M, shiny\n|poke|p2|Rotom-Wash\n|poke|p2|Hippowdon, F\n|poke|p2|Gengar, F, shiny\n|rule|Swagger Clause: Swagger is banned\n|rule|Baton Pass Clause: Limit one Pok\u00e9mon knowing Baton Pass\n|rule|Sleep Clause Mod: Limit one foe put to sleep\n|rule|Species Clause: Limit one of each Pok\u00e9mon\n|rule|OHKO Clause: OHKO moves are banned\n|rule|Moody Clause: Moody is banned\n|rule|Evasion Moves Clause: Evasion moves are banned\n|rule|Endless Battle Clause: Forcing endless battles is banned\n|rule|HP Percentage Mod: HP is shown in percentages\n|teampreview\n|\n|start\n|switch|p1a: Draco|Dragonite, M, shiny|323\/323\n|switch|p2a: Nom Nom|Hippowdon, F|420\/420\n|-weather|Sandstorm\n|turn|1\n|\n|move|p1a: Draco|Dragon Claw|p2a: Nom Nom\n|-damage|p2a: Nom Nom|287\/420\n|move|p2a: Nom Nom|Slack Off|p2a: Nom Nom\n|-heal|p2a: Nom Nom|420\/420\n|\n|-weather|Sandstorm|[upkeep]\n|-damage|p1a: Draco|303\/323|[from] sandstorm\n|turn|2\n|\n|move|p1a: Draco|Dragon Claw|p2a: Nom Nom\n|-damage|p2a: Nom Nom|285\/420\n|move|p2a: Nom Nom|Stealth Rock|p1a: Draco\n|-sidestart|p1: slick7411|move: Stealth Rock\n|\n|-weather|Sandstorm|[upkeep]\n|-damage|p1a: Draco|283\/323|[from] sandstorm\n|-heal|p2a: Nom Nom|311\/420|[from] item: Leftovers\n|turn|3\n|\n|switch|p2a: Canary|Gardevoir, F, shiny|278\/278\n|-ability|p2a: Canary|Multiscale|[from] ability: Trace|[of] p1a: Draco\n|move|p1a: Draco|Dragon Claw|p2a: Canary\n|-immune|p2a: Canary|[msg]\n|\n|-weather|Sandstorm|[upkeep]\n|-damage|p1a: Draco|263\/323|[from] sandstorm\n|-damage|p2a: Canary|261\/278|[from] sandstorm\n|turn|4\n|\n|detailschange|p2a: Canary|Gardevoir-Mega, F, shiny\n|-mega|p2a: Canary|Gardevoir|Gardevoirite\n|move|p1a: Draco|Earthquake|p2a: Canary\n|-crit|p2a: Canary\n|-damage|p2a: Canary|0 fnt\n|faint|p2a: Canary\n|\n|-weather|Sandstorm|[upkeep]\n|-damage|p1a: Draco|243\/323|[from] sandstorm\n|\n|switch|p2a: Ender|Gengar, F, shiny|261\/261\n|turn|5\n|\n|move|p2a: Ender|Sludge Bomb|p1a: Draco\n|-crit|p1a: Draco\n|-damage|p1a: Draco|0 fnt\n|-damage|p2a: Ender|235\/261|[from] item: Life Orb\n|faint|p1a: Draco\n|\n|-weather|none\n|\n|switch|p1a: Dart|Toxicroak, M, shiny|307\/307\n|-damage|p1a: Dart|288\/307|[from] Stealth Rock\n|turn|6\n|\n|move|p2a: Ender|Destiny Bond|p2a: Ender\n|-singlemove|p2a: Ender|Destiny Bond\n|move|p1a: Dart|Swords Dance|p1a: Dart\n|-boost|p1a: Dart|atk|2\n|\n|turn|7\n|\n|move|p1a: Dart|Sucker Punch|p2a: Ender\n|-supereffective|p2a: Ender\n|-damage|p2a: Ender|0 fnt\n|-damage|p1a: Dart|258\/307|[from] item: Life Orb\n|faint|p2a: Ender\n|-activate|p2a: Ender|Destiny Bond\n|faint|p1a: Dart\n|\n|\n|switch|p1a: Patrick Star|Starmie, shiny|261\/261\n|switch|p2a: Express|Excadrill, M, shiny|361\/361\n|-damage|p1a: Patrick Star|229\/261|[from] Stealth Rock\n|turn|8\n|\n|switch|p2a: Google+|Rotom-Wash|304\/304\n|move|p1a: Patrick Star|Hydro Pump|p2a: Google+|[miss]\n|-miss|p1a: Patrick Star|p2a: Google+\n|\n|turn|9\n|\n|move|p1a: Patrick Star|Rapid Spin|p2a: Google+\n|-damage|p2a: Google+|292\/304\n|-sideend|p1: slick7411|Stealth Rock|[from] move: Rapid Spin|[of] p1a: Patrick Star\n|-damage|p1a: Patrick Star|203\/261|[from] item: Life Orb\n|move|p2a: Google+|Will-O-Wisp|p1a: Patrick Star\n|-status|p1a: Patrick Star|brn\n|\n|-damage|p1a: Patrick Star|171\/261 brn|[from] brn\n|turn|10\n|\n|move|p1a: Patrick Star|Psyshock|p2a: Google+\n|-damage|p2a: Google+|193\/304\n|-damage|p1a: Patrick Star|145\/261 brn|[from] item: Life Orb\n|move|p2a: Google+|Volt Switch|p1a: Patrick Star\n|-supereffective|p1a: Patrick Star\n|-damage|p1a: Patrick Star|0 fnt\n|faint|p1a: Patrick Star\n|\n|switch|p2a: Power drink|Conkeldurr, M|413\/413\n|\n|\n|switch|p1a: Tatsumaki|Tornadus-Therian, M, shiny|315\/315\n|turn|11\n|\n|move|p1a: Tatsumaki|Hurricane|p2a: Power drink\n|-supereffective|p2a: Power drink\n|-damage|p2a: Power drink|105\/413\n|move|p2a: Power drink|Knock Off|p1a: Tatsumaki\n|-damage|p1a: Tatsumaki|159\/315\n|-enditem|p1a: Tatsumaki|Assault Vest|[from] move: Knock Off|[of] p2a: Power drink\n|\n|turn|12\n|\n|switch|p2a: Google+|Rotom-Wash|193\/304\n|move|p1a: Tatsumaki|Hurricane|p2a: Google+|[miss]\n|-miss|p1a: Tatsumaki|p2a: Google+\n|\n|turn|13\n|\n|move|p1a: Tatsumaki|Focus Blast|p2a: Google+\n|-damage|p2a: Google+|81\/304\n|move|p2a: Google+|Will-O-Wisp|p1a: Tatsumaki\n|-status|p1a: Tatsumaki|brn\n|\n|-damage|p1a: Tatsumaki|120\/315 brn|[from] brn\n|turn|14\n|\n|switch|p2a: Power drink|Conkeldurr, M|105\/413\n|move|p1a: Tatsumaki|Hurricane|p2a: Power drink\n|-supereffective|p2a: Power drink\n|-damage|p2a: Power drink|0 fnt\n|faint|p2a: Power drink\n|\n|-damage|p1a: Tatsumaki|81\/315 brn|[from] brn\n|\n|switch|p2a: Nom Nom|Hippowdon, F|311\/420\n|-weather|Sandstorm\n|turn|15\n|\n|move|p1a: Tatsumaki|Focus Blast|p2a: Nom Nom\n|-damage|p2a: Nom Nom|213\/420\n|move|p2a: Nom Nom|Slack Off|p2a: Nom Nom\n|-heal|p2a: Nom Nom|420\/420\n|\n|-weather|Sandstorm|[upkeep]\n|-damage|p1a: Tatsumaki|62\/315 brn|[from] sandstorm\n|-damage|p1a: Tatsumaki|23\/315 brn|[from] brn\n|turn|16\n|\n|move|p1a: Tatsumaki|Hurricane|p2a: Nom Nom\n|-damage|p2a: Nom Nom|282\/420\n|move|p2a: Nom Nom|Toxic|p1a: Tatsumaki\n|-fail|p1a: Tatsumaki\n|\n|-weather|Sandstorm|[upkeep]\n|-damage|p1a: Tatsumaki|4\/315 brn|[from] sandstorm\n|-heal|p2a: Nom Nom|308\/420|[from] item: Leftovers\n|-damage|p1a: Tatsumaki|0 fnt|[from] brn\n|faint|p1a: Tatsumaki\n|\n|switch|p1a: Prince|Manaphy, shiny|404\/404\n|turn|17\n|\n|move|p1a: Prince|Scald|p2a: Nom Nom\n|-supereffective|p2a: Nom Nom\n|-damage|p2a: Nom Nom|128\/420\n|move|p2a: Nom Nom|Earthquake|p1a: Prince\n|-damage|p1a: Prince|304\/404\n|\n|-weather|Sandstorm|[upkeep]\n|-damage|p1a: Prince|279\/404|[from] sandstorm\n|-heal|p1a: Prince|304\/404|[from] item: Leftovers\n|-heal|p2a: Nom Nom|154\/420|[from] item: Leftovers\n|turn|18\n|\n|move|p1a: Prince|Scald|p2a: Nom Nom\n|-supereffective|p2a: Nom Nom\n|-damage|p2a: Nom Nom|0 fnt\n|faint|p2a: Nom Nom\n|\n|-weather|Sandstorm|[upkeep]\n|-damage|p1a: Prince|279\/404|[from] sandstorm\n|-heal|p1a: Prince|304\/404|[from] item: Leftovers\n|\n|switch|p2a: Google+|Rotom-Wash|81\/304\n|turn|19\n|\n|move|p1a: Prince|Tail Glow|p1a: Prince\n|-boost|p1a: Prince|spa|3\n|move|p2a: Google+|Volt Switch|p1a: Prince\n|-supereffective|p1a: Prince\n|-damage|p1a: Prince|124\/404\n|\n|switch|p2a: Express|Excadrill, M, shiny|361\/361\n|\n|-weather|none\n|-heal|p1a: Prince|149\/404|[from] item: Leftovers\n|turn|20\n|\n|move|p2a: Express|Earthquake|p1a: Prince\n|-damage|p1a: Prince|0 fnt\n|-damage|p2a: Express|325\/361|[from] item: Life Orb\n|faint|p1a: Prince\n|\n|\n|switch|p1a: Dark Thunder|Manectric, M, shiny|281\/281\n|turn|21\n|\n|switch|p2a: Google+|Rotom-Wash|81\/304\n|detailschange|p1a: Dark Thunder|Manectric-Mega, M, shiny\n|-mega|p1a: Dark Thunder|Manectric|Manectite\n|-ability|p1a: Dark Thunder|Intimidate|[of] p2a: Google+\n|-unboost|p2a: Google+|atk|1\n|move|p1a: Dark Thunder|Flamethrower|p2a: Google+\n|-resisted|p2a: Google+\n|-damage|p2a: Google+|33\/304\n|-status|p2a: Google+|brn\n|\n|-damage|p2a: Google+|0 fnt|[from] brn\n|faint|p2a: Google+\n|\n|switch|p2a: Express|Excadrill, M, shiny|325\/361\n|turn|22\n|\n|move|p1a: Dark Thunder|Flamethrower|p2a: Express\n|-supereffective|p2a: Express\n|-damage|p2a: Express|5\/361\n|-status|p2a: Express|brn\n|move|p2a: Express|Earthquake|p1a: Dark Thunder\n|-supereffective|p1a: Dark Thunder\n|-damage|p1a: Dark Thunder|0 fnt\n|-damage|p2a: Express|0 fnt|[from] item: Life Orb\n|faint|p1a: Dark Thunder\n|faint|p2a: Express\n|\n|win|The Teal Scizor\n|leave|slick7411\n|player|p1","inputlog":null,"uploadtime":1432850361,"views":6,"p1id":"slick7411","p2id":"thetealscizor","formatid":"oususpecttest","rating":0,"private":0,"password":null}