{"id":"oususpecttest-226544133","p1":"linusxdxd","p2":"Ohmboy Tesla","format":"oususpecttest","log":"|join|linusxdxd\n|join|Ohmboy Tesla\n|player|p1|linusxdxd|102\n|player|p2|Ohmboy Tesla|136\n|gametype|singles\n|gen|6\n|tier|OU (suspect test)\n|rated\n|clearpoke\n|poke|p1|Raikou\n|poke|p1|Clefable, M\n|poke|p1|Scizor, M\n|poke|p1|Garchomp, F\n|poke|p1|Conkeldurr, F\n|poke|p1|Latios, M\n|poke|p2|Venusaur, F\n|poke|p2|Entei, shiny\n|poke|p2|Swampert, M\n|poke|p2|Hydreigon, F\n|poke|p2|Togekiss, F\n|poke|p2|Scizor, M\n|rule|Swagger Clause: Swagger is banned\n|rule|Baton Pass Clause: Limit one Pok\u00e9mon knowing Baton Pass\n|rule|Sleep Clause Mod: Limit one foe put to sleep\n|rule|Species Clause: Limit one of each Pok\u00e9mon\n|rule|OHKO Clause: OHKO moves are banned\n|rule|Moody Clause: Moody is banned\n|rule|Evasion Moves Clause: Evasion moves are banned\n|rule|Endless Battle Clause: Forcing endless battles is banned\n|rule|HP Percentage Mod: HP is shown in percentages\n|teampreview\n|\n|start\n|switch|p1a: Raikou|Raikou|322\/322\n|switch|p2a: Do You Even Liek|Swampert, M|401\/401\n|-ability|p1a: Raikou|Pressure\n|-item|p1a: Raikou|Air Balloon\n|turn|1\n|\n|switch|p1a: Garchomp|Garchomp, F|357\/357\n|move|p2a: Do You Even Liek|Waterfall|p1a: Garchomp\n|-damage|p1a: Garchomp|234\/357\n|-damage|p2a: Do You Even Liek|351\/401|[from] ability: Rough Skin|[of] p1a: Garchomp\n|\n|-heal|p2a: Do You Even Liek|376\/401|[from] item: Leftovers\n|turn|2\n|\n|move|p1a: Garchomp|Hidden Power|p2a: Do You Even Liek\n|-supereffective|p2a: Do You Even Liek\n|-damage|p2a: Do You Even Liek|180\/401\n|move|p2a: Do You Even Liek|Toxic|p1a: Garchomp\n|-status|p1a: Garchomp|tox\n|\n|-heal|p2a: Do You Even Liek|205\/401|[from] item: Leftovers\n|-damage|p1a: Garchomp|212\/357 tox|[from] psn\n|turn|3\n|c|\u2605Ohmboy Tesla|HP grass?\n|c|\u2605linusxdxd|XD\n|\n|switch|p2a: no more tears|Togekiss, F|373\/373\n|move|p1a: Garchomp|Hidden Power|p2a: no more tears\n|-resisted|p2a: no more tears\n|-damage|p2a: no more tears|359\/373\n|\n|-heal|p2a: no more tears|373\/373|[from] item: Leftovers\n|-damage|p1a: Garchomp|168\/357 tox|[from] psn\n|turn|4\n|c|\u2605Ohmboy Tesla|might I ask what you're hoping to counter with that? :p\n|\n|switch|p1a: Raikou|Raikou|322\/322\n|-ability|p1a: Raikou|Pressure\n|-item|p1a: Raikou|Air Balloon\n|move|p2a: no more tears|Air Slash|p1a: Raikou\n|-crit|p1a: Raikou\n|-resisted|p1a: Raikou\n|-damage|p1a: Raikou|247\/322\n|-enditem|p1a: Raikou|Air Balloon\n|\n|turn|5\n|\n|switch|p2a: Do You Even Liek|Swampert, M|205\/401\n|move|p1a: Raikou|Shadow Ball|p2a: Do You Even Liek\n|-damage|p2a: Do You Even Liek|108\/401\n|\n|-heal|p2a: Do You Even Liek|133\/401|[from] item: Leftovers\n|turn|6\n|\n|switch|p1a: Garchomp|Garchomp, F|168\/357 tox\n|move|p2a: Do You Even Liek|Stealth Rock|p1a: Garchomp\n|-sidestart|p1: linusxdxd|move: Stealth Rock\n|\n|-heal|p2a: Do You Even Liek|158\/401|[from] item: Leftovers\n|-damage|p1a: Garchomp|146\/357 tox|[from] psn\n|turn|7\n|\n|switch|p2a: no more tears|Togekiss, F|373\/373\n|move|p1a: Garchomp|Outrage|p2a: no more tears\n|-immune|p2a: no more tears|[msg]\n|\n|-damage|p1a: Garchomp|102\/357 tox|[from] psn\n|turn|8\n|\n|switch|p1a: Clefable|Clefable, M|394\/394\n|move|p2a: no more tears|Dazzling Gleam|p1a: Clefable\n|-damage|p1a: Clefable|301\/394\n|\n|-heal|p1a: Clefable|325\/394|[from] item: Leftovers\n|turn|9\n|\n|move|p2a: no more tears|Thunder Wave|p1a: Clefable\n|-status|p1a: Clefable|par\n|cant|p1a: Clefable|par\n|\n|-heal|p1a: Clefable|349\/394 par|[from] item: Leftovers\n|turn|10\n|\n|move|p2a: no more tears|Air Slash|p1a: Clefable\n|-damage|p1a: Clefable|262\/394 par\n|cant|p1a: Clefable|par\n|\n|-heal|p1a: Clefable|286\/394 par|[from] item: Leftovers\n|turn|11\n|leave|linusxdxd\n|player|p1\n|-message|linusxdxd lost due to inactivity.\n|\n|win|Ohmboy Tesla\n|raw|Ladder updating...\n|raw|linusxdxd's rating: 1064 &rarr; <strong>1046<\/strong><br \/>(-18 for losing)\n|raw|Ohmboy Tesla's rating: 1086 &rarr; <strong>1111<\/strong><br \/>(+25 for winning)","inputlog":null,"uploadtime":1429553507,"views":5,"p1id":"linusxdxd","p2id":"ohmboytesla","formatid":"oususpecttest","rating":1046,"private":0,"password":null}