{"id":"oususpecttest-299826845","p1":"ohmboytesla","p2":"RQWT4","format":"oususpecttest","log":"|join|ohmboy tesla\n|join|RQWT4\n|player|p1|ohmboy tesla|136\n|player|p2|RQWT4|192\n|gametype|singles\n|gen|6\n|tier|OU (suspect test)\n|rated\n|seed|8411,3474,51654,56015\n|clearpoke\n|poke|p1|Hydreigon, F\n|poke|p1|Metagross\n|poke|p1|Rotom-Wash\n|poke|p1|Azumarill, F\n|poke|p1|Landorus-Therian, M\n|poke|p1|Heatran, M\n|poke|p2|Slowbro, M\n|poke|p2|Garchomp, M\n|poke|p2|Excadrill, F\n|poke|p2|Thundurus, M\n|poke|p2|Sylveon, F\n|poke|p2|Venusaur, F\n|rule|Swagger Clause: Swagger is banned\n|rule|Baton Pass Clause: Limit one Baton Passer, can't pass Spe and other stats simultaneously\n|rule|Sleep Clause Mod: Limit one foe put to sleep\n|rule|Species Clause: Limit one of each Pok\u00e9mon\n|rule|OHKO Clause: OHKO moves are banned\n|rule|Moody Clause: Moody is banned\n|rule|Evasion Moves Clause: Evasion moves are banned\n|rule|Endless Battle Clause: Forcing endless battles is banned\n|rule|HP Percentage Mod: HP is shown in percentages\n|teampreview\n|choice|team 3|team 2\n|\n|start\n|switch|p1a: Washington|Rotom-Wash|304\/304\n|switch|p2a: Kiko|Garchomp, M|417\/417\n|turn|1\n|choice|move 1|move 2\n|\n|move|p2a: Kiko|Toxic|p1a: Washington\n|-status|p1a: Washington|tox\n|move|p1a: Washington|Will-O-Wisp|p2a: Kiko\n|-status|p2a: Kiko|brn\n|\n|-damage|p2a: Kiko|365\/417 brn|[from] brn\n|-damage|p1a: Washington|285\/304 tox|[from] psn\n|turn|2\n|choice|switch 5|move 1\n|\n|switch|p1a: Flooffy paws|Landorus-Therian, M|382\/382\n|-ability|p1a: Flooffy paws|Intimidate\n|-unboost|p2a: Kiko|atk|1\n|move|p2a: Kiko|Stealth Rock|p1a: Flooffy paws\n|-sidestart|p1: ohmboy tesla|move: Stealth Rock\n|\n|-damage|p2a: Kiko|313\/417 brn|[from] brn\n|turn|3\n|choice|move 1|switch 6\n|\n|switch|p2a: Dona Florinda|Venusaur, F|364\/364\n|move|p1a: Flooffy paws|Stealth Rock|p2a: Dona Florinda\n|-sidestart|p2: RQWT4|move: Stealth Rock\n|\n|turn|4\n|choice|switch 6|move 1 mega\n|\n|switch|p1a: Tony|Heatran, M|385\/385\n|-damage|p1a: Tony|337\/385|[from] Stealth Rock\n|detailschange|p2a: Dona Florinda|Venusaur-Mega, F\n|-mega|p2a: Dona Florinda|Venusaur|Venusaurite\n|move|p2a: Dona Florinda|Giga Drain|p1a: Tony\n|-resisted|p1a: Tony\n|-damage|p1a: Tony|318\/385\n|\n|-heal|p1a: Tony|342\/385|[from] item: Leftovers\n|turn|5\n|choice|move 2|switch 2\n|\n|switch|p2a: Nhonho|Slowbro, M|393\/393\n|-damage|p2a: Nhonho|344\/393|[from] Stealth Rock\n|move|p1a: Tony|Lava Plume|p2a: Nhonho\n|-resisted|p2a: Nhonho\n|-damage|p2a: Nhonho|279\/393\n|-status|p2a: Nhonho|brn\n|\n|-heal|p1a: Tony|366\/385|[from] item: Leftovers\n|-damage|p2a: Nhonho|230\/393 brn|[from] brn\n|turn|6\n|choice|move 1|move 1\n|\n|move|p1a: Tony|Protect|p1a: Tony\n|-singleturn|p1a: Tony|Protect\n|move|p2a: Nhonho|Thunder Wave|p1a: Tony\n|-activate|p1a: Tony|Protect\n|\n|-heal|p1a: Tony|385\/385|[from] item: Leftovers\n|-damage|p2a: Nhonho|181\/393 brn|[from] brn\n|turn|7\n|choice|switch 5|move 2\n|\n|switch|p1a: Washington|Rotom-Wash|285\/304 tox\n|-damage|p1a: Washington|247\/304 tox|[from] Stealth Rock\n|move|p2a: Nhonho|Slack Off|p2a: Nhonho\n|-heal|p2a: Nhonho|378\/393 brn\n|\n|-heal|p1a: Washington|266\/304 tox|[from] item: Leftovers\n|-damage|p1a: Washington|247\/304 tox|[from] psn\n|-damage|p2a: Nhonho|329\/393 brn|[from] brn\n|turn|8\n|choice|move 3|switch 5\n|\n|switch|p2a: Paty|Sylveon, F|389\/389\n|-damage|p2a: Paty|341\/389|[from] Stealth Rock\n|move|p1a: Washington|Volt Switch|p2a: Paty\n|-crit|p2a: Paty\n|-damage|p2a: Paty|269\/389\n|choice|switch 2|\n|\n|switch|p1a: Weapon-X|Metagross|301\/301\n|-damage|p1a: Weapon-X|283\/301|[from] Stealth Rock\n|\n|-heal|p2a: Paty|293\/389|[from] item: Leftovers\n|turn|9\n|choice|move 2 mega|move 2\n|\n|detailschange|p1a: Weapon-X|Metagross-Mega\n|-mega|p1a: Weapon-X|Metagross|Metagrossite\n|move|p2a: Paty|Protect|p2a: Paty\n|-singleturn|p2a: Paty|Protect\n|move|p1a: Weapon-X|Meteor Mash|p2a: Paty\n|-activate|p2a: Paty|Protect\n|\n|-heal|p2a: Paty|317\/389|[from] item: Leftovers\n|turn|10\n|choice|move 2|switch 5\n|\n|switch|p2a: Nhonho|Slowbro, M|393\/393 brn\n|-damage|p2a: Nhonho|344\/393 brn|[from] Stealth Rock\n|move|p1a: Weapon-X|Meteor Mash|p2a: Nhonho\n|-resisted|p2a: Nhonho\n|-damage|p2a: Nhonho|271\/393 brn\n|-damage|p1a: Weapon-X|233\/301|[from] item: Rocky Helmet|[of] p2a: Nhonho\n|\n|-damage|p2a: Nhonho|222\/393 brn|[from] brn\n|turn|11\n|choice|switch 2|move 2\n|\n|switch|p1a: Washington|Rotom-Wash|247\/304 tox\n|-damage|p1a: Washington|209\/304 tox|[from] Stealth Rock\n|move|p2a: Nhonho|Slack Off|p2a: Nhonho\n|-heal|p2a: Nhonho|393\/393 brn\n|\n|-heal|p1a: Washington|228\/304 tox|[from] item: Leftovers\n|-damage|p1a: Washington|209\/304 tox|[from] psn\n|-damage|p2a: Nhonho|344\/393 brn|[from] brn\n|turn|12\n|choice|move 3|switch 5\n|\n|switch|p2a: Paty|Sylveon, F|317\/389\n|-damage|p2a: Paty|269\/389|[from] Stealth Rock\n|move|p1a: Washington|Volt Switch|p2a: Paty\n|-damage|p2a: Paty|218\/389\n|choice|switch 2|\n|\n|switch|p1a: Weapon-X|Metagross-Mega|233\/301\n|-damage|p1a: Weapon-X|215\/301|[from] Stealth Rock\n|\n|-heal|p2a: Paty|242\/389|[from] item: Leftovers\n|turn|13\n|choice|move 2|move 2\n|\n|move|p2a: Paty|Protect|p2a: Paty\n|-singleturn|p2a: Paty|Protect\n|move|p1a: Weapon-X|Meteor Mash|p2a: Paty\n|-activate|p2a: Paty|Protect\n|\n|-heal|p2a: Paty|266\/389|[from] item: Leftovers\n|turn|14\n|choice|move 2|switch 5\n|\n|switch|p2a: Nhonho|Slowbro, M|393\/393 brn\n|-damage|p2a: Nhonho|344\/393 brn|[from] Stealth Rock\n|move|p1a: Weapon-X|Meteor Mash|p2a: Nhonho\n|-resisted|p2a: Nhonho\n|-crit|p2a: Nhonho\n|-damage|p2a: Nhonho|238\/393 brn\n|-damage|p1a: Weapon-X|165\/301|[from] item: Rocky Helmet|[of] p2a: Nhonho\n|\n|-damage|p2a: Nhonho|189\/393 brn|[from] brn\n|turn|15\n|choice|switch 2|move 2\n|\n|switch|p1a: Washington|Rotom-Wash|209\/304 tox\n|-damage|p1a: Washington|171\/304 tox|[from] Stealth Rock\n|move|p2a: Nhonho|Slack Off|p2a: Nhonho\n|-heal|p2a: Nhonho|386\/393 brn\n|\n|-heal|p1a: Washington|190\/304 tox|[from] item: Leftovers\n|-damage|p1a: Washington|171\/304 tox|[from] psn\n|-damage|p2a: Nhonho|337\/393 brn|[from] brn\n|turn|16\n|choice|move 3|switch 6\n|\n|switch|p2a: Kiko|Garchomp, M|313\/417 brn\n|-damage|p2a: Kiko|287\/417 brn|[from] Stealth Rock\n|move|p1a: Washington|Volt Switch|p2a: Kiko\n|-immune|p2a: Kiko|[msg]\n|\n|-heal|p1a: Washington|190\/304 tox|[from] item: Leftovers\n|-damage|p2a: Kiko|235\/417 brn|[from] brn\n|-damage|p1a: Washington|152\/304 tox|[from] psn\n|turn|17\n|choice|move 4|switch 5\n|\n|switch|p2a: Paty|Sylveon, F|266\/389\n|-damage|p2a: Paty|218\/389|[from] Stealth Rock\n|move|p1a: Washington|Rest|p1a: Washington\n|-status|p1a: Washington|slp\n|-heal|p1a: Washington|304\/304 slp|[silent]\n|-status|p1a: Washington|slp|[from] move: Rest\n|\n|-heal|p2a: Paty|242\/389|[from] item: Leftovers\n|turn|18\n|choice|switch 6|move 4\n|\n|switch|p1a: Flooffy paws|Landorus-Therian, M|382\/382\n|-damage|p1a: Flooffy paws|335\/382|[from] Stealth Rock\n|-ability|p1a: Flooffy paws|Intimidate\n|-unboost|p2a: Paty|atk|1\n|move|p2a: Paty|Heal Bell|p2a: Paty\n|-cureteam|p2a: Paty|[from] move: HealBell\n|\n|-heal|p1a: Flooffy paws|358\/382|[from] item: Leftovers\n|-heal|p2a: Paty|266\/389|[from] item: Leftovers\n|turn|19\n|choice|move 4|switch 2\n|\n|switch|p2a: Dona Florinda|Venusaur-Mega, F|364\/364\n|-damage|p2a: Dona Florinda|319\/364|[from] Stealth Rock\n|move|p1a: Flooffy paws|Knock Off|p2a: Dona Florinda\n|-damage|p2a: Dona Florinda|270\/364\n|\n|-heal|p1a: Flooffy paws|381\/382|[from] item: Leftovers\n|turn|20\n|choice|switch 5|switch 3\n|\n|switch|p1a: Tony|Heatran, M|385\/385\n|-damage|p1a: Tony|337\/385|[from] Stealth Rock\n|switch|p2a: Chiquinha|Excadrill, F|361\/361\n|-damage|p2a: Chiquinha|350\/361|[from] Stealth Rock\n|-ability|p2a: Chiquinha|Mold Breaker\n|\n|-heal|p1a: Tony|361\/385|[from] item: Leftovers\n|turn|21\n|choice|switch 5|move 2\n|\n|switch|p1a: Flooffy paws|Landorus-Therian, M|381\/382\n|-damage|p1a: Flooffy paws|334\/382|[from] Stealth Rock\n|-ability|p1a: Flooffy paws|Intimidate\n|-unboost|p2a: Chiquinha|atk|1\n|move|p2a: Chiquinha|Earthquake|p1a: Flooffy paws\n|-immune|p1a: Flooffy paws|[msg]\n|\n|-heal|p1a: Flooffy paws|357\/382|[from] item: Leftovers\n|turn|22\n|choice|move 2|switch 3\n|\n|switch|p2a: Dona Florinda|Venusaur-Mega, F|270\/364\n|-damage|p2a: Dona Florinda|225\/364|[from] Stealth Rock\n|move|p1a: Flooffy paws|Earthquake|p2a: Dona Florinda\n|-damage|p2a: Dona Florinda|104\/364\n|\n|-heal|p1a: Flooffy paws|380\/382|[from] item: Leftovers\n|turn|23\n|choice|move 2|switch 6\n|\n|switch|p2a: Nhonho|Slowbro, M|393\/393\n|-damage|p2a: Nhonho|344\/393|[from] Stealth Rock\n|move|p1a: Flooffy paws|Earthquake|p2a: Nhonho\n|-damage|p2a: Nhonho|230\/393\n|\n|-heal|p1a: Flooffy paws|382\/382|[from] item: Leftovers\n|turn|24\n|choice|move 4|move 3\n|\n|move|p1a: Flooffy paws|Knock Off|p2a: Nhonho\n|-supereffective|p2a: Nhonho\n|-damage|p2a: Nhonho|86\/393\n|-damage|p1a: Flooffy paws|319\/382|[from] item: Rocky Helmet|[of] p2a: Nhonho\n|-enditem|p2a: Nhonho|Rocky Helmet|[from] move: Knock Off|[of] p1a: Flooffy paws\n|move|p2a: Nhonho|Scald|p1a: Flooffy paws\n|-supereffective|p1a: Flooffy paws\n|-damage|p1a: Flooffy paws|113\/382\n|\n|-heal|p1a: Flooffy paws|136\/382|[from] item: Leftovers\n|turn|25\n|choice|move 4|switch 4\n|\n|switch|p2a: Seu Madruga|Thundurus, M|299\/299\n|-damage|p2a: Seu Madruga|225\/299|[from] Stealth Rock\n|move|p1a: Flooffy paws|Knock Off|p2a: Seu Madruga\n|-damage|p2a: Seu Madruga|86\/299\n|-enditem|p2a: Seu Madruga|Life Orb|[from] move: Knock Off|[of] p1a: Flooffy paws\n|\n|-heal|p1a: Flooffy paws|159\/382|[from] item: Leftovers\n|turn|26\n|choice|switch 5|move 2\n|\n|switch|p1a: Tony|Heatran, M|361\/385\n|-damage|p1a: Tony|313\/385|[from] Stealth Rock\n|move|p2a: Seu Madruga|Knock Off|p1a: Tony\n|-damage|p1a: Tony|206\/385\n|-enditem|p1a: Tony|Leftovers|[from] move: Knock Off|[of] p2a: Seu Madruga\n|\n|turn|27\n|choice|move 2|move 3\n|\n|move|p2a: Seu Madruga|Superpower|p1a: Tony\n|-supereffective|p1a: Tony\n|-damage|p1a: Tony|0 fnt\n|-unboost|p2a: Seu Madruga|atk|1\n|-unboost|p2a: Seu Madruga|def|1\n|faint|p1a: Tony\n|\n|choice|switch 4|\n|\n|switch|p1a: Cuddles|Azumarill, F|401\/401\n|-damage|p1a: Cuddles|351\/401|[from] Stealth Rock\n|turn|28\n|choice|move 1|move 1\n|\n|move|p1a: Cuddles|Aqua Jet|p2a: Seu Madruga\n|-damage|p2a: Seu Madruga|0 fnt\n|faint|p2a: Seu Madruga\n|\n|choice||switch 6\n|\n|switch|p2a: Dona Florinda|Venusaur-Mega, F|104\/364\n|-damage|p2a: Dona Florinda|59\/364|[from] Stealth Rock\n|turn|29\n|choice|move 4|move 4\n|\n|move|p2a: Dona Florinda|Synthesis|p2a: Dona Florinda\n|-heal|p2a: Dona Florinda|241\/364\n|move|p1a: Cuddles|Knock Off|p2a: Dona Florinda\n|-damage|p2a: Dona Florinda|175\/364\n|\n|turn|30\n|choice|switch 3|move 4\n|\n|switch|p1a: Precious|Hydreigon, F|329\/329\n|-damage|p1a: Precious|288\/329|[from] Stealth Rock\n|move|p2a: Dona Florinda|Synthesis|p2a: Dona Florinda\n|-heal|p2a: Dona Florinda|357\/364\n|\n|turn|31\n|choice|move 4|switch 2\n|\n|switch|p2a: Paty|Sylveon, F|266\/389\n|-damage|p2a: Paty|218\/389|[from] Stealth Rock\n|move|p1a: Precious|U-turn|p2a: Paty\n|-resisted|p2a: Paty\n|-damage|p2a: Paty|183\/389\n|choice|switch 5|\n|\n|switch|p1a: Flooffy paws|Landorus-Therian, M|159\/382\n|-damage|p1a: Flooffy paws|112\/382|[from] Stealth Rock\n|-ability|p1a: Flooffy paws|Intimidate\n|-unboost|p2a: Paty|atk|1\n|\n|-heal|p1a: Flooffy paws|135\/382|[from] item: Leftovers\n|-heal|p2a: Paty|207\/389|[from] item: Leftovers\n|turn|32\n|choice|move 2|switch 2\n|\n|switch|p2a: Dona Florinda|Venusaur-Mega, F|357\/364\n|-damage|p2a: Dona Florinda|312\/364|[from] Stealth Rock\n|move|p1a: Flooffy paws|Earthquake|p2a: Dona Florinda\n|-damage|p2a: Dona Florinda|210\/364\n|\n|-heal|p1a: Flooffy paws|158\/382|[from] item: Leftovers\n|turn|33\n|choice|switch 5|move 4\n|\n|switch|p1a: Precious|Hydreigon, F|288\/329\n|-damage|p1a: Precious|247\/329|[from] Stealth Rock\n|move|p2a: Dona Florinda|Synthesis|p2a: Dona Florinda\n|-heal|p2a: Dona Florinda|364\/364\n|\n|turn|34\n|choice|move 1|move 4\n|\n|move|p1a: Precious|Dark Pulse|p2a: Dona Florinda\n|-damage|p2a: Dona Florinda|255\/364\n|cant|p2a: Dona Florinda|flinch\n|\n|turn|35\n|choice|switch 2|move 4\n|\n|switch|p1a: Weapon-X|Metagross-Mega|165\/301\n|-damage|p1a: Weapon-X|147\/301|[from] Stealth Rock\n|move|p2a: Dona Florinda|Synthesis|p2a: Dona Florinda\n|-heal|p2a: Dona Florinda|364\/364\n|\n|turn|36\n|choice|move 1|switch 5\n|\n|switch|p2a: Kiko|Garchomp, M|235\/417\n|-damage|p2a: Kiko|209\/417|[from] Stealth Rock\n|move|p1a: Weapon-X|Hone Claws|p1a: Weapon-X\n|-boost|p1a: Weapon-X|atk|1\n|-boost|p1a: Weapon-X|accuracy|1\n|\n|turn|37\n|choice|move 2|move 3\n|\n|move|p1a: Weapon-X|Meteor Mash|p2a: Kiko\n|-damage|p2a: Kiko|0 fnt\n|-damage|p1a: Weapon-X|110\/301|[from] ability: Rough Skin|[of] p2a: Kiko\n|-damage|p1a: Weapon-X|60\/301|[from] item: Rocky Helmet|[of] p2a: Kiko\n|-boost|p1a: Weapon-X|atk|1\n|faint|p2a: Kiko\n|\n|choice||switch 3\n|\n|switch|p2a: Chiquinha|Excadrill, F|350\/361\n|-damage|p2a: Chiquinha|339\/361|[from] Stealth Rock\n|-ability|p2a: Chiquinha|Mold Breaker\n|turn|38\n|choice|move 4|move 2\n|\n|move|p2a: Chiquinha|Earthquake|p1a: Weapon-X\n|-supereffective|p1a: Weapon-X\n|-damage|p1a: Weapon-X|0 fnt\n|faint|p1a: Weapon-X\n|\n|choice|switch 5|\n|\n|switch|p1a: Flooffy paws|Landorus-Therian, M|158\/382\n|-damage|p1a: Flooffy paws|111\/382|[from] Stealth Rock\n|-ability|p1a: Flooffy paws|Intimidate\n|-unboost|p2a: Chiquinha|atk|1\n|turn|39\n|choice|move 2|switch 5\n|\n|switch|p2a: Dona Florinda|Venusaur-Mega, F|364\/364\n|-damage|p2a: Dona Florinda|319\/364|[from] Stealth Rock\n|move|p1a: Flooffy paws|Earthquake|p2a: Dona Florinda\n|-damage|p2a: Dona Florinda|207\/364\n|\n|-heal|p1a: Flooffy paws|134\/382|[from] item: Leftovers\n|turn|40\n|choice|move 2|move 1\n|\n|move|p1a: Flooffy paws|Earthquake|p2a: Dona Florinda\n|-damage|p2a: Dona Florinda|99\/364\n|move|p2a: Dona Florinda|Giga Drain|p1a: Flooffy paws\n|-damage|p1a: Flooffy paws|16\/382\n|-heal|p2a: Dona Florinda|158\/364|[from] drain|[of] p1a: Flooffy paws\n|\n|-heal|p1a: Flooffy paws|39\/382|[from] item: Leftovers\n|turn|41\n|choice|move 2|move 4\n|\n|move|p1a: Flooffy paws|Earthquake|p2a: Dona Florinda\n|-crit|p2a: Dona Florinda\n|-damage|p2a: Dona Florinda|1\/364\n|move|p2a: Dona Florinda|Synthesis|p2a: Dona Florinda\n|-heal|p2a: Dona Florinda|183\/364\n|\n|-heal|p1a: Flooffy paws|62\/382|[from] item: Leftovers\n|turn|42\n|choice|move 2|move 4\n|\n|move|p1a: Flooffy paws|Earthquake|p2a: Dona Florinda\n|-damage|p2a: Dona Florinda|72\/364\n|move|p2a: Dona Florinda|Synthesis|p2a: Dona Florinda\n|-heal|p2a: Dona Florinda|254\/364\n|\n|-heal|p1a: Flooffy paws|85\/382|[from] item: Leftovers\n|turn|43\n|choice|move 2|move 4\n|\n|move|p1a: Flooffy paws|Earthquake|p2a: Dona Florinda\n|-damage|p2a: Dona Florinda|152\/364\n|move|p2a: Dona Florinda|Synthesis|p2a: Dona Florinda\n|-heal|p2a: Dona Florinda|334\/364\n|\n|-heal|p1a: Flooffy paws|108\/382|[from] item: Leftovers\n|turn|44\n|choice|move 2|move 1\n|\n|move|p1a: Flooffy paws|Earthquake|p2a: Dona Florinda\n|-damage|p2a: Dona Florinda|228\/364\n|move|p2a: Dona Florinda|Giga Drain|p1a: Flooffy paws\n|-damage|p1a: Flooffy paws|0 fnt\n|-heal|p2a: Dona Florinda|282\/364|[from] drain|[of] p1a: Flooffy paws\n|faint|p1a: Flooffy paws\n|\n|choice|switch 2|\n|\n|switch|p1a: Precious|Hydreigon, F|247\/329\n|-damage|p1a: Precious|206\/329|[from] Stealth Rock\n|turn|45\n|choice|move 1|switch 4\n|\n|switch|p2a: Nhonho|Slowbro, M|217\/393\n|-damage|p2a: Nhonho|168\/393|[from] Stealth Rock\n|move|p1a: Precious|Dark Pulse|p2a: Nhonho\n|-supereffective|p2a: Nhonho\n|-damage|p2a: Nhonho|0 fnt\n|faint|p2a: Nhonho\n|\n|choice||switch 2\n|\n|switch|p2a: Paty|Sylveon, F|207\/389\n|-damage|p2a: Paty|159\/389|[from] Stealth Rock\n|turn|46\n|choice|switch 3|move 1\n|\n|switch|p1a: Cuddles|Azumarill, F|351\/401\n|-damage|p1a: Cuddles|301\/401|[from] Stealth Rock\n|move|p2a: Paty|Wish|p2a: Paty\n|\n|-heal|p2a: Paty|183\/389|[from] item: Leftovers\n|turn|47\n|choice|move 4|switch 4\n|\n|switch|p2a: Dona Florinda|Venusaur-Mega, F|282\/364\n|-damage|p2a: Dona Florinda|237\/364|[from] Stealth Rock\n|move|p1a: Cuddles|Knock Off|p2a: Dona Florinda\n|-damage|p2a: Dona Florinda|175\/364\n|\n|-heal|p2a: Dona Florinda|364\/364|[from] move: Wish|[wisher] Paty\n|turn|48\n|choice|switch 3|move 2\n|\n|switch|p1a: Precious|Hydreigon, F|206\/329\n|-damage|p1a: Precious|165\/329|[from] Stealth Rock\n|move|p2a: Dona Florinda|Sludge Bomb|p1a: Precious\n|-damage|p1a: Precious|21\/329\n|\n|turn|49\n|choice|move 3|switch 4\n|\n|switch|p2a: Paty|Sylveon, F|183\/389\n|-damage|p2a: Paty|135\/389|[from] Stealth Rock\n|move|p1a: Precious|Flamethrower|p2a: Paty\n|-damage|p2a: Paty|62\/389\n|\n|-heal|p2a: Paty|86\/389|[from] item: Leftovers\n|turn|50\n|choice|move 3|move 1\n|\n|move|p1a: Precious|Flamethrower|p2a: Paty\n|-damage|p2a: Paty|23\/389\n|move|p2a: Paty|Wish|p2a: Paty\n|\n|-heal|p2a: Paty|47\/389|[from] item: Leftovers\n|turn|51\n|c|\u2605ohmboy tesla|gg man, solid venu team :)\n|choice|move 3|move 2\n|\n|move|p2a: Paty|Protect|p2a: Paty\n|-singleturn|p2a: Paty|Protect\n|move|p1a: Precious|Flamethrower|p2a: Paty\n|-activate|p2a: Paty|Protect\n|\n|-heal|p2a: Paty|241\/389|[from] move: Wish|[wisher] Paty\n|-heal|p2a: Paty|265\/389|[from] item: Leftovers\n|turn|52\n|c|\u2605RQWT4|gg ty\n|choice|switch 6|move 3\n|\n|switch|p1a: Washington|Rotom-Wash|304\/304 slp\n|-damage|p1a: Washington|266\/304 slp|[from] Stealth Rock\n|move|p2a: Paty|Hyper Voice|p1a: Washington\n|-crit|p1a: Washington\n|-damage|p1a: Washington|71\/304 slp\n|\n|-heal|p1a: Washington|90\/304 slp|[from] item: Leftovers\n|-heal|p2a: Paty|289\/389|[from] item: Leftovers\n|turn|53\n|choice|move 1|move 3\n|\n|cant|p1a: Washington|slp\n|move|p2a: Paty|Hyper Voice|p1a: Washington\n|-damage|p1a: Washington|0 fnt\n|faint|p1a: Washington\n|\n|-heal|p2a: Paty|313\/389|[from] item: Leftovers\n|choice|switch 6|\n|\n|switch|p1a: Precious|Hydreigon, F|21\/329\n|-damage|p1a: Precious|0 fnt|[from] Stealth Rock\n|faint|p1a: Precious\n|choice|switch 3|\n|\n|switch|p1a: Cuddles|Azumarill, F|301\/401\n|-damage|p1a: Cuddles|251\/401|[from] Stealth Rock\n|turn|54\n|choice|move 3|move 3\n|\n|move|p2a: Paty|Hyper Voice|p1a: Cuddles\n|-damage|p1a: Cuddles|124\/401\n|move|p1a: Cuddles|Play Rough|p2a: Paty\n|-damage|p2a: Paty|36\/389\n|\n|-heal|p2a: Paty|60\/389|[from] item: Leftovers\n|turn|55\n|choice|move 1|move 3\n|\n|move|p1a: Cuddles|Aqua Jet|p2a: Paty\n|-damage|p2a: Paty|0 fnt\n|faint|p2a: Paty\n|\n|choice||switch 4\n|\n|switch|p2a: Dona Florinda|Venusaur-Mega, F|364\/364\n|-damage|p2a: Dona Florinda|319\/364|[from] Stealth Rock\n|turn|56\n|choice|move 3|move 1\n|\n|move|p2a: Dona Florinda|Giga Drain|p1a: Cuddles\n|-supereffective|p1a: Cuddles\n|-damage|p1a: Cuddles|0 fnt\n|-heal|p2a: Dona Florinda|364\/364|[from] drain|[of] p1a: Cuddles\n|faint|p1a: Cuddles\n|\n|win|RQWT4\n|raw|ohmboy tesla's rating: 1350 &rarr; <strong>1331<\/strong><br \/>(-19 for losing)\n|raw|RQWT4's rating: 1374 &rarr; <strong>1393<\/strong><br \/>(+19 for winning)\n|player|p1|Guest 266656|136","inputlog":null,"uploadtime":1449062812,"views":2,"p1id":"ohmboytesla","p2id":"rqwt4","formatid":"oususpecttest","rating":1331,"private":0,"password":null}