{"id":"oususpecttest-351383229","p1":"HauntersNightmare","p2":"Meloriver \u30fd\u035c","format":"oususpecttest","log":"|j|HauntersNightmare\n|j|Meloriver \u30fd\u035c\n|player|p1|HauntersNightmare|153\n|player|p2|Meloriver \u30fd\u035c|124\n|gametype|singles\n|gen|6\n|tier|OU (suspect test)\n|rated\n|seed|\n|rule|Sleep Clause Mod: Limit one foe put to sleep\n|rule|Species Clause: Limit one of each Pok\u00e9mon\n|rule|OHKO Clause: OHKO moves are banned\n|rule|Moody Clause: Moody is banned\n|rule|Evasion Moves Clause: Evasion moves are banned\n|rule|Endless Battle Clause: Forcing endless battles is banned\n|rule|HP Percentage Mod: HP is shown in percentages\n|clearpoke\n|poke|p1|Keldeo|item\n|poke|p1|Celebi|item\n|poke|p1|Chansey, F|item\n|poke|p1|Landorus-Therian, M|item\n|poke|p1|Scizor, F|item\n|poke|p1|Tornadus-Therian, M|item\n|poke|p2|Clefable, F|item\n|poke|p2|Gliscor, M|item\n|poke|p2|Tyranitar, M|item\n|poke|p2|Heatran, M|item\n|poke|p2|Venusaur, M|item\n|poke|p2|Slowking, M|item\n|rule|Swagger Clause: Swagger is banned\n|rule|Baton Pass Clause: Limit one Baton Passer, can't pass Spe and other stats simultaneously\n|teampreview\n|choice||\n|\n|start\n|switch|p1a: Tornadus|Tornadus-Therian, M|100\/100\n|switch|p2a: Agnaktor|Heatran, M|100\/100\n|-item|p2a: Agnaktor|Air Balloon\n|turn|1\n|choice||\n|\n|move|p1a: Tornadus|Focus Blast|p2a: Agnaktor\n|-supereffective|p2a: Agnaktor\n|-damage|p2a: Agnaktor|32\/100\n|-enditem|p2a: Agnaktor|Air Balloon\n|move|p2a: Agnaktor|Magma Storm|p1a: Tornadus\n|-damage|p1a: Tornadus|61\/100\n|-activate|p1a: Tornadus|move: Magma Storm|[of] p2a: Agnaktor\n|\n|-damage|p1a: Tornadus|49\/100|[from] move: Magma Storm|[partiallytrapped]\n|turn|2\n|choice||\n|\n|switch|p2a: Congalala|Clefable, F|100\/100\n|move|p1a: Tornadus|U-turn|p2a: Congalala\n|-resisted|p2a: Congalala\n|-crit|p2a: Congalala\n|-damage|p2a: Congalala|90\/100\n|choice||\n|\n|switch|p1a: Celebi|Celebi|100\/100\n|\n|-heal|p2a: Congalala|96\/100|[from] item: Leftovers\n|turn|3\n|choice||\n|\n|move|p1a: Celebi|Nasty Plot|p1a: Celebi\n|-boost|p1a: Celebi|spa|2\n|move|p2a: Congalala|Stealth Rock|p1a: Celebi\n|-sidestart|p1: HauntersNightmare|move: Stealth Rock\n|\n|-heal|p2a: Congalala|100\/100|[from] item: Leftovers\n|turn|4\n|choice||\n|\n|move|p1a: Celebi|Nasty Plot|p1a: Celebi\n|-boost|p1a: Celebi|spa|2\n|move|p2a: Congalala|Moonblast|p1a: Celebi\n|-damage|p1a: Celebi|77\/100\n|-unboost|p1a: Celebi|spa|1\n|\n|-heal|p1a: Celebi|83\/100|[from] item: Leftovers\n|turn|5\n|choice||\n|\n|move|p1a: Celebi|Nasty Plot|p1a: Celebi\n|-boost|p1a: Celebi|spa|2\n|move|p2a: Congalala|Thunder Wave|p1a: Celebi\n|-status|p1a: Celebi|par\n|\n|-heal|p1a: Celebi|89\/100 par|[from] item: Leftovers\n|turn|6\n|choice||\n|\n|move|p2a: Congalala|Moonblast|p1a: Celebi\n|-damage|p1a: Celebi|64\/100 par\n|-unboost|p1a: Celebi|spa|1\n|cant|p1a: Celebi|par\n|\n|-heal|p1a: Celebi|71\/100 par|[from] item: Leftovers\n|turn|7\n|choice||\n|\n|move|p2a: Congalala|Moonblast|p1a: Celebi\n|-damage|p1a: Celebi|46\/100 par\n|-unboost|p1a: Celebi|spa|1\n|cant|p1a: Celebi|par\n|\n|-heal|p1a: Celebi|52\/100 par|[from] item: Leftovers\n|turn|8\n|choice||\n|\n|switch|p2a: Deviljho|Tyranitar, M|100\/100\n|-weather|Sandstorm|[from] ability: Sand Stream|[of] p2a: Deviljho\n|move|p1a: Celebi|Recover|p1a: Celebi\n|-heal|p1a: Celebi|100\/100 par\n|\n|-weather|Sandstorm|[upkeep]\n|-damage|p1a: Celebi|94\/100 par|[from] sandstorm\n|-heal|p1a: Celebi|100\/100 par|[from] item: Leftovers\n|turn|9\n|choice||\n|\n|move|p2a: Deviljho|Crunch|p1a: Celebi\n|-supereffective|p1a: Celebi\n|-damage|p1a: Celebi|43\/100 par\n|move|p1a: Celebi|Giga Drain|p2a: Deviljho\n|-supereffective|p2a: Deviljho\n|-damage|p2a: Deviljho|15\/100\n|-heal|p1a: Celebi|79\/100 par|[from] drain|[of] p2a: Deviljho\n|\n|-weather|Sandstorm|[upkeep]\n|-damage|p1a: Celebi|73\/100 par|[from] sandstorm\n|-heal|p1a: Celebi|79\/100 par|[from] item: Leftovers\n|turn|10\n|choice||\n|\n|-curestatus|p1a: Celebi|par|[from] ability: Natural Cure\n|switch|p1a: Landorus|Landorus-Therian, M|100\/100\n|-damage|p1a: Landorus|88\/100|[from] Stealth Rock\n|-ability|p1a: Landorus|Intimidate|boost\n|-unboost|p2a: Deviljho|atk|1\n|move|p2a: Deviljho|Crunch|p1a: Landorus\n|-damage|p1a: Landorus|68\/100\n|\n|-weather|Sandstorm|[upkeep]\n|-heal|p1a: Landorus|74\/100|[from] item: Leftovers\n|turn|11\n|choice||\n|\n|switch|p2a: Agnaktor|Heatran, M|32\/100\n|move|p1a: Landorus|U-turn|p2a: Agnaktor\n|-resisted|p2a: Agnaktor\n|-damage|p2a: Agnaktor|27\/100\n|choice||\n|\n|switch|p1a: Keldeo|Keldeo|100\/100\n|-damage|p1a: Keldeo|94\/100|[from] Stealth Rock\n|\n|-weather|Sandstorm|[upkeep]\n|-damage|p1a: Keldeo|88\/100|[from] sandstorm\n|turn|12\n|choice||\n|\n|switch|p2a: Ludroth|Slowking, M|100\/100\n|move|p1a: Keldeo|Scald|p2a: Ludroth\n|-resisted|p2a: Ludroth\n|-damage|p2a: Ludroth|84\/100\n|-status|p2a: Ludroth|brn\n|\n|-weather|none\n|-heal|p2a: Ludroth|90\/100 brn|[from] item: Leftovers\n|-damage|p2a: Ludroth|77\/100 brn|[from] brn\n|turn|13\n|choice||\n|\n|switch|p1a: Chansey|Chansey, F|100\/100\n|-damage|p1a: Chansey|88\/100|[from] Stealth Rock\n|switch|p2a: Deviljho|Tyranitar, M|15\/100\n|-weather|Sandstorm|[from] ability: Sand Stream|[of] p2a: Deviljho\n|\n|-weather|Sandstorm|[upkeep]\n|-damage|p1a: Chansey|82\/100|[from] sandstorm\n|turn|14\n|choice||\n|\n|move|p2a: Deviljho|Superpower|p1a: Chansey\n|-supereffective|p1a: Chansey\n|-damage|p1a: Chansey|26\/100\n|-unboost|p2a: Deviljho|atk|1\n|-unboost|p2a: Deviljho|def|1\n|move|p1a: Chansey|Thunder Wave|p2a: Deviljho\n|-status|p2a: Deviljho|par\n|\n|-weather|Sandstorm|[upkeep]\n|-damage|p1a: Chansey|20\/100|[from] sandstorm\n|turn|15\n|choice||\n|\n|switch|p2a: Nargacuga|Gliscor, M|100\/100\n|move|p1a: Chansey|Soft-Boiled|p1a: Chansey\n|-heal|p1a: Chansey|70\/100\n|\n|-weather|Sandstorm|[upkeep]\n|-damage|p1a: Chansey|64\/100|[from] sandstorm\n|-status|p2a: Nargacuga|tox|[from] item: Toxic Orb\n|turn|16\n|choice||\n|\n|switch|p1a: Booty Sree|Scizor, F|100\/100\n|-damage|p1a: Booty Sree|88\/100|[from] Stealth Rock\n|move|p2a: Nargacuga|Knock Off|p1a: Booty Sree\n|-damage|p1a: Booty Sree|77\/100\n|\n|-weather|Sandstorm|[upkeep]\n|turn|17\n|choice||\n|\n|detailschange|p1a: Booty Sree|Scizor-Mega, F\n|-mega|p1a: Booty Sree|Scizor|Scizorite\n|move|p2a: Nargacuga|Taunt|p1a: Booty Sree\n|-start|p1a: Booty Sree|move: Taunt\n|cant|p1a: Booty Sree|move: Taunt|Swords Dance\n|\n|-weather|none\n|turn|18\n|choice||\n|\n|move|p2a: Nargacuga|Earthquake|p1a: Booty Sree\n|-damage|p1a: Booty Sree|57\/100\n|move|p1a: Booty Sree|Knock Off|p2a: Nargacuga\n|-damage|p2a: Nargacuga|74\/100 tox\n|-enditem|p2a: Nargacuga|Toxic Orb|[from] move: Knock Off|[of] p1a: Booty Sree\n|\n|-heal|p2a: Nargacuga|86\/100 tox|[from] ability: Poison Heal\n|turn|19\n|choice||\n|\n|switch|p1a: Keldeo|Keldeo|88\/100\n|-damage|p1a: Keldeo|82\/100|[from] Stealth Rock\n|move|p2a: Nargacuga|Knock Off|p1a: Keldeo\n|-resisted|p1a: Keldeo\n|-damage|p1a: Keldeo|70\/100\n|-ability|p1a: Keldeo|Justified|boost\n|-boost|p1a: Keldeo|atk|1\n|-enditem|p1a: Keldeo|Choice Scarf|[from] move: Knock Off|[of] p2a: Nargacuga\n|\n|-heal|p2a: Nargacuga|99\/100 tox|[from] ability: Poison Heal\n|turn|20\n|choice||\n|\n|switch|p1a: Celebi|Celebi|79\/100\n|-damage|p1a: Celebi|67\/100|[from] Stealth Rock\n|switch|p2a: Ludroth|Slowking, M|100\/100 brn\n|\n|-heal|p1a: Celebi|73\/100|[from] item: Leftovers\n|-damage|p2a: Ludroth|88\/100 brn|[from] brn\n|turn|21\n|choice||\n|\n|switch|p2a: Agnaktor|Heatran, M|27\/100\n|move|p1a: Celebi|Nasty Plot|p1a: Celebi\n|-boost|p1a: Celebi|spa|2\n|\n|-heal|p1a: Celebi|79\/100|[from] item: Leftovers\n|turn|22\n|choice||\n|\n|move|p2a: Agnaktor|Magma Storm|p1a: Celebi|[miss]\n|-miss|p2a: Agnaktor|p1a: Celebi\n|move|p1a: Celebi|Baton Pass|p1a: Celebi\n|choice||\n|\n|switch|p1a: Keldeo|Keldeo|70\/100\n|-damage|p1a: Keldeo|63\/100|[from] Stealth Rock\n|\n|turn|23\n|choice||\n|\n|switch|p2a: Deviljho|Tyranitar, M|15\/100 par\n|-weather|Sandstorm|[from] ability: Sand Stream|[of] p2a: Deviljho\n|move|p1a: Keldeo|Scald|p2a: Deviljho\n|-supereffective|p2a: Deviljho\n|-damage|p2a: Deviljho|0 fnt\n|faint|p2a: Deviljho\n|\n|-weather|Sandstorm|[upkeep]\n|-damage|p1a: Keldeo|57\/100|[from] sandstorm\n|choice||\n|\n|switch|p2a: Ludroth|Slowking, M|100\/100 brn\n|turn|24\n|choice||\n|\n|switch|p1a: Chansey|Chansey, F|64\/100\n|-damage|p1a: Chansey|51\/100|[from] Stealth Rock\n|move|p2a: Ludroth|Psyshock|p1a: Chansey\n|-damage|p1a: Chansey|34\/100\n|\n|-weather|Sandstorm|[upkeep]\n|-damage|p1a: Chansey|28\/100|[from] sandstorm\n|-damage|p2a: Ludroth|94\/100 brn|[from] sandstorm\n|-heal|p2a: Ludroth|100\/100 brn|[from] item: Leftovers\n|-damage|p2a: Ludroth|88\/100 brn|[from] brn\n|turn|25\n|choice||\n|\n|switch|p2a: Nargacuga|Gliscor, M|99\/100 tox\n|move|p1a: Chansey|Soft-Boiled|p1a: Chansey\n|-heal|p1a: Chansey|78\/100\n|\n|-weather|Sandstorm|[upkeep]\n|-damage|p1a: Chansey|72\/100|[from] sandstorm\n|-heal|p2a: Nargacuga|100\/100 tox|[from] ability: Poison Heal\n|turn|26\n|choice||\n|\n|switch|p1a: Landorus|Landorus-Therian, M|74\/100\n|-damage|p1a: Landorus|61\/100|[from] Stealth Rock\n|-ability|p1a: Landorus|Intimidate|boost\n|-unboost|p2a: Nargacuga|atk|1\n|move|p2a: Nargacuga|Knock Off|p1a: Landorus\n|-damage|p1a: Landorus|51\/100\n|-enditem|p1a: Landorus|Leftovers|[from] move: Knock Off|[of] p2a: Nargacuga\n|\n|-weather|Sandstorm|[upkeep]\n|turn|27\n|choice||\n|\n|move|p2a: Nargacuga|Taunt|p1a: Landorus\n|-start|p1a: Landorus|move: Taunt\n|move|p1a: Landorus|U-turn|p2a: Nargacuga\n|-resisted|p2a: Nargacuga\n|-damage|p2a: Nargacuga|92\/100 tox\n|choice||\n|\n|switch|p1a: Keldeo|Keldeo|57\/100\n|-damage|p1a: Keldeo|51\/100|[from] Stealth Rock\n|\n|-weather|none\n|-heal|p2a: Nargacuga|100\/100 tox|[from] ability: Poison Heal\n|turn|28\n|choice||\n|\n|switch|p2a: Ludroth|Slowking, M|100\/100 brn\n|move|p1a: Keldeo|Hydro Pump|p2a: Ludroth\n|-resisted|p2a: Ludroth\n|-damage|p2a: Ludroth|80\/100 brn\n|\n|-heal|p2a: Ludroth|86\/100 brn|[from] item: Leftovers\n|-damage|p2a: Ludroth|73\/100 brn|[from] brn\n|turn|29\n|choice||\n|\n|switch|p1a: Celebi|Celebi|79\/100\n|-damage|p1a: Celebi|67\/100|[from] Stealth Rock\n|move|p2a: Ludroth|Scald|p1a: Celebi\n|-resisted|p1a: Celebi\n|-damage|p1a: Celebi|56\/100\n|\n|-heal|p1a: Celebi|62\/100|[from] item: Leftovers\n|-heal|p2a: Ludroth|79\/100 brn|[from] item: Leftovers\n|-damage|p2a: Ludroth|67\/100 brn|[from] brn\n|turn|30\n|choice||\n|\n|switch|p2a: Agnaktor|Heatran, M|27\/100\n|move|p1a: Celebi|Baton Pass|p1a: Celebi\n|choice||\n|\n|switch|p1a: Tornadus|Tornadus-Therian, M|82\/100\n|-damage|p1a: Tornadus|57\/100|[from] Stealth Rock\n|\n|turn|31\n|choice||\n|\n|switch|p2a: Congalala|Clefable, F|100\/100\n|move|p1a: Tornadus|Focus Blast|p2a: Congalala\n|-resisted|p2a: Congalala\n|-damage|p2a: Congalala|88\/100\n|\n|-heal|p2a: Congalala|94\/100|[from] item: Leftovers\n|turn|32\n|choice||\n|\n|move|p1a: Tornadus|Hurricane|p2a: Congalala\n|-crit|p2a: Congalala\n|-damage|p2a: Congalala|39\/100\n|move|p2a: Congalala|Thunder Wave|p1a: Tornadus\n|-status|p1a: Tornadus|par\n|\n|-heal|p2a: Congalala|45\/100|[from] item: Leftovers\n|turn|33\n|choice||\n|\n|switch|p1a: Booty Sree|Scizor-Mega, F|57\/100\n|-damage|p1a: Booty Sree|45\/100|[from] Stealth Rock\n|move|p2a: Congalala|Soft-Boiled|p2a: Congalala\n|-heal|p2a: Congalala|95\/100\n|\n|-heal|p2a: Congalala|100\/100|[from] item: Leftovers\n|turn|34\n|choice||\n|\n|switch|p2a: Yama Tsukami|Venusaur, M|100\/100\n|move|p1a: Booty Sree|Roost|p1a: Booty Sree\n|-heal|p1a: Booty Sree|95\/100\n|\n|turn|35\n|choice||\n|\n|switch|p1a: Chansey|Chansey, F|72\/100\n|-damage|p1a: Chansey|60\/100|[from] Stealth Rock\n|detailschange|p2a: Yama Tsukami|Venusaur-Mega, M\n|-mega|p2a: Yama Tsukami|Venusaur|Venusaurite\n|move|p2a: Yama Tsukami|Hidden Power|p1a: Chansey\n|-damage|p1a: Chansey|54\/100\n|\n|turn|36\n|choice||\n|\n|switch|p2a: Nargacuga|Gliscor, M|100\/100 tox\n|move|p1a: Chansey|Soft-Boiled|p1a: Chansey\n|-heal|p1a: Chansey|100\/100\n|\n|turn|37\n|choice||\n|\n|switch|p1a: Booty Sree|Scizor-Mega, F|95\/100\n|-damage|p1a: Booty Sree|83\/100|[from] Stealth Rock\n|move|p2a: Nargacuga|Taunt|p1a: Booty Sree\n|-start|p1a: Booty Sree|move: Taunt\n|\n|turn|38\n|choice||\n|\n|switch|p1a: Landorus|Landorus-Therian, M|51\/100\n|-damage|p1a: Landorus|38\/100|[from] Stealth Rock\n|-ability|p1a: Landorus|Intimidate|boost\n|-unboost|p2a: Nargacuga|atk|1\n|move|p2a: Nargacuga|Earthquake|p1a: Landorus\n|-immune|p1a: Landorus|[msg]\n|\n|turn|39\n|choice||\n|\n|move|p2a: Nargacuga|Knock Off|p1a: Landorus\n|-damage|p1a: Landorus|31\/100\n|move|p1a: Landorus|U-turn|p2a: Nargacuga\n|-resisted|p2a: Nargacuga\n|-damage|p2a: Nargacuga|91\/100 tox\n|choice||\n|\n|switch|p1a: Keldeo|Keldeo|51\/100\n|-damage|p1a: Keldeo|45\/100|[from] Stealth Rock\n|\n|-heal|p2a: Nargacuga|100\/100 tox|[from] ability: Poison Heal\n|turn|40\n|choice||\n|\n|switch|p1a: Celebi|Celebi|62\/100\n|-damage|p1a: Celebi|50\/100|[from] Stealth Rock\n|switch|p2a: Ludroth|Slowking, M|99\/100 brn\n|\n|-heal|p1a: Celebi|56\/100|[from] item: Leftovers\n|-heal|p2a: Ludroth|100\/100 brn|[from] item: Leftovers\n|-damage|p2a: Ludroth|88\/100 brn|[from] brn\n|turn|41\n|choice||\n|\n|switch|p2a: Agnaktor|Heatran, M|27\/100\n|move|p1a: Celebi|Nasty Plot|p1a: Celebi\n|-boost|p1a: Celebi|spa|2\n|\n|-heal|p1a: Celebi|62\/100|[from] item: Leftovers\n|turn|42\n|choice||\n|\n|move|p2a: Agnaktor|Taunt|p1a: Celebi\n|-start|p1a: Celebi|move: Taunt\n|cant|p1a: Celebi|move: Taunt|Baton Pass\n|\n|-heal|p1a: Celebi|69\/100|[from] item: Leftovers\n|turn|43\n|choice||\n|\n|switch|p1a: Chansey|Chansey, F|100\/100\n|-damage|p1a: Chansey|88\/100|[from] Stealth Rock\n|move|p2a: Agnaktor|Magma Storm|p1a: Chansey\n|-damage|p1a: Chansey|72\/100\n|-activate|p1a: Chansey|move: Magma Storm|[of] p2a: Agnaktor\n|\n|-damage|p1a: Chansey|60\/100|[from] move: Magma Storm|[partiallytrapped]\n|turn|44\n|choice||\n|\n|switch|p2a: Nargacuga|Gliscor, M|100\/100 tox\n|move|p1a: Chansey|Seismic Toss|p2a: Nargacuga\n|-damage|p2a: Nargacuga|72\/100 tox\n|\n|-heal|p2a: Nargacuga|85\/100 tox|[from] ability: Poison Heal\n|turn|45\n|choice||\n|\n|switch|p1a: Keldeo|Keldeo|45\/100\n|-damage|p1a: Keldeo|39\/100|[from] Stealth Rock\n|move|p2a: Nargacuga|Taunt|p1a: Keldeo\n|-start|p1a: Keldeo|move: Taunt\n|\n|-heal|p2a: Nargacuga|97\/100 tox|[from] ability: Poison Heal\n|turn|46\n|choice||\n|\n|switch|p1a: Booty Sree|Scizor-Mega, F|83\/100\n|-damage|p1a: Booty Sree|70\/100|[from] Stealth Rock\n|switch|p2a: Ludroth|Slowking, M|100\/100 brn\n|\n|-damage|p2a: Ludroth|88\/100 brn|[from] brn\n|turn|47\n|choice||\n|\n|switch|p2a: Yama Tsukami|Venusaur-Mega, M|100\/100\n|move|p1a: Booty Sree|Swords Dance|p1a: Booty Sree\n|-boost|p1a: Booty Sree|atk|2\n|\n|turn|48\n|choice||\n|\n|move|p1a: Booty Sree|Bullet Punch|p2a: Yama Tsukami\n|-damage|p2a: Yama Tsukami|54\/100\n|move|p2a: Yama Tsukami|Hidden Power|p1a: Booty Sree\n|-supereffective|p1a: Booty Sree\n|-damage|p1a: Booty Sree|0 fnt\n|faint|p1a: Booty Sree\n|\n|-message|HauntersNightmare forfeited.\n|\n|win|Meloriver \u30fd\u035c\n|player|p1\n|player|p2\n|l|HauntersNightmare\n|raw|HauntersNightmare's rating: 1000 &rarr; <strong>1000<\/strong><br \/>(+0 for losing)\n|raw|Meloriver \u30fd\u035c's rating: 1099 &rarr; <strong>1118<\/strong><br \/>(+19 for winning)","inputlog":null,"uploadtime":1459223433,"views":0,"p1id":"hauntersnightmare","p2id":"meloriver","formatid":"oususpecttest","rating":1000,"private":0,"password":null}