{"id":"oususpecttest-299805622","p1":"ohmboy tesla","p2":"Dah-Neck-E","format":"oususpecttest","log":"|join|ohmboy tesla\n|join|Dah-Neck-E\n|player|p1|ohmboy tesla|136\n|player|p2|Dah-Neck-E|209\n|gametype|singles\n|gen|6\n|tier|OU (suspect test)\n|rated\n|seed|38624,11462,35478,40133\n|clearpoke\n|poke|p1|Hydreigon, F\n|poke|p1|Metagross\n|poke|p1|Rotom-Wash\n|poke|p1|Azumarill, F\n|poke|p1|Landorus-Therian, M\n|poke|p1|Heatran, M\n|poke|p2|Medicham, M, shiny\n|poke|p2|Bisharp, M\n|poke|p2|Togekiss, M\n|poke|p2|Ferrothorn, F\n|poke|p2|Tornadus-Therian, M\n|poke|p2|Rotom-Wash\n|rule|Swagger Clause: Swagger is banned\n|rule|Baton Pass Clause: Limit one Baton Passer, can't pass Spe and other stats simultaneously\n|rule|Sleep Clause Mod: Limit one foe put to sleep\n|rule|Species Clause: Limit one of each Pok\u00e9mon\n|rule|OHKO Clause: OHKO moves are banned\n|rule|Moody Clause: Moody is banned\n|rule|Evasion Moves Clause: Evasion moves are banned\n|rule|Endless Battle Clause: Forcing endless battles is banned\n|rule|HP Percentage Mod: HP is shown in percentages\n|teampreview\n|choice|team 1|team 4\n|\n|start\n|switch|p1a: Precious|Hydreigon, F|329\/329\n|switch|p2a: Gyro Ballin'|Ferrothorn, F|352\/352\n|turn|1\n|choice|move 3|switch 6\n|\n|switch|p2a: Gameboy H20|Rotom-Wash|241\/241\n|move|p1a: Precious|Flamethrower|p2a: Gameboy H20\n|-resisted|p2a: Gameboy H20\n|-damage|p2a: Gameboy H20|189\/241\n|\n|turn|2\n|choice|switch 3|move 1\n|\n|switch|p1a: Washington|Rotom-Wash|304\/304\n|move|p2a: Gameboy H20|Volt Switch|p1a: Washington\n|-crit|p1a: Washington\n|-damage|p1a: Washington|147\/304\n|choice||switch 4\n|\n|switch|p2a: Siddh\u0101rtha|Medicham, M, shiny|261\/261\n|\n|-heal|p1a: Washington|166\/304|[from] item: Leftovers\n|turn|3\n|choice|switch 5|move 1 mega\n|\n|switch|p1a: Flooffy paws|Landorus-Therian, M|382\/382\n|-ability|p1a: Flooffy paws|Intimidate\n|-unboost|p2a: Siddh\u0101rtha|atk|1\n|detailschange|p2a: Siddh\u0101rtha|Medicham-Mega, M, shiny\n|-mega|p2a: Siddh\u0101rtha|Medicham|Medichamite\n|move|p2a: Siddh\u0101rtha|Fake Out|p1a: Flooffy paws\n|-damage|p1a: Flooffy paws|344\/382\n|\n|-heal|p1a: Flooffy paws|367\/382|[from] item: Leftovers\n|turn|4\n|choice|switch 6|switch 6\n|\n|switch|p2a: Gyro Ballin'|Ferrothorn, F|352\/352\n|switch|p1a: Tony|Heatran, M|385\/385\n|\n|turn|5\n|choice|move 2|switch 4\n|\n|switch|p2a: Gameboy H20|Rotom-Wash|189\/241\n|move|p1a: Tony|Lava Plume|p2a: Gameboy H20\n|-resisted|p2a: Gameboy H20\n|-crit|p2a: Gameboy H20\n|-damage|p2a: Gameboy H20|101\/241\n|\n|turn|6\n|choice|move 1|move 2\n|\n|move|p1a: Tony|Protect|p1a: Tony\n|-singleturn|p1a: Tony|Protect\n|move|p2a: Gameboy H20|Hydro Pump|p1a: Tony\n|-activate|p1a: Tony|Protect\n|\n|turn|7\n|choice|switch 4|move 2\n|\n|switch|p1a: Cuddles|Azumarill, F|401\/401\n|move|p2a: Gameboy H20|Hydro Pump|p1a: Cuddles\n|-resisted|p1a: Cuddles\n|-damage|p1a: Cuddles|340\/401\n|\n|turn|8\n|choice|move 4|switch 4\n|\n|switch|p2a: Gyro Ballin'|Ferrothorn, F|352\/352\n|move|p1a: Cuddles|Knock Off|p2a: Gyro Ballin'\n|-damage|p2a: Gyro Ballin'|264\/352\n|-damage|p1a: Cuddles|290\/401|[from] ability: Iron Barbs|[of] p2a: Gyro Ballin'\n|-enditem|p2a: Gyro Ballin'|Leftovers|[from] move: Knock Off|[of] p1a: Cuddles\n|\n|turn|9\n|choice|switch 4|move 3\n|\n|switch|p1a: Tony|Heatran, M|385\/385\n|move|p2a: Gyro Ballin'|Leech Seed|p1a: Tony\n|-start|p1a: Tony|move: Leech Seed\n|\n|-damage|p1a: Tony|337\/385|[from] Leech Seed|[of] p2a: Gyro Ballin'\n|-heal|p2a: Gyro Ballin'|312\/352|[silent]\n|turn|10\n|choice|move 2|switch 3\n|\n|switch|p2a: Jay Jay Jet|Togekiss, M|374\/374\n|move|p1a: Tony|Lava Plume|p2a: Jay Jay Jet\n|-damage|p2a: Jay Jay Jet|295\/374\n|\n|-heal|p2a: Jay Jay Jet|318\/374|[from] item: Leftovers\n|-heal|p1a: Tony|361\/385|[from] item: Leftovers\n|-damage|p1a: Tony|313\/385|[from] Leech Seed|[of] p2a: Jay Jay Jet\n|-heal|p2a: Jay Jay Jet|366\/374|[silent]\n|turn|11\n|choice|switch 6|move 3\n|\n|switch|p1a: Flooffy paws|Landorus-Therian, M|367\/382\n|-ability|p1a: Flooffy paws|Intimidate\n|-unboost|p2a: Jay Jay Jet|atk|1\n|move|p2a: Jay Jay Jet|Roost|p2a: Jay Jay Jet\n|-heal|p2a: Jay Jay Jet|374\/374\n|\n|-heal|p1a: Flooffy paws|382\/382|[from] item: Leftovers\n|turn|12\n|choice|move 4|move 1\n|\n|move|p1a: Flooffy paws|Knock Off|p2a: Jay Jay Jet\n|-resisted|p2a: Jay Jay Jet\n|-damage|p2a: Jay Jay Jet|323\/374\n|-enditem|p2a: Jay Jay Jet|Leftovers|[from] move: Knock Off|[of] p1a: Flooffy paws\n|move|p2a: Jay Jay Jet|Air Slash|p1a: Flooffy paws\n|-damage|p1a: Flooffy paws|258\/382\n|\n|-heal|p1a: Flooffy paws|281\/382|[from] item: Leftovers\n|turn|13\n|choice|move 1|switch 3\n|\n|switch|p2a: Gyro Ballin'|Ferrothorn, F|312\/352\n|move|p1a: Flooffy paws|Stealth Rock|p2a: Gyro Ballin'\n|-sidestart|p2: Dah-Neck-E|move: Stealth Rock\n|\n|-heal|p1a: Flooffy paws|304\/382|[from] item: Leftovers\n|turn|14\n|choice|switch 6|move 1\n|\n|switch|p1a: Tony|Heatran, M|313\/385\n|move|p2a: Gyro Ballin'|Stealth Rock|p1a: Tony\n|-sidestart|p1: ohmboy tesla|move: Stealth Rock\n|\n|-heal|p1a: Tony|337\/385|[from] item: Leftovers\n|turn|15\n|choice|move 2|move 3\n|\n|move|p1a: Tony|Lava Plume|p2a: Gyro Ballin'\n|-supereffective|p2a: Gyro Ballin'\n|-damage|p2a: Gyro Ballin'|0 fnt\n|faint|p2a: Gyro Ballin'\n|\n|-heal|p1a: Tony|361\/385|[from] item: Leftovers\n|choice||switch 4\n|\n|switch|p2a: Gameboy H20|Rotom-Wash|101\/241\n|-damage|p2a: Gameboy H20|71\/241|[from] Stealth Rock\n|turn|16\n|choice|move 1|move 1\n|\n|move|p1a: Tony|Protect|p1a: Tony\n|-singleturn|p1a: Tony|Protect\n|move|p2a: Gameboy H20|Volt Switch|p1a: Tony\n|-activate|p1a: Tony|Protect\n|\n|-heal|p1a: Tony|385\/385|[from] item: Leftovers\n|turn|17\n|choice|move 3|move 1\n|\n|move|p2a: Gameboy H20|Volt Switch|p1a: Tony\n|-damage|p1a: Tony|306\/385\n|choice||switch 3\n|\n|switch|p2a: Jay Jay Jet|Togekiss, M|323\/374\n|-damage|p2a: Jay Jay Jet|230\/374|[from] Stealth Rock\n|move|p1a: Tony|Toxic|p2a: Jay Jay Jet\n|-status|p2a: Jay Jay Jet|tox\n|\n|-heal|p1a: Tony|330\/385|[from] item: Leftovers\n|-damage|p2a: Jay Jay Jet|207\/374 tox|[from] psn\n|turn|18\n|choice|move 1|move 3\n|\n|move|p1a: Tony|Protect|p1a: Tony\n|-singleturn|p1a: Tony|Protect\n|move|p2a: Jay Jay Jet|Roost|p2a: Jay Jay Jet\n|-heal|p2a: Jay Jay Jet|374\/374 tox\n|\n|-heal|p1a: Tony|354\/385|[from] item: Leftovers\n|-damage|p2a: Jay Jay Jet|328\/374 tox|[from] psn\n|turn|19\n|choice|switch 6|switch 3\n|\n|switch|p2a: Gameboy H20|Rotom-Wash|71\/241\n|-damage|p2a: Gameboy H20|41\/241|[from] Stealth Rock\n|switch|p1a: Flooffy paws|Landorus-Therian, M|304\/382\n|-damage|p1a: Flooffy paws|257\/382|[from] Stealth Rock\n|-ability|p1a: Flooffy paws|Intimidate\n|-unboost|p2a: Gameboy H20|atk|1\n|\n|-heal|p1a: Flooffy paws|280\/382|[from] item: Leftovers\n|turn|20\n|choice|switch 3|move 2\n|\n|switch|p1a: Precious|Hydreigon, F|329\/329\n|-damage|p1a: Precious|288\/329|[from] Stealth Rock\n|move|p2a: Gameboy H20|Hydro Pump|p1a: Precious\n|-resisted|p1a: Precious\n|-crit|p1a: Precious\n|-damage|p1a: Precious|147\/329\n|\n|turn|21\n|choice|move 4|switch 3\n|\n|switch|p2a: Jay Jay Jet|Togekiss, M|328\/374 tox\n|-damage|p2a: Jay Jay Jet|235\/374 tox|[from] Stealth Rock\n|move|p1a: Precious|U-turn|p2a: Jay Jay Jet\n|-resisted|p2a: Jay Jay Jet\n|-damage|p2a: Jay Jay Jet|221\/374 tox\n|choice|switch 3|\n|\n|switch|p1a: Flooffy paws|Landorus-Therian, M|280\/382\n|-damage|p1a: Flooffy paws|233\/382|[from] Stealth Rock\n|-ability|p1a: Flooffy paws|Intimidate\n|-unboost|p2a: Jay Jay Jet|atk|1\n|\n|-heal|p1a: Flooffy paws|256\/382|[from] item: Leftovers\n|-damage|p2a: Jay Jay Jet|198\/374 tox|[from] psn\n|turn|22\n|choice|move 2|move 2\n|\n|move|p1a: Flooffy paws|Earthquake|p2a: Jay Jay Jet\n|-immune|p2a: Jay Jay Jet|[msg]\n|move|p2a: Jay Jay Jet|Dazzling Gleam|p1a: Flooffy paws\n|-damage|p1a: Flooffy paws|112\/382\n|\n|-heal|p1a: Flooffy paws|135\/382|[from] item: Leftovers\n|-damage|p2a: Jay Jay Jet|152\/374 tox|[from] psn\n|turn|23\n|choice|move 3|move 3\n|\n|move|p1a: Flooffy paws|Stone Edge|p2a: Jay Jay Jet|[miss]\n|-miss|p1a: Flooffy paws|p2a: Jay Jay Jet\n|move|p2a: Jay Jay Jet|Roost|p2a: Jay Jay Jet\n|-heal|p2a: Jay Jay Jet|339\/374 tox\n|\n|-heal|p1a: Flooffy paws|158\/382|[from] item: Leftovers\n|-damage|p2a: Jay Jay Jet|270\/374 tox|[from] psn\n|turn|24\n|choice|move 3|move 3\n|\n|move|p1a: Flooffy paws|Stone Edge|p2a: Jay Jay Jet|[miss]\n|-miss|p1a: Flooffy paws|p2a: Jay Jay Jet\n|move|p2a: Jay Jay Jet|Roost|p2a: Jay Jay Jet\n|-heal|p2a: Jay Jay Jet|374\/374 tox\n|\n|-heal|p1a: Flooffy paws|181\/382|[from] item: Leftovers\n|-damage|p2a: Jay Jay Jet|282\/374 tox|[from] psn\n|turn|25\n|choice|move 3|switch 6\n|\n|switch|p2a: Siddh\u0101rtha|Medicham-Mega, M, shiny|261\/261\n|-damage|p2a: Siddh\u0101rtha|245\/261|[from] Stealth Rock\n|move|p1a: Flooffy paws|Stone Edge|p2a: Siddh\u0101rtha\n|-resisted|p2a: Siddh\u0101rtha\n|-damage|p2a: Siddh\u0101rtha|188\/261\n|\n|-heal|p1a: Flooffy paws|204\/382|[from] item: Leftovers\n|turn|26\n|choice|move 2|move 1\n|\n|move|p2a: Siddh\u0101rtha|Fake Out|p1a: Flooffy paws\n|-damage|p1a: Flooffy paws|142\/382\n|cant|p1a: Flooffy paws|flinch\n|\n|-heal|p1a: Flooffy paws|165\/382|[from] item: Leftovers\n|turn|27\n|choice|switch 6|move 4\n|\n|switch|p1a: Tony|Heatran, M|354\/385\n|-damage|p1a: Tony|306\/385|[from] Stealth Rock\n|move|p2a: Siddh\u0101rtha|Zen Headbutt|p1a: Tony\n|-resisted|p1a: Tony\n|-damage|p1a: Tony|185\/385\n|\n|-heal|p1a: Tony|209\/385|[from] item: Leftovers\n|turn|28\n|choice|move 1|move 3\n|\n|move|p1a: Tony|Protect|p1a: Tony\n|-singleturn|p1a: Tony|Protect\n|move|p2a: Siddh\u0101rtha|Drain Punch|p1a: Tony\n|-activate|p1a: Tony|Protect\n|\n|-heal|p1a: Tony|233\/385|[from] item: Leftovers\n|turn|29\n|choice|switch 6|switch 2\n|\n|switch|p2a: Bishop|Bisharp, M|271\/271\n|-damage|p2a: Bishop|255\/271|[from] Stealth Rock\n|switch|p1a: Flooffy paws|Landorus-Therian, M|165\/382\n|-damage|p1a: Flooffy paws|118\/382|[from] Stealth Rock\n|-ability|p1a: Flooffy paws|Intimidate\n|-unboost|p2a: Bishop|atk|1\n|-activate|p2a: Bishop|ability: Defiant\n|-boost|p2a: Bishop|atk|2|[from] ability: Defiant\n|\n|-heal|p1a: Flooffy paws|141\/382|[from] item: Leftovers\n|turn|30\n|choice|move 2|move 2\n|\n|move|p2a: Bishop|Sucker Punch|p1a: Flooffy paws\n|-crit|p1a: Flooffy paws\n|-damage|p1a: Flooffy paws|0 fnt\n|-damage|p2a: Bishop|228\/271|[from] item: Life Orb\n|faint|p1a: Flooffy paws\n|\n|choice|switch 4|\n|\n|switch|p1a: Cuddles|Azumarill, F|290\/401\n|-damage|p1a: Cuddles|240\/401|[from] Stealth Rock\n|turn|31\n|choice|move 2|move 3\n|\n|move|p2a: Bishop|Iron Head|p1a: Cuddles\n|-damage|p1a: Cuddles|0 fnt\n|-damage|p2a: Bishop|201\/271|[from] item: Life Orb\n|faint|p1a: Cuddles\n|\n|choice|switch 3|\n|\n|switch|p1a: Precious|Hydreigon, F|147\/329\n|-damage|p1a: Precious|106\/329|[from] Stealth Rock\n|turn|32\n|choice|move 3|move 2\n|\n|move|p2a: Bishop|Sucker Punch|p1a: Precious\n|-resisted|p1a: Precious\n|-crit|p1a: Precious\n|-damage|p1a: Precious|0 fnt\n|-damage|p2a: Bishop|174\/271|[from] item: Life Orb\n|faint|p1a: Precious\n|\n|c|\u2605ohmboy tesla|urgh, those crits man...\n|c|\u2605ohmboy tesla|oh well\n|choice|switch 2|\n|\n|switch|p1a: Weapon-X|Metagross|301\/301\n|-damage|p1a: Weapon-X|283\/301|[from] Stealth Rock\n|turn|33\n|c|\u2605Dah-Neck-E|sorry :\/\n|c|\u2605ohmboy tesla|nah, its ok\n|choice|move 1 mega|move 1\n|\n|detailschange|p1a: Weapon-X|Metagross-Mega\n|-mega|p1a: Weapon-X|Metagross|Metagrossite\n|move|p1a: Weapon-X|Hone Claws|p1a: Weapon-X\n|-boost|p1a: Weapon-X|atk|1\n|-boost|p1a: Weapon-X|accuracy|1\n|move|p2a: Bishop|Knock Off|p1a: Weapon-X\n|-supereffective|p1a: Weapon-X\n|-damage|p1a: Weapon-X|0 fnt\n|-damage|p2a: Bishop|147\/271|[from] item: Life Orb\n|faint|p1a: Weapon-X\n|\n|c|\u2605ohmboy tesla|seems like you've got this anyway xD\n|choice|switch 5|\n|\n|switch|p1a: Washington|Rotom-Wash|166\/304\n|-damage|p1a: Washington|128\/304|[from] Stealth Rock\n|turn|34\n|choice|move 1|move 1\n|\n|move|p2a: Bishop|Knock Off|p1a: Washington\n|-damage|p1a: Washington|0 fnt\n|-enditem|p1a: Washington|Leftovers|[from] move: Knock Off|[of] p2a: Bishop\n|-damage|p2a: Bishop|120\/271|[from] item: Life Orb\n|faint|p1a: Washington\n|\n|choice|switch 6|\n|\n|switch|p1a: Tony|Heatran, M|233\/385\n|-damage|p1a: Tony|185\/385|[from] Stealth Rock\n|turn|35\n|c|\u2605Dah-Neck-E|yeah i think i got this xD\n|choice|move 1|move 1\n|\n|move|p1a: Tony|Protect|p1a: Tony\n|-singleturn|p1a: Tony|Protect\n|move|p2a: Bishop|Knock Off|p1a: Tony\n|-activate|p1a: Tony|Protect\n|\n|-heal|p1a: Tony|209\/385|[from] item: Leftovers\n|turn|36\n|choice|move 2|move 2\n|\n|move|p2a: Bishop|Sucker Punch|p1a: Tony\n|-damage|p1a: Tony|0 fnt\n|-damage|p2a: Bishop|93\/271|[from] item: Life Orb\n|faint|p1a: Tony\n|\n|win|Dah-Neck-E\n|raw|ohmboy tesla's rating: 1329 &rarr; <strong>1311<\/strong><br \/>(-18 for losing)\n|raw|Dah-Neck-E's rating: 1354 &rarr; <strong>1373<\/strong><br \/>(+19 for winning)\n|c|\u2605Dah-Neck-E|gg\n|c|\u2605ohmboy tesla|gg","inputlog":null,"uploadtime":1449054599,"views":1,"p1id":"ohmboytesla","p2id":"dahnecke","formatid":"oususpecttest","rating":1311,"private":0,"password":null}