{"id":"pandora-ou-1189202","p1":"VIVAHONDURAS","p2":"Meds","format":"ou","log":"|join|VIVAHONDURAS\n|join|Meds\n|player|p1|VIVAHONDURAS|115\n|player|p2|Meds|78\n|gametype|singles\n|gen|6\n|tier|OU\n|clearpoke\n|poke|p1|Pinsir, M\n|poke|p1|Rotom-Wash\n|poke|p1|Swampert, F\n|poke|p1|Jirachi\n|poke|p1|Togekiss, F\n|poke|p1|Gliscor, F, shiny\n|poke|p2|Weavile, F, shiny\n|poke|p2|Chansey, F\n|poke|p2|Mew\n|poke|p2|Quagsire, F, shiny\n|poke|p2|Clefable, F\n|poke|p2|Gardevoir, F\n|rule|Cl\u00e1usula de Swagger: se prohibe el uso de Swagger\n|rule|Cl\u00e1usula de Baton Pass: se proh\u00edbe m\u00e1s de 1 Pok\u00e9mon con Baton Pass\n|rule|Cl\u00e1usula de Dormir: solo puedes dormir a uno de tus oponentes a la vez.\n|rule|Cl\u00e1usula de Especie: Hasta un Pok\u00e9mon de cada especie\n|rule|Cl\u00e1usula de Golpe Fulminante: los movimientos fulminantes (OHKO) estan prohibidos\n|rule|Cl\u00e1usula de Moody: la habilidad Moody est\u00e1 prohibida\n|rule|Cl\u00e1usula de Movimientos Evasivos: los movimientos de evasion estan prohibidos\n|rule|Cl\u00e1usula de Batallas Eternas: forzar batallas eternas est\u00e1 prohibido\n|rule|Modo de Porcentaje de HP: el HP es mostrado en porcentaje\n|teampreview\n|c|\u2605Meds|espera deja pongo el link en el grupo\n|c|\u2605VIVAHONDURAS|ok\n|c|\u2605VIVAHONDURAS|pero no eres admin, no quiero pelear contra el pueblo\n|join|mariome\n|c|\u2605VIVAHONDURAS|pero comoquiera\n|c|\u2605VIVAHONDURAS|yolo\n|c| mariome|YA SE ARMO\n|join|Sharylieber\n|c| Sharylieber|:o\n|c|\u2605Meds|jajaja que se hagan los putazos e_e\n|c|\u2605VIVAHONDURAS|cuando gustes\n|c|\u2605Meds|te ganare con mi team rosa uwu\n|\n|start\n|switch|p1a: Kevin|Rotom-Wash|304\/304\n|switch|p2a: Mew|Mew|404\/404\n|turn|1\n|c|\u2605VIVAHONDURAS|no sabia que iba a ser OU\n|c|\u2605VIVAHONDURAS|rip in pce\n|\n|move|p2a: Mew|Will-O-Wisp|p1a: Kevin\n|-status|p1a: Kevin|brn\n|move|p1a: Kevin|Will-O-Wisp|p2a: Mew\n|-status|p2a: Mew|brn\n|\n|-damage|p2a: Mew|354\/404 brn|[from] brn\n|-damage|p1a: Kevin|266\/304 brn|[from] brn\n|turn|2\n|c|\u2605Meds|k\n|c| mariome|OYE TU PUEDES HONDURAS\n|\n|move|p2a: Mew|Heal Bell|p2a: Mew\n|-cureteam|p2a: Mew|[from] move: HealBell\n|move|p1a: Kevin|Hydro Pump|p2a: Mew\n|-damage|p2a: Mew|224\/404\n|\n|-heal|p2a: Mew|249\/404|[from] item: Leftovers\n|-heal|p1a: Kevin|285\/304 brn|[from] item: Leftovers\n|-damage|p1a: Kevin|247\/304 brn|[from] brn\n|turn|3\n|c| Sharylieber|:o\n|\n|move|p2a: Mew|Roost|p2a: Mew\n|-heal|p2a: Mew|404\/404\n|move|p1a: Kevin|Will-O-Wisp|p2a: Mew\n|-status|p2a: Mew|brn\n|\n|-heal|p1a: Kevin|266\/304 brn|[from] item: Leftovers\n|-damage|p2a: Mew|354\/404 brn|[from] brn\n|-damage|p1a: Kevin|228\/304 brn|[from] brn\n|turn|4\n|\n|switch|p2a: Clefable|Clefable, F|394\/394\n|move|p1a: Kevin|Hydro Pump|p2a: Clefable\n|-damage|p2a: Clefable|240\/394\n|\n|-heal|p1a: Kevin|247\/304 brn|[from] item: Leftovers\n|-heal|p2a: Clefable|264\/394|[from] item: Leftovers\n|-damage|p1a: Kevin|209\/304 brn|[from] brn\n|turn|5\n|\n|move|p1a: Kevin|Volt Switch|p2a: Clefable\n|-damage|p2a: Clefable|165\/394\n|\n|switch|p1a: Kevin|Jirachi|341\/341\n|move|p2a: Clefable|Calm Mind|p2a: Clefable\n|-boost|p2a: Clefable|spa|1\n|-boost|p2a: Clefable|spd|1\n|\n|-heal|p2a: Clefable|189\/394|[from] item: Leftovers\n|turn|6\n|c|\u2605Meds|si sabes jugar xd\n|c| mariome|TERMINALOOOOOOOOOOOOOOOOOOOOOOO\n|\n|switch|p2a: Quagsire|Quagsire, F, shiny|394\/394\n|move|p1a: Kevin|Iron Head|p2a: Quagsire\n|-resisted|p2a: Quagsire\n|-damage|p2a: Quagsire|343\/394\n|\n|-heal|p2a: Quagsire|367\/394|[from] item: Leftovers\n|turn|7\n|c|\u2605Meds|7m7\n|\n|switch|p1a: Kevin|Gliscor, F, shiny|354\/354\n|move|p2a: Quagsire|Scald|p1a: Kevin\n|-supereffective|p1a: Kevin\n|-damage|p1a: Kevin|174\/354\n|\n|-heal|p2a: Quagsire|391\/394|[from] item: Leftovers\n|-status|p1a: Kevin|tox|[from] item: Toxic Orb\n|turn|8\n|c| Sharylieber|gogogogo\n|\n|switch|p1a: Kevin|Swampert, F|404\/404\n|move|p2a: Quagsire|Scald|p1a: Kevin\n|-damage|p1a: Kevin|328\/404\n|\n|-heal|p1a: Kevin|353\/404|[from] item: Leftovers\n|-heal|p2a: Quagsire|394\/394|[from] item: Leftovers\n|turn|9\n|\n|move|p1a: Kevin|Stealth Rock|p2a: Quagsire\n|-sidestart|p2: Meds|move: Stealth Rock\n|move|p2a: Quagsire|Toxic|p1a: Kevin\n|-status|p1a: Kevin|tox\n|\n|-heal|p1a: Kevin|378\/404 tox|[from] item: Leftovers\n|-damage|p1a: Kevin|353\/404 tox|[from] psn\n|turn|10\n|c|\u2605Meds|:v\n|c| Sharylieber|:l\n|\n|switch|p2a: Mew|Mew|354\/404 brn\n|-damage|p2a: Mew|304\/404 brn|[from] Stealth Rock\n|move|p1a: Kevin|Roar|p2a: Mew\n|drag|p2a: Weavile|Weavile, F, shiny|282\/282\n|-damage|p2a: Weavile|212\/282|[from] Stealth Rock\n|\n|-heal|p1a: Kevin|378\/404 tox|[from] item: Leftovers\n|-damage|p1a: Kevin|328\/404 tox|[from] psn\n|turn|11\n|join|Phantrox\n|\n|move|p2a: Weavile|Knock Off|p1a: Kevin\n|-damage|p1a: Kevin|198\/404 tox\n|-enditem|p1a: Kevin|Leftovers|[from] move: Knock Off|[of] p2a: Weavile\n|move|p1a: Kevin|Earthquake|p2a: Weavile\n|-damage|p2a: Weavile|41\/282\n|\n|-damage|p1a: Kevin|123\/404 tox|[from] psn\n|turn|12\n|c| mariome|1V1 FGT\n|\n|switch|p2a: Mew|Mew|304\/404 brn\n|-damage|p2a: Mew|254\/404 brn|[from] Stealth Rock\n|switch|p1a: Kevin|Gliscor, F, shiny|174\/354 tox\n|\n|-heal|p2a: Mew|279\/404 brn|[from] item: Leftovers\n|-heal|p1a: Kevin|218\/354 tox|[from] ability: Poison Heal\n|-damage|p2a: Mew|229\/404 brn|[from] brn\n|turn|13\n|join|Rafiky\n|c| Phantrox|adadad\n|\n|move|p1a: Kevin|Roost|p1a: Kevin\n|-heal|p1a: Kevin|354\/354 tox\n|move|p2a: Mew|Defog|p1a: Kevin\n|-unboost|p1a: Kevin|evasion|1\n|-sideend|p2: Meds|Stealth Rock|[from] move: Defog|[of] p2a: Mew\n|\n|-heal|p2a: Mew|254\/404 brn|[from] item: Leftovers\n|-damage|p2a: Mew|204\/404 brn|[from] brn\n|turn|14\n|\n|move|p1a: Kevin|Substitute|p1a: Kevin\n|-start|p1a: Kevin|Substitute\n|-damage|p1a: Kevin|266\/354 tox\n|move|p2a: Mew|Heal Bell|p2a: Mew\n|-cureteam|p2a: Mew|[from] move: HealBell\n|\n|-heal|p2a: Mew|229\/404|[from] item: Leftovers\n|-heal|p1a: Kevin|310\/354 tox|[from] ability: Poison Heal\n|turn|15\n|c| Sharylieber|D:!\n|c|\u2605Meds|lol\n|\n|switch|p2a: Clefable|Clefable, F|189\/394\n|move|p1a: Kevin|Toxic|p2a: Clefable\n|-status|p2a: Clefable|tox\n|\n|-heal|p2a: Clefable|213\/394 tox|[from] item: Leftovers\n|-heal|p1a: Kevin|354\/354 tox|[from] ability: Poison Heal\n|turn|16\n|c|\u2605Meds|izi\n|join|Miguel Exe\n|c| Miguel Exe|Hola amiguitos\n|c|\u2605VIVAHONDURAS|woah\n|c|\u2605Meds|hola miguel uwu\n|c| Rafiky|Hola\n|c|\u2605VIVAHONDURAS|woah\n|c|\u2605VIVAHONDURAS|woah\n|c| mariome|AHORAAAAAAAAAAAA\n|c|\u2605VIVAHONDURAS|G\n|c|\u2605VIVAHONDURAS|T\n|c|\u2605VIVAHONDURAS|F\n|c|\u2605VIVAHONDURAS|O\n|c| Sharylieber|m\u00e1taloo\n|c|\u2605Meds|no puede\n|c|\u2605Meds|:T\n|c| Miguel Exe|Me dijeron que Mario estaba haciendo posts sobre mi\n|c| Miguel Exe|Deja lo baneo de aqui\n|\n|move|p1a: Kevin|Earthquake|p2a: Clefable\n|-damage|p2a: Clefable|128\/394 tox\n|move|p2a: Clefable|Soft-Boiled|p2a: Clefable\n|-heal|p2a: Clefable|325\/394 tox\n|\n|-heal|p2a: Clefable|349\/394 tox|[from] item: Leftovers\n|turn|17\n|c| Sharylieber|:c pero tiene mis poderes\n|c| Sharylieber|gogo\n|c| Miguel Exe|No soy Roberto\n|\n|move|p1a: Kevin|Earthquake|p2a: Clefable\n|-damage|p2a: Clefable|267\/394 tox\n|move|p2a: Clefable|Moonblast|p1a: Kevin\n|-crit|p1a: Kevin\n|-end|p1a: Kevin|Substitute\n|\n|-heal|p2a: Clefable|291\/394 tox|[from] item: Leftovers\n|turn|18\n|\n|switch|p1a: Kevin|Jirachi|341\/341\n|move|p2a: Clefable|Moonblast|p1a: Kevin\n|-resisted|p1a: Kevin\n|-damage|p1a: Kevin|289\/341\n|\n|-heal|p2a: Clefable|315\/394 tox|[from] item: Leftovers\n|turn|19\n|c| Miguel Exe|Soy Frostwar Kappa\n|c| Phantrox|quien es roberto?\n|c| Phantrox|donde esta ruben\n|c|\u2605VIVAHONDURAS|yo\n|c|\u2605VIVAHONDURAS|hola\n|c| mariome|rub = hondruas\n|c| mariome|honduras\n|c| Phantrox|GO HONDURAS\n|\n|switch|p2a: Quagsire|Quagsire, F, shiny|394\/394\n|move|p1a: Kevin|Iron Head|p2a: Quagsire\n|-resisted|p2a: Quagsire\n|-damage|p2a: Quagsire|342\/394\n|\n|-heal|p2a: Quagsire|366\/394|[from] item: Leftovers\n|turn|20\n|c|\u2605Meds|lel\n|c|\u2605VIVAHONDURAS|y sabia\n|c|\u2605VIVAHONDURAS|):\n|c| Miguel Exe|Outplayed\n|\n|switch|p1a: Kevin|Togekiss, F|374\/374\n|move|p2a: Quagsire|Scald|p1a: Kevin\n|-damage|p1a: Kevin|326\/374\n|\n|-heal|p1a: Kevin|349\/374|[from] item: Leftovers\n|-heal|p2a: Quagsire|390\/394|[from] item: Leftovers\n|turn|21\n|\n|move|p1a: Kevin|Thunder Wave|p2a: Quagsire\n|-immune|p2a: Quagsire|[msg]\n|move|p2a: Quagsire|Toxic|p1a: Kevin|[miss]\n|-miss|p2a: Quagsire|p1a: Kevin\n|\n|-heal|p1a: Kevin|372\/374|[from] item: Leftovers\n|-heal|p2a: Quagsire|394\/394|[from] item: Leftovers\n|turn|22\n|c|\u2605Meds|lol\n|c|\u2605VIVAHONDURAS|oops\n|c|\u2605VIVAHONDURAS|wrong click\n|c| Miguel Exe|Wrong dick?\n|c|\u2605VIVAHONDURAS|duck\n|c|\u2605Meds|miss click*\n|\n|move|p1a: Kevin|Air Slash|p2a: Quagsire\n|-damage|p2a: Quagsire|255\/394\n|move|p2a: Quagsire|Toxic|p1a: Kevin\n|-status|p1a: Kevin|tox\n|\n|-heal|p1a: Kevin|374\/374 tox|[from] item: Leftovers\n|-heal|p2a: Quagsire|279\/394|[from] item: Leftovers\n|-damage|p1a: Kevin|351\/374 tox|[from] psn\n|turn|23\n|c| mariome|ye\n|\n|switch|p2a: Chansey|Chansey, F|704\/704\n|move|p1a: Kevin|Air Slash|p2a: Chansey\n|-damage|p2a: Chansey|640\/704\n|\n|-heal|p1a: Kevin|374\/374 tox|[from] item: Leftovers\n|-damage|p1a: Kevin|328\/374 tox|[from] psn\n|turn|24\n|\n|switch|p1a: Kevin|Pinsir, M|271\/271\n|move|p2a: Chansey|Wish|p2a: Chansey\n|\n|turn|25\n|\n|switch|p2a: Quagsire|Quagsire, F, shiny|279\/394\n|detailschange|p1a: Kevin|Pinsir-Mega, M\n|message|Pinsir ha megaevolucionado a Pinsir-Mega!\n|move|p1a: Kevin|Swords Dance|p1a: Kevin\n|-boost|p1a: Kevin|atk|2\n|\n|-heal|p2a: Quagsire|394\/394|[from] move: Wish|[wisher] Chansey\n|turn|26\n|c|\u2605Meds|;_;\n|\n|move|p1a: Kevin|Return|p2a: Quagsire\n|-damage|p2a: Quagsire|187\/394\n|move|p2a: Quagsire|Scald|p1a: Kevin\n|-crit|p1a: Kevin\n|-damage|p1a: Kevin|159\/271\n|\n|-heal|p2a: Quagsire|211\/394|[from] item: Leftovers\n|turn|27\n|c| Rafiky|Mega pinsir op\n|\n|move|p1a: Kevin|Return|p2a: Quagsire\n|-damage|p2a: Quagsire|13\/394\n|move|p2a: Quagsire|Recover|p2a: Quagsire\n|-heal|p2a: Quagsire|210\/394\n|\n|-heal|p2a: Quagsire|234\/394|[from] item: Leftovers\n|turn|28\n|c|\u2605Meds|me la pela :v\n|\n|move|p1a: Kevin|Return|p2a: Quagsire\n|-damage|p2a: Quagsire|0 fnt\n|faint|p2a: Quagsire\n|\n|c| Sharylieber|\u00f1o\n|c|\u2605Meds|lel\n|c| mariome|:l\n|\n|switch|p2a: Mew|Mew|229\/404\n|turn|29\n|c| mariome|rekt\n|\n|move|p1a: Kevin|Return|p2a: Mew\n|-damage|p2a: Mew|0 fnt\n|faint|p2a: Mew\n|\n|c| Miguel Exe|Los crits\n|c|\u2605Meds|D:\n|c| mariome|LOL\n|\n|switch|p2a: Weavile|Weavile, F, shiny|41\/282\n|turn|30\n|c|\u2605Meds|gg\n|c| Miguel Exe|Se parece a mi Xerath\n|\n|move|p1a: Kevin|Quick Attack|p2a: Weavile\n|-crit|p2a: Weavile\n|-damage|p2a: Weavile|0 fnt\n|faint|p2a: Weavile\n|\n|c|\u2605VIVAHONDURAS|gg\n|c| Sharylieber|GG\n|\n|switch|p2a: Gardevoir|Gardevoir, F|277\/277\n|-ability|p2a: Gardevoir|Aerilate|[from] ability: Trace|[of] p1a: Kevin\n|turn|31\n|\n|detailschange|p2a: Gardevoir|Gardevoir-Mega, F\n|message|Gardevoir ha megaevolucionado a Gardevoir-Mega!\n|move|p1a: Kevin|Return|p2a: Gardevoir\n|-damage|p2a: Gardevoir|0 fnt\n|faint|p2a: Gardevoir\n|\n|c| mariome|LOL\n|\n|switch|p2a: Chansey|Chansey, F|640\/704\n|turn|32\n|c|\u2605Meds|:c\n|c| Miguel Exe|Hacks\n|\n|move|p1a: Kevin|Return|p2a: Chansey\n|-damage|p2a: Chansey|0 fnt\n|faint|p2a: Chansey\n|\n|c| mariome|LOLOL\n|c| Sharylieber|hAHHAHA\n|\n|switch|p2a: Clefable|Clefable, F|315\/394 tox\n|turn|33\n|c|\u2605Meds|:(\n|c|\u2605Meds|<\/3\n|\n|move|p1a: Kevin|Return|p2a: Clefable\n|-damage|p2a: Clefable|0 fnt\n|faint|p2a: Clefable\n|\n|win|VIVAHONDURAS\n|c| mariome|rekt\n|c|\u2605VIVAHONDURAS|welp\n|c| Sharylieber|OP!\n|c|\u2605VIVAHONDURAS|gg \n|c| Sharylieber|KEVIN <3\n|c| Miguel Exe|gg\n|c| mariome|gg\n|c| Miguel Exe|easy\n|join|(CF) Alexanz TM\n|c| mariome|g\n|c| Rafiky|REKT\n|c| mariome|g\n|c| mariome|g\n|c| mariome|g\n|c|\u2605Meds|:v\n|c| mariome|g\n|c| mariome|g\n|c| mariome|g\n|c| Sharylieber|GG\n|leave|Meds\n|player|p2\n|leave|mariome\n|leave|Miguel Exe","inputlog":null,"uploadtime":1411947727,"views":1,"p1id":"vivahonduras","p2id":"meds","formatid":"ou","rating":0,"private":0,"password":null}