{"id":"radicalred-gen8customgame-298241","p1":"GeoPongues","p2":"quixana","format":"gen8customgame","log":"|j|\u2606GeoPongues\n|j|\u2606quixana\n|t:|1667620802\n|gametype|singles\n|player|p1|GeoPongues|2|\n|player|p2|quixana|ethan-pokeathlon|\n|teamsize|p1|6\n|teamsize|p2|6\n|gen|8\n|tier|[Gen 8] Custom Game\n|rated|Tournament battle\n|clearpoke\n|poke|p1|Ursaluna, M|\n|poke|p1|Wyrdeer, M|\n|poke|p1|Avalugg-Hisui, M|\n|poke|p1|Kleavor, M|\n|poke|p1|Basculegion, M|\n|poke|p1|Porygon2|\n|poke|p2|Basculegion, M|\n|poke|p2|Kleavor, F|\n|poke|p2|Electrode-Hisui|\n|poke|p2|Overqwil, F|\n|poke|p2|Arcanine-Hisui, M|\n|poke|p2|Landorus-Therian, M|\n|teampreview\n|c|\u2606quixana|hf\n|j| NATALlE\n|inactive|Battle timer is ON: inactive players will automatically lose when time's up. (requested by GeoPongues)\n|c|\u2606GeoPongues|U2\n|\n|t:|1667620842\n|start\n|switch|p1a: Wyrdeer|Wyrdeer, M|410\/410\n|switch|p2a: Basculegion|Basculegion, M|414\/414\n|-ability|p1a: Wyrdeer|Intimidate|boost\n|-unboost|p2a: Basculegion|atk|1\n|turn|1\n|\n|t:|1667620852\n|switch|p1a: Porygon2|Porygon2|374\/374\n|-ability|p1a: Porygon2|Adaptability|[from] ability: Trace|[of] p2a: Basculegion\n|move|p2a: Basculegion|Flip Turn|p1a: Porygon2\n|-damage|p1a: Porygon2|286\/374\n|\n|t:|1667620875\n|switch|p2a: Kleavor|Kleavor, F|311\/311\n|\n|upkeep\n|turn|2\n|\n|t:|1667620883\n|move|p2a: Kleavor|Knock Off|p1a: Porygon2\n|-damage|p1a: Porygon2|177\/374\n|-enditem|p1a: Porygon2|Eviolite|[from] move: Knock Off|[of] p2a: Kleavor\n|move|p1a: Porygon2|Trick Room|p1a: Porygon2\n|-fieldstart|move: Trick Room|[of] p1a: Porygon2\n|\n|upkeep\n|turn|3\n|\n|t:|1667620899\n|switch|p1a: Ursaluna|Ursaluna, M|463\/463\n|switch|p2a: Basculegion|Basculegion, M|414\/414\n|\n|-status|p1a: Ursaluna|brn|[from] item: Flame Orb\n|upkeep\n|turn|4\n|inactive|quixana has 120 seconds left.\n|inactive|quixana has 90 seconds left.\n|inactive|quixana has 60 seconds left.\n|\n|t:|1667621005\n|switch|p2a: Landorus|Landorus-Therian, M|382\/382\n|-ability|p2a: Landorus|Intimidate|boost\n|-unboost|p1a: Ursaluna|atk|1\n|move|p1a: Ursaluna|Headlong Rush|p2a: Landorus\n|-immune|p2a: Landorus\n|\n|-damage|p1a: Ursaluna|435\/463 brn|[from] brn\n|upkeep\n|turn|5\n|inactive|GeoPongues has 120 seconds left.\n|\n|t:|1667621032\n|move|p1a: Ursaluna|Facade|p2a: Landorus\n|-damage|p2a: Landorus|57\/382\n|move|p2a: Landorus|U-turn|p1a: Ursaluna\n|-damage|p1a: Ursaluna|360\/463 brn\n|\n|t:|1667621037\n|switch|p2a: Overqwil|Overqwil, F|394\/394\n|-ability|p2a: Overqwil|Intimidate|boost\n|-unboost|p1a: Ursaluna|atk|1\n|\n|-damage|p1a: Ursaluna|332\/463 brn|[from] brn\n|upkeep\n|turn|6\n|inactive|quixana has 30 seconds left.\n|\n|t:|1667621064\n|switch|p1a: Wyrdeer|Wyrdeer, M|410\/410\n|-ability|p1a: Wyrdeer|Intimidate|boost\n|-unboost|p2a: Overqwil|atk|1\n|switch|p2a: Arcanine|Arcanine-Hisui, M|394\/394\n|\n|-fieldend|move: Trick Room\n|upkeep\n|turn|7\n|\n|t:|1667621069\n|move|p2a: Arcanine|Stealth Rock|p1a: Wyrdeer\n|-sidestart|p1: GeoPongues|move: Stealth Rock\n|move|p1a: Wyrdeer|Trick Room|p1a: Wyrdeer\n|-fieldstart|move: Trick Room|[of] p1a: Wyrdeer\n|\n|upkeep\n|turn|8\n|\n|t:|1667621078\n|switch|p1a: Avalugg|Avalugg-Hisui, M|404\/404\n|-damage|p1a: Avalugg|303\/404|[from] Stealth Rock\n|move|p2a: Arcanine|Teleport|p2a: Arcanine\n|\n|t:|1667621086\n|switch|p2a: Overqwil|Overqwil, F|394\/394\n|-ability|p2a: Overqwil|Intimidate|boost\n|-unboost|p1a: Avalugg|atk|1\n|\n|upkeep\n|turn|9\n|inactive|quixana has 30 seconds left.\n|inactive|quixana has 20 seconds left.\n|inactive|quixana has 15 seconds left.\n|inactive|quixana has 10 seconds left.\n|\n|t:|1667621126\n|switch|p2a: Landorus|Landorus-Therian, M|57\/382\n|-ability|p2a: Landorus|Intimidate|boost\n|-unboost|p1a: Avalugg|atk|1\n|move|p1a: Avalugg|High Horsepower|p2a: Landorus\n|-immune|p2a: Landorus\n|\n|-heal|p2a: Landorus|80\/382|[from] item: Leftovers\n|upkeep\n|turn|10\n|inactive|quixana has 20 seconds left this turn.\n|inactive|quixana has 15 seconds left.\n|\n|t:|1667621137\n|switch|p2a: Overqwil|Overqwil, F|394\/394\n|-ability|p2a: Overqwil|Intimidate|boost\n|-unboost|p1a: Avalugg|atk|1\n|move|p1a: Avalugg|Stone Edge|p2a: Overqwil\n|-damage|p2a: Overqwil|316\/394\n|-damage|p1a: Avalugg|263\/404|[from] item: Life Orb\n|\n|-heal|p2a: Overqwil|340\/394|[from] item: Black Sludge\n|upkeep\n|turn|11\n|inactive|quixana has 25 seconds left this turn.\n|inactive|quixana has 20 seconds left.\n|\n|t:|1667621149\n|switch|p1a: Kleavor|Kleavor, M|311\/311\n|-damage|p1a: Kleavor|234\/311|[from] Stealth Rock\n|switch|p2a: Basculegion|Basculegion, M|414\/414\n|\n|-fieldend|move: Trick Room\n|upkeep\n|turn|12\n|inactive|quixana has 30 seconds left this turn.\n|\n|t:|1667621155\n|switch|p2a: Overqwil|Overqwil, F|340\/394\n|-ability|p2a: Overqwil|Intimidate|boost\n|-unboost|p1a: Kleavor|atk|1\n|move|p1a: Kleavor|Stealth Rock|p2a: Overqwil\n|-sidestart|p2: quixana|move: Stealth Rock\n|\n|-heal|p2a: Overqwil|364\/394|[from] item: Black Sludge\n|upkeep\n|turn|13\n|inactive|quixana has 30 seconds left.\n|\n|t:|1667621162\n|move|p1a: Kleavor|Lunge|p2a: Overqwil\n|-damage|p2a: Overqwil|238\/394\n|move|p2a: Overqwil|Spikes|p1a: Kleavor\n|-sidestart|p1: GeoPongues|Spikes\n|\n|-heal|p2a: Overqwil|262\/394|[from] item: Black Sludge\n|upkeep\n|turn|14\n|inactive|quixana has 30 seconds left.\n|inactive|quixana has 20 seconds left.\n|\n|t:|1667621183\n|switch|p2a: Arcanine|Arcanine-Hisui, M|394\/394\n|move|p1a: Kleavor|Stone Axe|p2a: Arcanine\n|-supereffective|p2a: Arcanine\n|-damage|p2a: Arcanine|160\/394\n|-activate|p2a: Arcanine|move: Stone Axe|[of] p1a: Kleavor\n|-damage|p1a: Kleavor|203\/311|[from] item: Life Orb\n|\n|-damage|p2a: Arcanine|111\/394|[from] move: Stone Axe|[partiallytrapped]\n|upkeep\n|turn|15\n|inactive|quixana has 30 seconds left this turn.\n|\n|t:|1667621189\n|move|p1a: Kleavor|Stone Axe|p2a: Arcanine\n|-supereffective|p2a: Arcanine\n|-damage|p2a: Arcanine|0 fnt\n|faint|p2a: Arcanine\n|-damage|p1a: Kleavor|172\/311|[from] item: Life Orb\n|\n|upkeep\n|inactive|quixana has 30 seconds left this turn.\n|\n|t:|1667621192\n|switch|p2a: Electrode|Electrode-Hisui|261\/261\n|-damage|p2a: Electrode|229\/261|[from] Stealth Rock\n|turn|16\n|inactive|quixana has 30 seconds left.\n|\n|t:|1667621205\n|switch|p1a: Avalugg|Avalugg-Hisui, M|263\/404\n|-damage|p1a: Avalugg|213\/404|[from] Spikes\n|-damage|p1a: Avalugg|112\/404|[from] Stealth Rock\n|move|p2a: Electrode|Chloroblast|p1a: Avalugg\n|-supereffective|p1a: Avalugg\n|-damage|p1a: Avalugg|0 fnt\n|faint|p1a: Avalugg\n|-damage|p2a: Electrode|192\/261|[from] Recoil\n|\n|upkeep\n|\n|t:|1667621208\n|switch|p1a: Wyrdeer|Wyrdeer, M|410\/410\n|-damage|p1a: Wyrdeer|359\/410|[from] Spikes\n|-damage|p1a: Wyrdeer|308\/410|[from] Stealth Rock\n|-ability|p1a: Wyrdeer|Intimidate|boost\n|-unboost|p2a: Electrode|atk|1\n|turn|17\n|\n|t:|1667621220\n|move|p2a: Electrode|Chloroblast|p1a: Wyrdeer\n|-damage|p1a: Wyrdeer|0 fnt\n|faint|p1a: Wyrdeer\n|-damage|p2a: Electrode|89\/261|[from] Recoil\n|\n|upkeep\n|\n|t:|1667621228\n|switch|p1a: Basculegion|Basculegion, M|381\/381\n|-damage|p1a: Basculegion|334\/381|[from] Stealth Rock\n|-damage|p1a: Basculegion|287\/381|[from] Spikes\n|turn|18\n|\n|t:|1667621246\n|switch|p2a: Overqwil|Overqwil, F|262\/394\n|-damage|p2a: Overqwil|213\/394|[from] Stealth Rock\n|-ability|p2a: Overqwil|Intimidate|boost\n|-unboost|p1a: Basculegion|atk|1\n|move|p1a: Basculegion|Shadow Sneak|p2a: Overqwil\n|-resisted|p2a: Overqwil\n|-damage|p2a: Overqwil|193\/394\n|\n|-heal|p2a: Overqwil|217\/394|[from] item: Black Sludge\n|upkeep\n|turn|19\n|inactive|quixana has 30 seconds left.\n|\n|t:|1667621271\n|switch|p1a: Ursaluna|Ursaluna, M|332\/463 brn\n|-damage|p1a: Ursaluna|275\/463 brn|[from] Spikes\n|-damage|p1a: Ursaluna|247\/463 brn|[from] Stealth Rock\n|switch|p2a: Basculegion|Basculegion, M|414\/414\n|-damage|p2a: Basculegion|363\/414|[from] Stealth Rock\n|\n|-damage|p1a: Ursaluna|219\/463 brn|[from] brn\n|upkeep\n|turn|20\n|\n|t:|1667621280\n|switch|p1a: Porygon2|Porygon2|177\/374\n|-damage|p1a: Porygon2|131\/374|[from] Stealth Rock\n|-damage|p1a: Porygon2|85\/374|[from] Spikes\n|-ability|p1a: Porygon2|Adaptability|[from] ability: Trace|[of] p2a: Basculegion\n|move|p2a: Basculegion|Flip Turn|p1a: Porygon2\n|-damage|p1a: Porygon2|0 fnt\n|faint|p1a: Porygon2\n|\n|t:|1667621289\n|switch|p2a: Kleavor|Kleavor, F|311\/311\n|-damage|p2a: Kleavor|234\/311|[from] Stealth Rock\n|\n|upkeep\n|\n|t:|1667621293\n|switch|p1a: Basculegion|Basculegion, M|287\/381\n|-damage|p1a: Basculegion|240\/381|[from] Stealth Rock\n|-damage|p1a: Basculegion|193\/381|[from] Spikes\n|turn|21\n|\n|t:|1667621309\n|move|p1a: Basculegion|Poltergeist|p2a: Kleavor\n|-activate|p2a: Kleavor|move: Poltergeist|Choice Band\n|-damage|p2a: Kleavor|0 fnt\n|faint|p2a: Kleavor\n|\n|upkeep\n|inactive|quixana has 30 seconds left.\n|\n|t:|1667621321\n|switch|p2a: Overqwil|Overqwil, F|217\/394\n|-damage|p2a: Overqwil|168\/394|[from] Stealth Rock\n|-ability|p2a: Overqwil|Intimidate|boost\n|-unboost|p1a: Basculegion|atk|1\n|turn|22\n|inactive|quixana has 30 seconds left.\n|\n|t:|1667621332\n|switch|p1a: Ursaluna|Ursaluna, M|219\/463 brn\n|-damage|p1a: Ursaluna|191\/463 brn|[from] Stealth Rock\n|-damage|p1a: Ursaluna|134\/463 brn|[from] Spikes\n|move|p2a: Overqwil|Spikes|p1a: Ursaluna\n|-sidestart|p1: GeoPongues|Spikes\n|\n|-heal|p2a: Overqwil|192\/394|[from] item: Black Sludge\n|-damage|p1a: Ursaluna|106\/463 brn|[from] brn\n|upkeep\n|turn|23\n|inactive|quixana has 30 seconds left.\n|\n|t:|1667621347\n|switch|p2a: Landorus|Landorus-Therian, M|80\/382\n|-damage|p2a: Landorus|33\/382|[from] Stealth Rock\n|-ability|p2a: Landorus|Intimidate|boost\n|-unboost|p1a: Ursaluna|atk|1\n|move|p1a: Ursaluna|Facade|p2a: Landorus\n|-damage|p2a: Landorus|0 fnt\n|faint|p2a: Landorus\n|\n|-damage|p1a: Ursaluna|78\/463 brn|[from] brn\n|upkeep\n|\n|t:|1667621351\n|switch|p2a: Basculegion|Basculegion, M|363\/414\n|-damage|p2a: Basculegion|312\/414|[from] Stealth Rock\n|turn|24\n|\n|t:|1667621362\n|move|p2a: Basculegion|Aqua Jet|p1a: Ursaluna\n|-supereffective|p1a: Ursaluna\n|-damage|p1a: Ursaluna|0 fnt\n|faint|p1a: Ursaluna\n|\n|upkeep\n|\n|t:|1667621365\n|switch|p1a: Basculegion|Basculegion, M|193\/381\n|-damage|p1a: Basculegion|146\/381|[from] Stealth Rock\n|-damage|p1a: Basculegion|83\/381|[from] Spikes\n|turn|25\n|\n|t:|1667621375\n|switch|p2a: Electrode|Electrode-Hisui|89\/261\n|-damage|p2a: Electrode|57\/261|[from] Stealth Rock\n|move|p1a: Basculegion|Shadow Sneak|p2a: Electrode\n|-damage|p2a: Electrode|0 fnt\n|faint|p2a: Electrode\n|\n|upkeep\n|\n|t:|1667621378\n|switch|p2a: Overqwil|Overqwil, F|192\/394\n|-damage|p2a: Overqwil|143\/394|[from] Stealth Rock\n|-ability|p2a: Overqwil|Intimidate|boost\n|-unboost|p1a: Basculegion|atk|1\n|turn|26\n|inactive|quixana has 30 seconds left.\n|\n|t:|1667621404\n|move|p1a: Basculegion|Shadow Sneak|p2a: Overqwil\n|-resisted|p2a: Overqwil\n|-damage|p2a: Overqwil|120\/394\n|move|p2a: Overqwil|Toxic|p1a: Basculegion\n|-status|p1a: Basculegion|tox\n|\n|-heal|p2a: Overqwil|144\/394|[from] item: Black Sludge\n|-damage|p1a: Basculegion|60\/381 tox|[from] psn\n|upkeep\n|turn|27\n|\n|t:|1667621410\n|move|p1a: Basculegion|Shadow Sneak|p2a: Overqwil\n|-resisted|p2a: Overqwil\n|-damage|p2a: Overqwil|122\/394\n|move|p2a: Overqwil|Taunt|p1a: Basculegion\n|-start|p1a: Basculegion|move: Taunt\n|\n|-heal|p2a: Overqwil|146\/394|[from] item: Black Sludge\n|-damage|p1a: Basculegion|14\/381 tox|[from] psn\n|upkeep\n|turn|28\n|\n|t:|1667621414\n|move|p1a: Basculegion|Shadow Sneak|p2a: Overqwil\n|-resisted|p2a: Overqwil\n|-damage|p2a: Overqwil|122\/394\n|move|p2a: Overqwil|Spikes|p1a: Basculegion\n|-sidestart|p1: GeoPongues|Spikes\n|\n|-heal|p2a: Overqwil|146\/394|[from] item: Black Sludge\n|-damage|p1a: Basculegion|0 fnt|[from] psn\n|faint|p1a: Basculegion\n|upkeep\n|\n|t:|1667621415\n|switch|p1a: Kleavor|Kleavor, M|172\/311\n|-damage|p1a: Kleavor|95\/311|[from] Stealth Rock\n|-damage|p1a: Kleavor|18\/311|[from] Spikes\n|turn|29\n|\n|t:|1667621423\n|move|p1a: Kleavor|Stone Axe|p2a: Overqwil\n|-damage|p2a: Overqwil|36\/394\n|-activate|p2a: Overqwil|move: Stone Axe|[of] p1a: Kleavor\n|-damage|p1a: Kleavor|0 fnt|[from] item: Life Orb\n|faint|p1a: Kleavor\n|\n|win|quixana\n|n|\u2606GeoPongues|geopongues\n|n|\u2606quixana|quixana\n|n| NATALlE|natalle\n|l|\u2606GeoPongues\n|c|\u2606quixana|gg\n","uploadtime":1667621432,"views":5,"p1id":"geopongues","p2id":"quixana","formatid":"gen8customgame","rating":0,"private":0,"password":null}