{"id":"radicalred-gen8pladraft-189009","p1":"Sww-Suwa","p2":"eXgirlXjeze","format":"gen8pladraft","log":"|j|\u2606Sww-Suwa\n|j|\u2606eXgirlXjeze\n|t:|1659068587\n|gametype|singles\n|player|p1|Sww-Suwa|rr-jessie|\n|player|p2|eXgirlXjeze|265|\n|teamsize|p1|6\n|teamsize|p2|6\n|gen|8\n|tier|[Gen 8] PLA Draft\n|rule|HP Percentage Mod: HP is shown in percentages\n|rule|Endless Battle Clause: Forcing endless battles is banned\n|rule|OHKO Clause: OHKO moves are banned\n|rule|Evasion Moves Clause: Evasion moves are banned\n|rule|Species Clause: Limit one of each Pok\u00e9mon\n|rule|Sleep Clause Mod: Limit one foe put to sleep\n|rule|Dynamax Clause: You cannot dynamax\n|rule|Z-Move Clause: Z-Moves are banned\n|clearpoke\n|poke|p1|Tapu Lele|\n|poke|p1|Polteageist|\n|poke|p1|Rhyperior, M|\n|poke|p1|Registeel|\n|poke|p1|Mew|\n|poke|p1|Regidrago|\n|poke|p2|Jynx, F|\n|poke|p2|Ditto|\n|poke|p2|Dragonite, F|\n|poke|p2|Zeraora|\n|poke|p2|Tapu Lele|\n|poke|p2|Tapu Fini|\n|teampreview\n|c|\u2606Sww-Suwa|bro x.x\n|c|\u2606eXgirlXjeze|were we supposed to use\n|c|\u2606eXgirlXjeze|same teams\n|c|\u2606eXgirlXjeze|or diff\n|c|\u2606eXgirlXjeze|am i good\n|c|\u2606eXgirlXjeze|im cool either way\n|c|\u2606Sww-Suwa|we can play this out\n|c|\u2606Sww-Suwa|like this\n|c|\u2606eXgirlXjeze|kk\n|c|\u2606Sww-Suwa|idrc\n|\n|t:|1659068619\n|start\n|switch|p1a: Mew|Mew|100\/100\n|switch|p2a: Jynx|Jynx, F|100\/100\n|turn|1\n|\n|t:|1659068622\n|move|p2a: Jynx|Lovely Kiss|p1a: Mew\n|-status|p1a: Mew|slp|[from] move: Lovely Kiss\n|cant|p1a: Mew|slp\n|\n|upkeep\n|turn|2\n|\n|t:|1659068628\n|switch|p2a: Tapu Lele|Tapu Lele|100\/100\n|-fieldstart|move: Psychic Terrain|[from] ability: Psychic Surge|[of] p2a: Tapu Lele\n|cant|p1a: Mew|slp\n|\n|upkeep\n|turn|3\n|\n|t:|1659068631\n|cant|p1a: Mew|slp\n|move|p2a: Tapu Lele|Moonblast|p1a: Mew\n|-crit|p1a: Mew\n|-damage|p1a: Mew|0 fnt\n|faint|p1a: Mew\n|\n|upkeep\n|c|\u2606eXgirlXjeze|crit omg\n|\n|t:|1659068644\n|switch|p1a: Tapu Lele|Tapu Lele|100\/100\n|turn|4\n|\n|t:|1659068647\n|move|p2a: Tapu Lele|Moonblast|p1a: Tapu Lele\n|-damage|p1a: Tapu Lele|23\/100\n|move|p1a: Tapu Lele|Moonblast|p2a: Tapu Lele\n|-damage|p2a: Tapu Lele|38\/100\n|\n|-heal|p1a: Tapu Lele|29\/100|[from] item: Leftovers\n|upkeep\n|turn|5\n|\n|t:|1659068650\n|move|p2a: Tapu Lele|Moonblast|p1a: Tapu Lele\n|-damage|p1a: Tapu Lele|0 fnt\n|faint|p1a: Tapu Lele\n|\n|upkeep\n|\n|t:|1659068653\n|switch|p1a: Polteageist|Polteageist|100\/100\n|turn|6\n|\n|t:|1659068654\n|move|p2a: Tapu Lele|Moonblast|p1a: Polteageist\n|-damage|p1a: Polteageist|13\/100\n|move|p1a: Polteageist|Shadow Ball|p2a: Tapu Lele\n|-supereffective|p2a: Tapu Lele\n|-damage|p2a: Tapu Lele|0 fnt\n|faint|p2a: Tapu Lele\n|\n|-fieldend|move: Psychic Terrain\n|upkeep\n|\n|t:|1659068661\n|switch|p2a: Jynx|Jynx, F|100\/100\n|turn|7\n|\n|t:|1659068665\n|move|p2a: Jynx|Ice Beam|p1a: Polteageist\n|-damage|p1a: Polteageist|0 fnt\n|faint|p1a: Polteageist\n|\n|upkeep\n|\n|t:|1659068669\n|switch|p1a: Regidrago|Regidrago|100\/100\n|turn|8\n|\n|t:|1659068674\n|switch|p2a: Zeraora|Zeraora|100\/100\n|move|p1a: Regidrago|Light Screen|p1a: Regidrago\n|-sidestart|p1: Sww-Suwa|move: Light Screen\n|\n|upkeep\n|turn|9\n|\n|t:|1659068678\n|move|p2a: Zeraora|Knock Off|p1a: Regidrago\n|-damage|p1a: Regidrago|72\/100\n|-enditem|p1a: Regidrago|Light Clay|[from] move: Knock Off|[of] p2a: Zeraora\n|move|p1a: Regidrago|Reflect|p1a: Regidrago\n|-sidestart|p1: Sww-Suwa|Reflect\n|\n|upkeep\n|turn|10\n|\n|t:|1659068684\n|move|p2a: Zeraora|Close Combat|p1a: Regidrago\n|-damage|p1a: Regidrago|54\/100\n|-unboost|p2a: Zeraora|def|1\n|-unboost|p2a: Zeraora|spd|1\n|move|p1a: Regidrago|Explosion|p2a: Zeraora\n|-damage|p2a: Zeraora|0 fnt\n|faint|p1a: Regidrago\n|faint|p2a: Zeraora\n|\n|upkeep\n|\n|t:|1659068688\n|switch|p2a: Jynx|Jynx, F|100\/100\n|switch|p1a: DUA LIPA|Registeel, shiny|100\/100\n|turn|11\n|\n|t:|1659068691\n|move|p2a: Jynx|Trick|p1a: DUA LIPA\n|-activate|p2a: Jynx|move: Trick|[of] p1a: DUA LIPA\n|-item|p1a: DUA LIPA|Choice Scarf|[from] move: Trick\n|-item|p2a: Jynx|Leftovers|[from] move: Trick\n|move|p1a: DUA LIPA|Iron Defense|p1a: DUA LIPA\n|-boost|p1a: DUA LIPA|def|2\n|\n|upkeep\n|turn|12\n|\n|t:|1659068694\n|switch|p1a: Rhyperior|Rhyperior, M|100\/100\n|move|p2a: Jynx|Lovely Kiss|p1a: Rhyperior\n|-status|p1a: Rhyperior|slp|[from] move: Lovely Kiss\n|\n|upkeep\n|turn|13\n|c|\u2606Sww-Suwa|k gg\n|-message|Sww-Suwa forfeited.\n|\n|win|eXgirlXjeze\n|c|\u2606eXgirlXjeze|why jynx\n|c|\u2606eXgirlXjeze|is good\n|c|\u2606eXgirlXjeze|i swear\n|c|\u2606eXgirlXjeze|on jesus\n|c|\u2606eXgirlXjeze|this mon is so untapped\n","uploadtime":1659068709,"views":21,"p1id":"swwsuwa","p2id":"exgirlxjeze","formatid":"gen8pladraft","rating":0,"private":0,"password":null}