{"id":"radicalred-gen8randombattle-289400","p1":"Dracu23","p2":"MinecraftUprising","format":"gen8randombattle","log":"|j|\u2606Dracu23\n|j|\u2606MinecraftUprising\n|t:|1667387290\n|gametype|singles\n|player|p1|Dracu23|rr-charizardmegax|1291\n|player|p2|MinecraftUprising|rr-hoopaunbound|1292\n|teamsize|p1|6\n|teamsize|p2|6\n|gen|8\n|tier|[Gen 8] Random Battle\n|rated|\n|rule|Species Clause: Limit one of each Pok\u00e9mon\n|rule|HP Percentage Mod: HP is shown in percentages\n|rule|Sleep Clause Mod: Limit one foe put to sleep\n|rule|Dynamax Clause: You cannot dynamax\n|\n|t:|1667387290\n|start\n|switch|p1a: Raticate|Raticate, L88, F|249\/249\n|switch|p2a: Minun|Minun, L88, F|249\/249\n|turn|1\n|\n|t:|1667387304\n|switch|p1a: Gligar|Gligar, L82, M|241\/241\n|move|p2a: Minun|Knock Off|p1a: Gligar\n|-damage|p1a: Gligar|181\/241\n|-enditem|p1a: Gligar|Eviolite|[from] move: Knock Off|[of] p2a: Minun\n|\n|upkeep\n|turn|2\n|\n|t:|1667387319\n|switch|p2a: Kyurem|Kyurem-Black, L74|307\/307\n|-ability|p2a: Kyurem|Teravolt\n|move|p1a: Gligar|Stealth Rock|p2a: Kyurem\n|-sidestart|p2: MinecraftUprising|move: Stealth Rock\n|\n|upkeep\n|turn|3\n|\n|t:|1667387330\n|move|p1a: Gligar|Toxic|p2a: Kyurem\n|-status|p2a: Kyurem|tox\n|move|p2a: Kyurem|Substitute|p2a: Kyurem\n|-start|p2a: Kyurem|Substitute\n|-damage|p2a: Kyurem|231\/307 tox\n|\n|-damage|p2a: Kyurem|212\/307 tox|[from] psn\n|upkeep\n|turn|4\n|\n|t:|1667387335\n|move|p1a: Gligar|Earthquake|p2a: Kyurem\n|-end|p2a: Kyurem|Substitute\n|move|p2a: Kyurem|Ice Punch|p1a: Gligar\n|-supereffective|p1a: Gligar\n|-damage|p1a: Gligar|0 fnt\n|faint|p1a: Gligar\n|\n|-damage|p2a: Kyurem|174\/307 tox|[from] psn\n|upkeep\n|\n|t:|1667387342\n|switch|p1a: Keldeo|Keldeo, L82|283\/283\n|turn|5\n|\n|t:|1667387348\n|switch|p2a: Chansey|Chansey, L82, F|544\/544\n|-damage|p2a: Chansey|476\/544|[from] Stealth Rock\n|move|p1a: Keldeo|Calm Mind|p1a: Keldeo\n|-boost|p1a: Keldeo|spa|1\n|-boost|p1a: Keldeo|spd|1\n|\n|upkeep\n|turn|6\n|\n|t:|1667387354\n|move|p1a: Keldeo|Substitute|p1a: Keldeo\n|-start|p1a: Keldeo|Substitute\n|-damage|p1a: Keldeo|213\/283\n|move|p2a: Chansey|Toxic||[still]\n|-fail|p2a: Chansey\n|\n|-heal|p1a: Keldeo|230\/283|[from] item: Leftovers\n|upkeep\n|turn|7\n|\n|t:|1667387359\n|move|p1a: Keldeo|Calm Mind|p1a: Keldeo\n|-boost|p1a: Keldeo|spa|1\n|-boost|p1a: Keldeo|spd|1\n|move|p2a: Chansey|Seismic Toss|p1a: Keldeo\n|-end|p1a: Keldeo|Substitute\n|\n|-heal|p1a: Keldeo|247\/283|[from] item: Leftovers\n|upkeep\n|turn|8\n|\n|t:|1667387364\n|move|p1a: Keldeo|Secret Sword|p2a: Chansey\n|-supereffective|p2a: Chansey\n|-damage|p2a: Chansey|0 fnt\n|faint|p2a: Chansey\n|\n|-heal|p1a: Keldeo|264\/283|[from] item: Leftovers\n|upkeep\n|\n|t:|1667387373\n|switch|p2a: Rillaboom|Rillaboom, L80, F|291\/291\n|-damage|p2a: Rillaboom|255\/291|[from] Stealth Rock\n|-fieldstart|move: Grassy Terrain|[from] ability: Grassy Surge|[of] p2a: Rillaboom\n|-enditem|p2a: Rillaboom|Grassy Seed\n|-boost|p2a: Rillaboom|def|1|[from] item: Grassy Seed\n|turn|9\n|\n|t:|1667387383\n|switch|p1a: Lugia|Lugia, L76|286\/286\n|move|p2a: Rillaboom|Swords Dance|p2a: Rillaboom\n|-boost|p2a: Rillaboom|atk|2\n|\n|-heal|p2a: Rillaboom|273\/291|[from] Grassy Terrain\n|upkeep\n|turn|10\n|\n|t:|1667387398\n|switch|p2a: Aegislash|Aegislash, L81, F|230\/230\n|-damage|p2a: Aegislash|216\/230|[from] Stealth Rock\n|move|p1a: Lugia|Aeroblast|p2a: Aegislash\n|-resisted|p2a: Aegislash\n|-damage|p2a: Aegislash|184\/230\n|\n|-heal|p2a: Aegislash|198\/230|[from] Grassy Terrain\n|upkeep\n|turn|11\n|\n|t:|1667387407\n|switch|p1a: Raticate|Raticate, L88, F|249\/249\n|-formechange|p2a: Aegislash|Aegislash-Blade||[from] ability: Stance Change\n|move|p2a: Aegislash|Shadow Claw|p1a: Raticate\n|-immune|p1a: Raticate\n|\n|-heal|p2a: Aegislash|212\/230|[from] Grassy Terrain\n|upkeep\n|turn|12\n|\n|t:|1667387429\n|switch|p2a: Rillaboom|Rillaboom, L80, F|273\/291\n|-damage|p2a: Rillaboom|237\/291|[from] Stealth Rock\n|move|p1a: Raticate|Close Combat|p2a: Rillaboom\n|-damage|p2a: Rillaboom|47\/291\n|-unboost|p1a: Raticate|def|1\n|-unboost|p1a: Raticate|spd|1\n|\n|-heal|p2a: Rillaboom|65\/291|[from] Grassy Terrain\n|upkeep\n|turn|13\n|\n|t:|1667387441\n|move|p2a: Rillaboom|Grassy Glide|p1a: Raticate\n|-damage|p1a: Raticate|54\/249\n|move|p1a: Raticate|Close Combat|p2a: Rillaboom\n|-damage|p2a: Rillaboom|0 fnt\n|-unboost|p1a: Raticate|def|1\n|-unboost|p1a: Raticate|spd|1\n|faint|p2a: Rillaboom\n|\n|-heal|p1a: Raticate|69\/249|[from] Grassy Terrain\n|-fieldend|move: Grassy Terrain\n|upkeep\n|j| lobox80.2\n|\n|t:|1667387448\n|switch|p2a: Minun|Minun, L88, F|249\/249\n|-damage|p2a: Minun|218\/249|[from] Stealth Rock\n|turn|14\n|\n|t:|1667387451\n|move|p2a: Minun|Extreme Speed|p1a: Raticate\n|-damage|p1a: Raticate|0 fnt\n|faint|p1a: Raticate\n|\n|upkeep\n|\n|t:|1667387458\n|switch|p1a: Keldeo|Keldeo, L82|264\/283\n|turn|15\n|\n|t:|1667387460\n|move|p2a: Minun|Extreme Speed|p1a: Keldeo\n|-supereffective|p1a: Keldeo\n|-damage|p1a: Keldeo|0 fnt\n|faint|p1a: Keldeo\n|\n|upkeep\n|\n|t:|1667387470\n|switch|p1a: Latias|Latias, L82, F|265\/265\n|turn|16\n|\n|t:|1667387478\n|switch|p2a: Aegislash|Aegislash, L81, F|212\/230\n|-damage|p2a: Aegislash|198\/230|[from] Stealth Rock\n|move|p1a: Latias|Calm Mind|p1a: Latias\n|-boost|p1a: Latias|spa|1\n|-boost|p1a: Latias|spd|1\n|\n|upkeep\n|turn|17\n|\n|t:|1667387488\n|move|p1a: Latias|Calm Mind|p1a: Latias\n|-boost|p1a: Latias|spa|1\n|-boost|p1a: Latias|spd|1\n|-formechange|p2a: Aegislash|Aegislash-Blade||[from] ability: Stance Change\n|move|p2a: Aegislash|Shadow Claw|p1a: Latias\n|-supereffective|p1a: Latias\n|-damage|p1a: Latias|0 fnt\n|faint|p1a: Latias\n|-damage|p2a: Aegislash|175\/230|[from] item: Life Orb\n|\n|upkeep\n|\n|t:|1667387496\n|switch|p1a: Abomasnow|Abomasnow, L86, M|295\/295\n|-weather|Hail|[from] ability: Snow Warning|[of] p1a: Abomasnow\n|turn|18\n|\n|t:|1667387503\n|switch|p2a: Kyurem|Kyurem-Black, L74|174\/307 tox\n|-ability|p2a: Kyurem|Teravolt\n|detailschange|p1a: Abomasnow|Abomasnow-Mega, L86, M\n|-mega|p1a: Abomasnow|Abomasnow|Abomasite\n|move|p1a: Abomasnow|Swords Dance|p1a: Abomasnow\n|-boost|p1a: Abomasnow|atk|2\n|\n|-weather|Hail|[upkeep]\n|-damage|p2a: Kyurem|155\/307 tox|[from] psn\n|upkeep\n|turn|19\n|\n|t:|1667387511\n|move|p1a: Abomasnow|Earthquake|p2a: Kyurem\n|-damage|p2a: Kyurem|0 fnt\n|faint|p2a: Kyurem\n|\n|-weather|Hail|[upkeep]\n|upkeep\n|\n|t:|1667387525\n|switch|p2a: Aegislash|Aegislash, L81, F|175\/230\n|-damage|p2a: Aegislash|161\/230|[from] Stealth Rock\n|turn|20\n|\n|t:|1667387529\n|move|p1a: Abomasnow|Earthquake|p2a: Aegislash\n|-supereffective|p2a: Aegislash\n|-damage|p2a: Aegislash|0 fnt\n|faint|p2a: Aegislash\n|\n|-weather|Hail|[upkeep]\n|upkeep\n|c| lobox80.2|what??\n|\n|t:|1667387550\n|switch|p2a: Zacian|Zacian-Crowned, L65|228\/228\n|-damage|p2a: Zacian|214\/228|[from] Stealth Rock\n|-ability|p2a: Zacian|Intrepid Sword|boost\n|-boost|p2a: Zacian|atk|1\n|turn|21\n|\n|t:|1667387555\n|move|p1a: Abomasnow|Earthquake|p2a: Zacian\n|-supereffective|p2a: Zacian\n|-damage|p2a: Zacian|0 fnt\n|faint|p2a: Zacian\n|\n|-weather|Hail|[upkeep]\n|upkeep\n|\n|t:|1667387558\n|switch|p2a: Minun|Minun, L88, F|218\/249\n|-damage|p2a: Minun|187\/249|[from] Stealth Rock\n|turn|22\n|\n|t:|1667387562\n|move|p2a: Minun|Extreme Speed|p1a: Abomasnow\n|-resisted|p1a: Abomasnow\n|-damage|p1a: Abomasnow|226\/295\n|move|p1a: Abomasnow|Earthquake|p2a: Minun\n|-supereffective|p2a: Minun\n|-damage|p2a: Minun|0 fnt\n|faint|p2a: Minun\n|\n|win|Dracu23\n|raw|Dracu23's rating: 1304 &rarr; <strong>1320<\/strong><br \/>(+16 for winning)\n|raw|MinecraftUprising's rating: 1292 &rarr; <strong>1276<\/strong><br \/>(-16 for losing)\n|l|\u2606MinecraftUprising\n|l| lobox80.2\n","inputlog":">version 6d45bca11b34ef4bd6f4e036e45cf28dda8304ff\n>start {\"formatid\":\"gen8randombattle\",\"seed\":[39029,3175,32570,54766],\"rated\":\"Rated battle\"}\n>player p1 {\"name\":\"Dracu23\",\"avatar\":\"rr-charizardmegax\",\"rating\":1291,\"seed\":[35590,1203,23955,25024]}\n>player p2 {\"name\":\"MinecraftUprising\",\"avatar\":\"rr-hoopaunbound\",\"rating\":1292,\"seed\":[23000,6671,49145,52458]}\n>p1 switch 3\n>p2 move knockoff\n>p1 move stealthrock\n>p2 switch 3\n>p1 move toxic\n>p2 move substitute\n>p1 move earthquake\n>p2 move icepunch\n>p1 switch 4\n>p1 move calmmind\n>p2 switch 5\n>p1 move substitute\n>p2 move toxic\n>p1 move calmmind\n>p2 move seismictoss\n>p1 move secretsword\n>p2 move seismictoss\n>p2 switch 2\n>p1 switch 5\n>p2 move swordsdance\n>p1 move aeroblast\n>p2 switch 4\n>p1 switch 3\n>p2 move shadowclaw\n>p1 move closecombat\n>p2 switch 4\n>p1 move closecombat\n>p2 move grassyglide\n>p2 switch 3\n>p1 move closecombat\n>p2 move extremespeed\n>p1 switch 5\n>p1 move substitute\n>p2 move extremespeed\n>p1 switch 6\n>p1 move calmmind\n>p2 switch 4\n>p1 move calmmind\n>p2 move shadowclaw\n>p1 switch 2\n>p1 move swordsdance mega\n>p2 switch 5\n>p1 move earthquake\n>p2 move outrage\n>p2 switch 5\n>p1 move earthquake\n>p2 move ironhead\n>chat  lobox80.2|what??\n>p2 switch 6\n>p1 move earthquake\n>p2 move behemothblade\n>p2 switch 4\n>p1 move earthquake\n>p2 move extremespeed","uploadtime":1667387570,"views":8,"p1id":"dracu23","p2id":"minecraftuprising","formatid":"gen8randombattle","rating":0,"private":0,"password":null}