{"id":"radicalred-gen8plalegacydraft-276440","p1":"Elon Musk Rusk","p2":"weedwic","format":"gen8plalegacydraft","log":"|j|\u2606Elon Musk Rusk\n|j|\u2606weedwic\n|t:|1666440273\n|gametype|singles\n|player|p1|Elon Musk Rusk|169|\n|player|p2|weedwic|1|\n|teamsize|p1|6\n|teamsize|p2|6\n|gen|8\n|tier|[Gen 8] PLA Legacy Draft\n|rule|HP Percentage Mod: HP is shown in percentages\n|rule|Endless Battle Clause: Forcing endless battles is banned\n|rule|OHKO Clause: OHKO moves are banned\n|rule|Evasion Moves Clause: Evasion moves are banned\n|rule|Species Clause: Limit one of each Pok\u00e9mon\n|rule|Sleep Clause Mod: Limit one foe put to sleep\n|rule|Dynamax Clause: You cannot dynamax\n|rule|Z-Move Clause: Z-Moves are banned\n|clearpoke\n|poke|p1|Slowbro, F|\n|poke|p1|Drampa, F|\n|poke|p1|Landorus, M|\n|poke|p1|Gallade, M|\n|poke|p1|Melmetal|\n|poke|p1|Vikavolt, M|\n|poke|p2|Enamorus, F|\n|poke|p2|Machoke, M|\n|poke|p2|Pelipper, F|\n|poke|p2|Dracovish|\n|poke|p2|Zapdos|\n|poke|p2|Ferrothorn, M|\n|teampreview\n|c|\u2606weedwic|gl hf\n|\n|t:|1666440330\n|start\n|switch|p1a: Vikavolt|Vikavolt, M|100\/100\n|switch|p2a: Zapdos|Zapdos|100\/100\n|turn|1\n|\n|t:|1666440338\n|move|p2a: Zapdos|Hurricane|p1a: Vikavolt\n|-damage|p1a: Vikavolt|5\/100\n|-damage|p2a: Zapdos|91\/100|[from] item: Life Orb\n|move|p1a: Vikavolt|Volt Switch|p2a: Zapdos\n|-damage|p2a: Zapdos|49\/100\n|\n|t:|1666440345\n|switch|p1a: Landorus|Landorus, M|100\/100|[from]move: Volt Switch\n|\n|upkeep\n|turn|2\n|\n|t:|1666440408\n|switch|p2a: Ferrothorn|Ferrothorn, M|100\/100\n|move|p1a: Landorus|Sludge Wave|p2a: Ferrothorn\n|-immune|p2a: Ferrothorn\n|\n|upkeep\n|turn|3\n|\n|t:|1666440418\n|move|p1a: Landorus|Focus Blast|p2a: Ferrothorn\n|-supereffective|p2a: Ferrothorn\n|-damage|p2a: Ferrothorn|16\/100\n|move|p2a: Ferrothorn|Thunder Wave|p1a: Landorus\n|-immune|p1a: Landorus\n|\n|-heal|p2a: Ferrothorn|23\/100|[from] item: Leftovers\n|upkeep\n|turn|4\n|\n|t:|1666440430\n|switch|p2a: Pelipper|Pelipper, F|100\/100\n|-weather|RainDance|[from] ability: Drizzle|[of] p2a: Pelipper\n|move|p1a: Landorus|Earth Power|p2a: Pelipper\n|-immune|p2a: Pelipper\n|\n|-weather|RainDance|[upkeep]\n|upkeep\n|turn|5\n|\n|t:|1666440439\n|switch|p1a: Drampa|Drampa, F|100\/100\n|move|p2a: Pelipper|U-turn|p1a: Drampa\n|-damage|p1a: Drampa|91\/100\n|\n|t:|1666440447\n|switch|p2a: Enamorus|Enamorus, F|100\/100|[from]move: U-turn\n|\n|-weather|RainDance|[upkeep]\n|-heal|p1a: Drampa|97\/100|[from] item: Leftovers\n|upkeep\n|turn|6\n|\n|t:|1666440454\n|switch|p1a: Melmetal|Melmetal|100\/100\n|move|p2a: Enamorus|Springtide Storm|p1a: Melmetal\n|-resisted|p1a: Melmetal\n|-damage|p1a: Melmetal|71\/100\n|-unboost|p2a: Enamorus|def|1\n|\n|-weather|RainDance|[upkeep]\n|-heal|p1a: Melmetal|77\/100|[from] item: Leftovers\n|upkeep\n|turn|7\n|\n|t:|1666440467\n|switch|p2a: Machoke|Machoke, M|100\/100\n|move|p1a: Melmetal|Toxic|p2a: Machoke\n|-status|p2a: Machoke|tox\n|\n|-weather|RainDance|[upkeep]\n|-heal|p1a: Melmetal|83\/100|[from] item: Leftovers\n|-damage|p2a: Machoke|94\/100 tox|[from] psn\n|upkeep\n|turn|8\n|\n|t:|1666440475\n|switch|p1a: Gallade|Gallade, M|100\/100\n|move|p2a: Machoke|Dynamic Punch|p1a: Gallade\n|-resisted|p1a: Gallade\n|-damage|p1a: Gallade|61\/100\n|-start|p1a: Gallade|confusion\n|\n|-weather|RainDance|[upkeep]\n|-damage|p2a: Machoke|82\/100 tox|[from] psn\n|upkeep\n|turn|9\n|\n|t:|1666440493\n|switch|p1a: Vikavolt|Vikavolt, M|5\/100\n|move|p2a: Machoke|Dynamic Punch|p1a: Vikavolt\n|-resisted|p1a: Vikavolt\n|-damage|p1a: Vikavolt|0 fnt\n|faint|p1a: Vikavolt\n|\n|-weather|RainDance|[upkeep]\n|-damage|p2a: Machoke|64\/100 tox|[from] psn\n|upkeep\n|\n|t:|1666440508\n|switch|p1a: Landorus|Landorus, M|100\/100\n|turn|10\n|\n|t:|1666440517\n|switch|p2a: Ferrothorn|Ferrothorn, M|23\/100\n|move|p1a: Landorus|Earth Power|p2a: Ferrothorn\n|-damage|p2a: Ferrothorn|0 fnt\n|faint|p2a: Ferrothorn\n|\n|-weather|RainDance|[upkeep]\n|upkeep\n|\n|t:|1666440522\n|switch|p2a: Dracovish|Dracovish|100\/100\n|turn|11\n|\n|t:|1666440524\n|switch|p1a: Slowbro|Slowbro, F|100\/100\n|move|p2a: Dracovish|Fishious Rend|p1a: Slowbro\n|-resisted|p1a: Slowbro\n|-damage|p1a: Slowbro|73\/100\n|\n|-weather|none\n|upkeep\n|turn|12\n|\n|t:|1666440533\n|switch|p2a: Pelipper|Pelipper, F|100\/100\n|-weather|RainDance|[from] ability: Drizzle|[of] p2a: Pelipper\n|move|p1a: Slowbro|Teleport|p1a: Slowbro\n|\n|t:|1666440537\n|switch|p1a: Drampa|Drampa, F|97\/100|[from]move: Teleport\n|\n|-weather|RainDance|[upkeep]\n|-heal|p1a: Drampa|100\/100|[from] item: Leftovers\n|upkeep\n|turn|13\n|\n|t:|1666440542\n|switch|p2a: Enamorus|Enamorus, F|100\/100\n|move|p1a: Drampa|Hyper Voice|p2a: Enamorus\n|-damage|p2a: Enamorus|46\/100\n|\n|-weather|RainDance|[upkeep]\n|upkeep\n|turn|14\n|\n|t:|1666440552\n|move|p2a: Enamorus|Springtide Storm|p1a: Drampa\n|-supereffective|p1a: Drampa\n|-damage|p1a: Drampa|0 fnt\n|-unboost|p2a: Enamorus|def|1\n|faint|p1a: Drampa\n|\n|-weather|RainDance|[upkeep]\n|upkeep\n|\n|t:|1666440585\n|switch|p1a: Slowbro|Slowbro, F|100\/100\n|turn|15\n|\n|t:|1666440595\n|switch|p2a: Pelipper|Pelipper, F|100\/100\n|move|p1a: Slowbro|Psychic|p2a: Pelipper\n|-damage|p2a: Pelipper|56\/100\n|\n|-weather|RainDance|[upkeep]\n|upkeep\n|turn|16\n|\n|t:|1666440599\n|move|p2a: Pelipper|U-turn|p1a: Slowbro\n|-supereffective|p1a: Slowbro\n|-damage|p1a: Slowbro|91\/100\n|\n|t:|1666440601\n|switch|p2a: Zapdos|Zapdos|49\/100|[from]move: U-turn\n|move|p1a: Slowbro|Teleport|p1a: Slowbro\n|\n|t:|1666440604\n|switch|p1a: Landorus|Landorus, M|100\/100|[from]move: Teleport\n|\n|-weather|RainDance|[upkeep]\n|upkeep\n|turn|17\n|\n|t:|1666440625\n|switch|p2a: Dracovish|Dracovish|100\/100\n|move|p1a: Landorus|Sludge Wave|p2a: Dracovish\n|-damage|p2a: Dracovish|34\/100\n|\n|-weather|RainDance|[upkeep]\n|upkeep\n|turn|18\n|\n|t:|1666440630\n|switch|p1a: Slowbro|Slowbro, F|100\/100\n|move|p2a: Dracovish|Fishious Rend|p1a: Slowbro\n|-resisted|p1a: Slowbro\n|-damage|p1a: Slowbro|71\/100\n|\n|-weather|RainDance|[upkeep]\n|upkeep\n|turn|19\n|\n|t:|1666440634\n|move|p2a: Dracovish|Fishious Rend|p1a: Slowbro\n|-resisted|p1a: Slowbro\n|-damage|p1a: Slowbro|39\/100\n|move|p1a: Slowbro|Teleport|p1a: Slowbro\n|\n|t:|1666440642\n|switch|p1a: Landorus|Landorus, M|100\/100|[from]move: Teleport\n|\n|-weather|none\n|upkeep\n|turn|20\n|\n|t:|1666440643\n|switch|p1a: Slowbro|Slowbro, F|72\/100\n|move|p2a: Dracovish|Fishious Rend|p1a: Slowbro\n|-resisted|p1a: Slowbro\n|-damage|p1a: Slowbro|44\/100\n|\n|upkeep\n|turn|21\n|\n|t:|1666440648\n|move|p2a: Dracovish|Fishious Rend|p1a: Slowbro\n|-resisted|p1a: Slowbro\n|-damage|p1a: Slowbro|12\/100\n|move|p1a: Slowbro|Slack Off|p1a: Slowbro\n|-heal|p1a: Slowbro|62\/100\n|\n|upkeep\n|turn|22\n|\n|t:|1666440652\n|move|p2a: Dracovish|Fishious Rend|p1a: Slowbro\n|-resisted|p1a: Slowbro\n|-damage|p1a: Slowbro|30\/100\n|move|p1a: Slowbro|Teleport|p1a: Slowbro\n|\n|t:|1666440654\n|switch|p1a: Landorus|Landorus, M|100\/100|[from]move: Teleport\n|\n|upkeep\n|turn|23\n|\n|t:|1666440660\n|switch|p1a: Slowbro|Slowbro, F|63\/100\n|move|p2a: Dracovish|Fishious Rend|p1a: Slowbro\n|-resisted|p1a: Slowbro\n|-damage|p1a: Slowbro|34\/100\n|\n|upkeep\n|turn|24\n|\n|t:|1666440665\n|move|p2a: Dracovish|Fishious Rend|p1a: Slowbro\n|-resisted|p1a: Slowbro\n|-damage|p1a: Slowbro|5\/100\n|move|p1a: Slowbro|Slack Off|p1a: Slowbro\n|-heal|p1a: Slowbro|55\/100\n|\n|upkeep\n|turn|25\n|\n|t:|1666440667\n|move|p2a: Dracovish|Fishious Rend|p1a: Slowbro\n|-resisted|p1a: Slowbro\n|-damage|p1a: Slowbro|24\/100\n|move|p1a: Slowbro|Slack Off|p1a: Slowbro\n|-heal|p1a: Slowbro|75\/100\n|\n|upkeep\n|turn|26\n|\n|t:|1666440671\n|move|p2a: Dracovish|Fishious Rend|p1a: Slowbro\n|-resisted|p1a: Slowbro\n|-damage|p1a: Slowbro|47\/100\n|move|p1a: Slowbro|Psychic|p2a: Dracovish\n|-damage|p2a: Dracovish|0 fnt\n|faint|p2a: Dracovish\n|\n|upkeep\n|\n|t:|1666440688\n|switch|p2a: Pelipper|Pelipper, F|56\/100\n|-weather|RainDance|[from] ability: Drizzle|[of] p2a: Pelipper\n|turn|27\n|\n|t:|1666440691\n|move|p2a: Pelipper|U-turn|p1a: Slowbro\n|-supereffective|p1a: Slowbro\n|-damage|p1a: Slowbro|37\/100\n|\n|t:|1666440694\n|switch|p2a: Machoke|Machoke, M|64\/100 tox|[from]move: U-turn\n|move|p1a: Slowbro|Teleport|p1a: Slowbro\n|\n|t:|1666440697\n|switch|p1a: Landorus|Landorus, M|100\/100|[from]move: Teleport\n|\n|-weather|RainDance|[upkeep]\n|-damage|p2a: Machoke|58\/100 tox|[from] psn\n|upkeep\n|turn|28\n|\n|t:|1666440700\n|move|p1a: Landorus|Earth Power|p2a: Machoke\n|-crit|p2a: Machoke\n|-damage|p2a: Machoke|0 fnt\n|faint|p2a: Machoke\n|\n|-weather|RainDance|[upkeep]\n|upkeep\n|\n|t:|1666440706\n|switch|p2a: Enamorus|Enamorus, F|46\/100\n|turn|29\n|c|\u2606Elon Musk Rusk|can you\n|c|\u2606Elon Musk Rusk|provide me the calc\n|c|\u2606Elon Musk Rusk|Im on phone\n|c|\u2606weedwic|i dont even have the calc\n|l|\u2606Elon Musk Rusk\n|player|p1|\n|c|\u2606weedwic|where can i find it?\n|j| Ice master viking\n|j|\u2606Elon Musk Rusk\n|player|p1|Elon Musk Rusk|169\n|\n|t:|1666440920\n|switch|p1a: Slowbro|Slowbro, F|70\/100\n|move|p2a: Enamorus|Springtide Storm|p1a: Slowbro\n|-damage|p1a: Slowbro|0 fnt\n|faint|p1a: Slowbro\n|\n|-weather|RainDance|[upkeep]\n|upkeep\n|\n|t:|1666440927\n|switch|p1a: Melmetal|Melmetal|83\/100\n|turn|30\n|\n|t:|1666440967\n|switch|p1a: Landorus|Landorus, M|100\/100\n|move|p2a: Enamorus|Springtide Storm|p1a: Landorus\n|-damage|p1a: Landorus|13\/100\n|-unboost|p2a: Enamorus|def|1\n|\n|-weather|RainDance|[upkeep]\n|upkeep\n|turn|31\n|\n|t:|1666440975\n|switch|p1a: Melmetal|Melmetal|83\/100\n|move|p2a: Enamorus|Springtide Storm|p1a: Melmetal\n|-resisted|p1a: Melmetal\n|-damage|p1a: Melmetal|54\/100\n|-unboost|p2a: Enamorus|def|1\n|\n|-weather|RainDance|[upkeep]\n|-heal|p1a: Melmetal|60\/100|[from] item: Leftovers\n|upkeep\n|turn|32\n|\n|t:|1666440982\n|switch|p2a: Pelipper|Pelipper, F|56\/100\n|switch|p1a: Gallade|Gallade, M|61\/100\n|\n|-weather|RainDance|[upkeep]\n|upkeep\n|turn|33\n|\n|t:|1666440991\n|detailschange|p1a: Gallade|Gallade-Mega, M\n|-mega|p1a: Gallade|Gallade|Galladite\n|move|p1a: Gallade|Stone Edge|p2a: Pelipper\n|-supereffective|p2a: Pelipper\n|-damage|p2a: Pelipper|0 fnt\n|faint|p2a: Pelipper\n|\n|-weather|RainDance|[upkeep]\n|upkeep\n|\n|t:|1666440994\n|switch|p2a: Enamorus|Enamorus, F|46\/100\n|turn|34\n|\n|t:|1666441003\n|move|p2a: Enamorus|Springtide Storm|p1a: Gallade\n|-supereffective|p1a: Gallade\n|-damage|p1a: Gallade|0 fnt\n|faint|p1a: Gallade\n|\n|-weather|none\n|upkeep\n|\n|t:|1666441008\n|switch|p1a: Melmetal|Melmetal|60\/100\n|turn|35\n|\n|t:|1666441019\n|switch|p2a: Zapdos|Zapdos|49\/100\n|switch|p1a: Landorus|Landorus, M|13\/100\n|\n|upkeep\n|turn|36\n|\n|t:|1666441028\n|move|p1a: Landorus|Sludge Wave|p2a: Zapdos\n|-damage|p2a: Zapdos|0 fnt\n|faint|p2a: Zapdos\n|\n|upkeep\n|\n|t:|1666441030\n|switch|p2a: Enamorus|Enamorus, F|46\/100\n|turn|37\n|\n|t:|1666441033\n|move|p2a: Enamorus|Mystical Fire|p1a: Landorus\n|-damage|p1a: Landorus|0 fnt\n|faint|p1a: Landorus\n|\n|upkeep\n|\n|t:|1666441035\n|switch|p1a: Melmetal|Melmetal|60\/100\n|turn|38\n|\n|t:|1666441037\n|move|p2a: Enamorus|Mystical Fire|p1a: Melmetal\n|-supereffective|p1a: Melmetal\n|-damage|p1a: Melmetal|0 fnt\n|faint|p1a: Melmetal\n|\n|win|weedwic\n|c|\u2606weedwic|gg\n|c|\u2606weedwic|very close one holy\n|l| Ice master viking\n","uploadtime":1666441066,"views":21,"p1id":"elonmuskrusk","p2id":"weedwic","formatid":"gen8plalegacydraft","rating":0,"private":0,"password":null}