{"id":"radicalred-gen8customgame-298393","p1":"quixana","p2":"GRG_LunchableZ","format":"gen8customgame","log":"|j|\u2606quixana\n|j|\u2606GRG_LunchableZ\n|t:|1667622445\n|gametype|singles\n|player|p1|quixana|ethan-pokeathlon|\n|player|p2|GRG_LunchableZ|rr-deoxys|\n|teamsize|p1|6\n|teamsize|p2|6\n|gen|8\n|tier|[Gen 8] Custom Game\n|rated|Tournament battle\n|clearpoke\n|poke|p1|Basculegion, M|\n|poke|p1|Kleavor, F|\n|poke|p1|Electrode-Hisui|\n|poke|p1|Overqwil, M|\n|poke|p1|Arcanine-Hisui, F|\n|poke|p1|Landorus-Therian, M|\n|poke|p2|Zoroark-Hisui, F|\n|poke|p2|Typhlosion-Hisui, M|\n|poke|p2|Goodra-Hisui, M|\n|poke|p2|Samurott-Hisui, M|\n|poke|p2|Decidueye-Hisui, M|\n|poke|p2|Landorus-Therian, M|\n|teampreview\n|j| God in A Tomato\n|c|\u2606quixana|hf\n|l| God in A Tomato\n|c|\u2606GRG_LunchableZ|u2\n|\n|t:|1667622475\n|start\n|switch|p1a: Electrode|Electrode-Hisui|261\/261\n|switch|p2a: IShowSpeed|Landorus-Therian, M|319\/319\n|-ability|p2a: IShowSpeed|Intimidate|boost\n|-unboost|p1a: Electrode|atk|1\n|turn|1\n|\n|t:|1667622485\n|switch|p1a: Landorus|Landorus-Therian, M|382\/382\n|-ability|p1a: Landorus|Intimidate|boost\n|-unboost|p2a: IShowSpeed|atk|1\n|move|p2a: IShowSpeed|Toxic|p1a: Landorus\n|-status|p1a: Landorus|tox\n|\n|-damage|p1a: Landorus|359\/382 tox|[from] psn\n|upkeep\n|turn|2\n|j| evakiyama<3\n|\n|t:|1667622504\n|move|p2a: IShowSpeed|U-turn|p1a: Landorus\n|-resisted|p1a: Landorus\n|-damage|p1a: Landorus|327\/382 tox\n|j|&honeybourbon\n|\n|t:|1667622506\n|switch|p2a: Nikocado|Goodra-Hisui, M|364\/364\n|move|p1a: Landorus|Knock Off|p2a: Nikocado\n|-damage|p2a: Nikocado|260\/364\n|-ability|p2a: Nikocado|Gooey\n|-unboost|p1a: Landorus|spe|1\n|-enditem|p2a: Nikocado|Assault Vest|[from] move: Knock Off|[of] p1a: Landorus\n|\n|-heal|p1a: Landorus|350\/382 tox|[from] item: Leftovers\n|-damage|p1a: Landorus|304\/382 tox|[from] psn\n|upkeep\n|turn|3\n|\n|t:|1667622519\n|switch|p1a: Overqwil|Overqwil, M|394\/394\n|-ability|p1a: Overqwil|Intimidate|boost\n|-unboost|p2a: Nikocado|atk|1\n|move|p2a: Nikocado|Ice Beam|p1a: Overqwil\n|-damage|p1a: Overqwil|269\/394\n|\n|-heal|p1a: Overqwil|293\/394|[from] item: Black Sludge\n|upkeep\n|turn|4\n|\n|t:|1667622535\n|move|p1a: Overqwil|Spikes|p2a: Nikocado\n|-sidestart|p2: GRG_LunchableZ|Spikes\n|move|p2a: Nikocado|Draco Meteor|p1a: Overqwil\n|-crit|p1a: Overqwil\n|-damage|p1a: Overqwil|0 fnt\n|-unboost|p2a: Nikocado|spa|2\n|faint|p1a: Overqwil\n|\n|upkeep\n|\n|t:|1667622558\n|switch|p1a: Kleavor|Kleavor, F|311\/311\n|turn|5\n|\n|t:|1667622572\n|switch|p2a: Ninja Blevins|Samurott-Hisui, M|331\/331\n|-damage|p2a: Ninja Blevins|290\/331|[from] Spikes\n|move|p1a: Kleavor|U-turn|p2a: Ninja Blevins\n|-supereffective|p2a: Ninja Blevins\n|-damage|p2a: Ninja Blevins|0 fnt\n|faint|p2a: Ninja Blevins\n|l|&honeybourbon\n|\n|t:|1667622584\n|switch|p1a: Basculegion|Basculegion, M|414\/414\n|\n|upkeep\n|\n|t:|1667622603\n|switch|p2a: Markiplier|Typhlosion-Hisui, M|287\/287\n|-damage|p2a: Markiplier|252\/287|[from] Spikes\n|turn|6\n|\n|t:|1667622610\n|switch|p1a: Arcanine|Arcanine-Hisui, F|394\/394\n|move|p2a: Markiplier|Shadow Ball|p1a: Arcanine\n|-damage|p1a: Arcanine|276\/394\n|\n|upkeep\n|turn|7\n|\n|t:|1667622622\n|switch|p2a: IShowSpeed|Landorus-Therian, M|319\/319\n|-ability|p2a: IShowSpeed|Intimidate|boost\n|-unboost|p1a: Arcanine|atk|1\n|move|p1a: Arcanine|Teleport|p1a: Arcanine\n|\n|t:|1667622628\n|switch|p1a: Basculegion|Basculegion, M|414\/414\n|\n|upkeep\n|turn|8\n|\n|t:|1667622635\n|switch|p2a: Nikocado|Goodra-Hisui, M|260\/364\n|-damage|p2a: Nikocado|215\/364|[from] Spikes\n|move|p1a: Basculegion|Flip Turn|p2a: Nikocado\n|-resisted|p2a: Nikocado\n|-damage|p2a: Nikocado|114\/364\n|-ability|p2a: Nikocado|Gooey\n|-unboost|p1a: Basculegion|spe|1\n|\n|t:|1667622648\n|switch|p1a: Kleavor|Kleavor, F|311\/311\n|\n|upkeep\n|turn|9\n|\n|t:|1667622672\n|move|p1a: Kleavor|U-turn|p2a: Nikocado\n|-resisted|p2a: Nikocado\n|-damage|p2a: Nikocado|15\/364\n|-ability|p2a: Nikocado|Gooey\n|-unboost|p1a: Kleavor|spe|1\n|\n|t:|1667622680\n|switch|p1a: Landorus|Landorus-Therian, M|304\/382 tox\n|-ability|p1a: Landorus|Intimidate|boost\n|-unboost|p2a: Nikocado|atk|1\n|move|p2a: Nikocado|Flash Cannon|p1a: Landorus\n|-damage|p1a: Landorus|192\/382 tox\n|\n|-heal|p1a: Landorus|215\/382 tox|[from] item: Leftovers\n|-damage|p1a: Landorus|192\/382 tox|[from] psn\n|upkeep\n|turn|10\n|\n|t:|1667622686\n|move|p1a: Landorus|U-turn|p2a: Nikocado\n|-resisted|p2a: Nikocado\n|-damage|p2a: Nikocado|0 fnt\n|-ability|p2a: Nikocado|Gooey\n|-unboost|p1a: Landorus|spe|1\n|faint|p2a: Nikocado\n|\n|t:|1667622764\n|switch|p1a: Basculegion|Basculegion, M|414\/414\n|\n|upkeep\n|\n|t:|1667622777\n|switch|p2a: super humman|Decidueye-Hisui, M|251\/251\n|-damage|p2a: super humman|220\/251|[from] Spikes\n|turn|11\n|\n|t:|1667622791\n|switch|p1a: Landorus|Landorus-Therian, M|192\/382 tox\n|-ability|p1a: Landorus|Intimidate|boost\n|-unboost|p2a: super humman|atk|1\n|move|p2a: super humman|Shadow Ball|p1a: Landorus\n|debug|Illusion boost\n|-damage|p1a: Landorus|0 fnt\n|faint|p1a: Landorus\n|\n|upkeep\n|\n|t:|1667622808\n|switch|p1a: Arcanine|Arcanine-Hisui, F|276\/394\n|turn|12\n|\n|t:|1667622816\n|switch|p2a: IShowSpeed|Landorus-Therian, M|319\/319\n|-ability|p2a: IShowSpeed|Intimidate|boost\n|-unboost|p1a: Arcanine|atk|1\n|move|p1a: Arcanine|Teleport|p1a: Arcanine\n|\n|t:|1667622821\n|switch|p1a: Basculegion|Basculegion, M|414\/414\n|\n|upkeep\n|turn|13\n|\n|t:|1667622832\n|move|p2a: IShowSpeed|Toxic|p1a: Basculegion\n|-status|p1a: Basculegion|tox\n|move|p1a: Basculegion|Flip Turn|p2a: IShowSpeed\n|-supereffective|p2a: IShowSpeed\n|-damage|p2a: IShowSpeed|0 fnt\n|faint|p2a: IShowSpeed\n|\n|t:|1667622854\n|switch|p1a: Electrode|Electrode-Hisui|261\/261\n|\n|upkeep\n|\n|t:|1667622872\n|switch|p2a: super humman|Decidueye-Hisui, M|338\/338\n|-damage|p2a: super humman|296\/338|[from] Spikes\n|turn|14\n|\n|t:|1667622923\n|move|p1a: Electrode|Volt Switch|p2a: super humman\n|-resisted|p2a: super humman\n|-damage|p2a: super humman|218\/338\n|\n|t:|1667622940\n|switch|p1a: Basculegion|Basculegion, M|414\/414 tox\n|move|p2a: super humman|Knock Off|p1a: Basculegion\n|-supereffective|p1a: Basculegion\n|-damage|p1a: Basculegion|50\/414 tox\n|-enditem|p1a: Basculegion|Choice Band|[from] move: Knock Off|[of] p2a: super humman\n|-damage|p2a: super humman|185\/338|[from] item: Life Orb\n|\n|-damage|p1a: Basculegion|25\/414 tox|[from] psn\n|upkeep\n|turn|15\n|\n|t:|1667622949\n|move|p1a: Basculegion|Shadow Sneak|p2a: super humman\n|-damage|p2a: super humman|85\/338\n|move|p2a: super humman|Roost|p2a: super humman\n|-heal|p2a: super humman|254\/338\n|-singleturn|p2a: super humman|move: Roost\n|\n|-damage|p1a: Basculegion|0 fnt|[from] psn\n|faint|p1a: Basculegion\n|upkeep\n|\n|t:|1667622953\n|switch|p1a: Kleavor|Kleavor, F|311\/311\n|turn|16\n|\n|t:|1667622979\n|switch|p2a: Markiplier|Typhlosion-Hisui, M|252\/287\n|-damage|p2a: Markiplier|217\/287|[from] Spikes\n|move|p1a: Kleavor|U-turn|p2a: Markiplier\n|-resisted|p2a: Markiplier\n|-damage|p2a: Markiplier|156\/287\n|\n|t:|1667622990\n|switch|p1a: Arcanine|Arcanine-Hisui, F|276\/394\n|\n|upkeep\n|turn|17\n|\n|t:|1667623003\n|move|p2a: Markiplier|Shadow Ball|p1a: Arcanine\n|-damage|p1a: Arcanine|147\/394\n|-unboost|p1a: Arcanine|spd|1\n|move|p1a: Arcanine|Teleport|p1a: Arcanine\n|\n|t:|1667623008\n|switch|p1a: Electrode|Electrode-Hisui|261\/261\n|\n|upkeep\n|turn|18\n|\n|t:|1667623011\n|move|p2a: Markiplier|Shadow Ball|p1a: Electrode\n|-damage|p1a: Electrode|75\/261\n|move|p1a: Electrode|Volt Switch|p2a: Markiplier\n|-damage|p2a: Markiplier|0 fnt\n|faint|p2a: Markiplier\n|\n|t:|1667623028\n|switch|p1a: Arcanine|Arcanine-Hisui, F|147\/394\n|\n|upkeep\n|j| Fus!0nflare\n|\n|t:|1667623038\n|switch|p2a: super humman|Decidueye-Hisui, M|220\/251\n|-damage|p2a: super humman|189\/251|[from] Spikes\n|turn|19\n|\n|t:|1667623047\n|move|p2a: super humman|Shadow Ball|p1a: Arcanine\n|debug|Illusion boost\n|-crit|p1a: Arcanine\n|-damage|p1a: Arcanine|0 fnt\n|faint|p1a: Arcanine\n|\n|upkeep\n|\n|t:|1667623054\n|switch|p1a: Electrode|Electrode-Hisui|75\/261\n|turn|20\n|\n|t:|1667623058\n|move|p1a: Electrode|Thunderbolt|p2a: super humman\n|-damage|p2a: super humman|0 fnt\n|debug|move failed because it did nothing\n|debug|illusion cleared\n|replace|p2a: Sr Pelo|Zoroark-Hisui, F, shiny\n|-end|p2a: Sr Pelo|Illusion\n|faint|p2a: Sr Pelo\n|\n|upkeep\n|\n|t:|1667623060\n|switch|p2a: super humman|Decidueye-Hisui, M|254\/338\n|-damage|p2a: super humman|212\/338|[from] Spikes\n|turn|21\n|\n|t:|1667623063\n|move|p1a: Electrode|Thunderbolt|p2a: super humman\n|-resisted|p2a: super humman\n|-damage|p2a: super humman|104\/338\n|-status|p2a: super humman|par\n|move|p2a: super humman|Roost|p2a: super humman\n|-heal|p2a: super humman|273\/338 par\n|-singleturn|p2a: super humman|move: Roost\n|\n|upkeep\n|turn|22\n|\n|t:|1667623067\n|move|p1a: Electrode|Thunderbolt|p2a: super humman\n|-resisted|p2a: super humman\n|-damage|p2a: super humman|159\/338 par\n|move|p2a: super humman|High Jump Kick|p1a: Electrode\n|debug|Striker Boost\n|-damage|p1a: Electrode|0 fnt\n|faint|p1a: Electrode\n|-damage|p2a: super humman|126\/338 par|[from] item: Life Orb\n|\n|upkeep\n|\n|t:|1667623069\n|switch|p1a: Kleavor|Kleavor, F|311\/311\n|turn|23\n|\n|t:|1667623073\n|move|p1a: Kleavor|U-turn|p2a: super humman\n|-damage|p2a: super humman|0 fnt\n|faint|p2a: super humman\n|\n|win|quixana\n|n|\u2606quixana|quixana\n|n|\u2606GRG_LunchableZ|grglunchablez\n|n| evakiyama<3|evakiyama3\n|n| Fus!0nflare|fus0nflare\n|l|\u2606GRG_LunchableZ\n|c|\u2606quixana|gg\n","uploadtime":1667623079,"views":4,"p1id":"quixana","p2id":"grglunchablez","formatid":"gen8customgame","rating":0,"private":0,"password":null}