{"id":"radicalred-gen8customgame-298310","p1":"quixana","p2":"Abp Kadedesu","format":"gen8customgame","log":"|j|\u2606quixana\n|j|\u2606Abp Kadedesu\n|t:|1667621470\n|gametype|singles\n|player|p1|quixana|ethan-pokeathlon|\n|player|p2|Abp Kadedesu|2|\n|teamsize|p1|6\n|teamsize|p2|6\n|gen|8\n|tier|[Gen 8] Custom Game\n|rated|Tournament battle\n|clearpoke\n|poke|p1|Basculegion, M|\n|poke|p1|Kleavor, M|\n|poke|p1|Electrode-Hisui|\n|poke|p1|Overqwil, M|\n|poke|p1|Arcanine-Hisui, M|\n|poke|p1|Landorus-Therian, M|\n|poke|p2|Enamorus, F|\n|poke|p2|Kleavor, M|\n|poke|p2|Goodra-Hisui, F|\n|poke|p2|Qwilfish-Hisui, M|\n|poke|p2|Electrode-Hisui|\n|poke|p2|Sharpedo, F|\n|teampreview\n|j| el bozo\n|l| el bozo\n|inactive|Battle timer is ON: inactive players will automatically lose when time's up. (requested by Abp Kadedesu)\n|inactive|quixana has 120 seconds left.\n|\n|t:|1667621536\n|start\n|switch|p1a: Landorus|Landorus-Therian, M|382\/382\n|switch|p2a: Electrode|Electrode-Hisui|261\/261\n|-ability|p1a: Landorus|Intimidate|boost\n|-unboost|p2a: Electrode|atk|1\n|turn|1\n|\n|t:|1667621566\n|move|p2a: Electrode|Magic Coat|p2a: Electrode\n|-singleturn|p2a: Electrode|move: Magic Coat\n|move|p1a: Landorus|U-turn|p2a: Electrode\n|-supereffective|p2a: Electrode\n|-damage|p2a: Electrode|45\/261\n|\n|t:|1667621587\n|switch|p1a: Basculegion|Basculegion, M|414\/414\n|\n|upkeep\n|turn|2\n|\n|t:|1667621596\n|switch|p1a: Landorus|Landorus-Therian, M|382\/382\n|-ability|p1a: Landorus|Intimidate|boost\n|-unboost|p2a: Electrode|atk|1\n|move|p2a: Electrode|Energy Ball|p1a: Landorus\n|-crit|p1a: Landorus\n|-damage|p1a: Landorus|187\/382\n|-damage|p2a: Electrode|19\/261|[from] item: Life Orb\n|\n|-heal|p1a: Landorus|210\/382|[from] item: Leftovers\n|upkeep\n|turn|3\n|inactive|Abp Kadedesu has 120 seconds left.\n|\n|t:|1667621627\n|switch|p1a: Electrode|Electrode-Hisui|261\/261\n|move|p2a: Electrode|Magic Coat|p2a: Electrode\n|-singleturn|p2a: Electrode|move: Magic Coat\n|\n|upkeep\n|turn|4\n|inactive|Abp Kadedesu has 120 seconds left.\n|\n|t:|1667621640\n|move|p2a: Electrode|Energy Ball|p1a: Electrode\n|-resisted|p1a: Electrode\n|-damage|p1a: Electrode|165\/261\n|-damage|p2a: Electrode|0 fnt|[from] item: Life Orb\n|faint|p2a: Electrode\n|move|p1a: Electrode|Volt Switch|p2: Electrode|[notarget]\n|-fail|p1a: Electrode\n|\n|upkeep\n|inactive|Abp Kadedesu has 90 seconds left.\n|\n|t:|1667621676\n|switch|p2a: Qwilfish|Qwilfish-Hisui, M|334\/334\n|-ability|p2a: Qwilfish|Intimidate|boost\n|-unboost|p1a: Electrode|atk|1\n|turn|5\n|\n|t:|1667621689\n|move|p1a: Electrode|Volt Switch|p2a: Qwilfish\n|-damage|p2a: Qwilfish|210\/334\n|\n|t:|1667621701\n|switch|p1a: Landorus|Landorus-Therian, M|210\/382\n|-ability|p1a: Landorus|Intimidate|boost\n|-unboost|p2a: Qwilfish|atk|1\n|move|p2a: Qwilfish|Spikes|p1a: Landorus\n|-sidestart|p1: quixana|Spikes\n|\n|-heal|p1a: Landorus|233\/382|[from] item: Leftovers\n|upkeep\n|turn|6\n|\n|t:|1667621708\n|switch|p2a: Enamorus|Enamorus, F|289\/289\n|move|p1a: Landorus|Knock Off|p2a: Enamorus\n|-resisted|p2a: Enamorus\n|-damage|p2a: Enamorus|210\/289\n|-enditem|p2a: Enamorus|Choice Scarf|[from] move: Knock Off|[of] p1a: Landorus\n|\n|-heal|p1a: Landorus|256\/382|[from] item: Leftovers\n|upkeep\n|turn|7\n|\n|t:|1667621728\n|move|p2a: Enamorus|Moonblast|p1a: Landorus\n|-damage|p1a: Landorus|111\/382\n|move|p1a: Landorus|U-turn|p2a: Enamorus\n|-resisted|p2a: Enamorus\n|-crit|p2a: Enamorus\n|-damage|p2a: Enamorus|166\/289\n|\n|t:|1667621735\n|switch|p1a: Electrode|Electrode-Hisui|165\/261\n|-damage|p1a: Electrode|133\/261|[from] Spikes\n|\n|upkeep\n|turn|8\n|\n|t:|1667621738\n|switch|p2a: Goodra|Goodra-Hisui, F|363\/363\n|move|p1a: Electrode|Volt Switch|p2a: Goodra\n|-resisted|p2a: Goodra\n|-damage|p2a: Goodra|327\/363\n|\n|t:|1667621758\n|switch|p1a: Overqwil|Overqwil, M|394\/394\n|-damage|p1a: Overqwil|345\/394|[from] Spikes\n|-ability|p1a: Overqwil|Intimidate|boost\n|-unboost|p2a: Goodra|atk|1\n|\n|-heal|p1a: Overqwil|369\/394|[from] item: Black Sludge\n|upkeep\n|turn|9\n|inactive|Abp Kadedesu has 120 seconds left.\n|\n|t:|1667621779\n|move|p1a: Overqwil|Toxic|p2a: Goodra\n|debug|natural status immunity\n|debug|immune to status\n|-immune|p2a: Goodra\n|debug|move failed because it did nothing\n|move|p2a: Goodra|Earthquake|p1a: Overqwil\n|-supereffective|p1a: Overqwil\n|-damage|p1a: Overqwil|297\/394\n|\n|-heal|p1a: Overqwil|321\/394|[from] item: Black Sludge\n|upkeep\n|turn|10\n|c|\u2606quixana|im very good at this game\n|inactive|Abp Kadedesu has 120 seconds left.\n|\n|t:|1667621791\n|switch|p2a: Kleavor|Kleavor, M|311\/311\n|move|p1a: Overqwil|Spikes|p2a: Kleavor\n|-sidestart|p2: Abp Kadedesu|Spikes\n|\n|-heal|p1a: Overqwil|345\/394|[from] item: Black Sludge\n|upkeep\n|turn|11\n|inactive|Abp Kadedesu has 120 seconds left.\n|inactive|quixana has 120 seconds left.\n|\n|t:|1667621814\n|move|p2a: Kleavor|Close Combat|p1a: Overqwil\n|-damage|p1a: Overqwil|202\/394\n|-unboost|p2a: Kleavor|def|1\n|-unboost|p2a: Kleavor|spd|1\n|-damage|p2a: Kleavor|280\/311|[from] item: Life Orb\n|move|p1a: Overqwil|Toxic|p2a: Kleavor\n|-status|p2a: Kleavor|tox\n|\n|-heal|p1a: Overqwil|226\/394|[from] item: Black Sludge\n|-damage|p2a: Kleavor|261\/311 tox|[from] psn\n|upkeep\n|turn|12\n|inactive|quixana has 120 seconds left.\n|\n|t:|1667621829\n|move|p2a: Kleavor|U-turn|p1a: Overqwil\n|-damage|p1a: Overqwil|113\/394\n|-damage|p2a: Kleavor|230\/311 tox|[from] item: Life Orb\n|\n|t:|1667621832\n|switch|p2a: Qwilfish|Qwilfish-Hisui, M|210\/334\n|-damage|p2a: Qwilfish|169\/334|[from] Spikes\n|-ability|p2a: Qwilfish|Intimidate|boost\n|-unboost|p1a: Overqwil|atk|1\n|move|p1a: Overqwil|Pain Split|p2a: Qwilfish\n|-sethp|p2a: Qwilfish|141\/334|[from] move: Pain Split|[silent]\n|-sethp|p1a: Overqwil|141\/394|[from] move: Pain Split\n|\n|-heal|p1a: Overqwil|165\/394|[from] item: Black Sludge\n|upkeep\n|turn|13\n|\n|t:|1667621838\n|move|p2a: Qwilfish|Taunt|p1a: Overqwil\n|-start|p1a: Overqwil|move: Taunt\n|cant|p1a: Overqwil|move: Taunt|Taunt\n|\n|-heal|p1a: Overqwil|189\/394|[from] item: Black Sludge\n|upkeep\n|turn|14\n|\n|t:|1667621846\n|switch|p1a: Landorus|Landorus-Therian, M|111\/382\n|-ability|p1a: Landorus|Intimidate|boost\n|-unboost|p2a: Qwilfish|atk|1\n|move|p2a: Qwilfish|Spikes|p1a: Landorus\n|-sidestart|p1: quixana|Spikes\n|\n|-heal|p1a: Landorus|134\/382|[from] item: Leftovers\n|upkeep\n|turn|15\n|\n|t:|1667621869\n|move|p1a: Landorus|U-turn|p2a: Qwilfish\n|-damage|p2a: Qwilfish|85\/334\n|inactive|quixana has 120 seconds left.\n|\n|t:|1667621885\n|switch|p1a: Arcanine|Arcanine-Hisui, M|394\/394\n|move|p2a: Qwilfish|Pain Split|p1a: Arcanine\n|-sethp|p1a: Arcanine|239\/394|[from] move: Pain Split|[silent]\n|-sethp|p2a: Qwilfish|239\/334|[from] move: Pain Split\n|\n|upkeep\n|turn|16\n|inactive|quixana has 120 seconds left.\n|\n|t:|1667621899\n|switch|p2a: Sharpedo|Sharpedo, F|281\/281\n|-damage|p2a: Sharpedo|246\/281|[from] Spikes\n|move|p1a: Arcanine|Stealth Rock|p2a: Sharpedo\n|-sidestart|p2: Abp Kadedesu|move: Stealth Rock\n|\n|upkeep\n|turn|17\n|inactive|quixana has 120 seconds left.\n|\n|t:|1667621914\n|move|p2a: Sharpedo|Liquidation|p1a: Arcanine\n|-supereffective|p1a: Arcanine\n|-damage|p1a: Arcanine|0 fnt\n|faint|p1a: Arcanine\n|-damage|p2a: Sharpedo|218\/281|[from] item: Life Orb\n|\n|-ability|p2a: Sharpedo|Speed Boost|boost\n|-boost|p2a: Sharpedo|spe|1\n|upkeep\n|\n|t:|1667621929\n|switch|p1a: Overqwil|Overqwil, M|189\/394\n|-damage|p1a: Overqwil|124\/394|[from] Spikes\n|-ability|p1a: Overqwil|Intimidate|boost\n|-unboost|p2a: Sharpedo|atk|1\n|turn|18\n|inactive|Abp Kadedesu has 120 seconds left.\n|inactive|Abp Kadedesu has 90 seconds left.\n|inactive|Abp Kadedesu has 60 seconds left.\n|\n|t:|1667622037\n|move|p2a: Sharpedo|Close Combat|p1a: Overqwil\n|-damage|p1a: Overqwil|28\/394\n|-unboost|p2a: Sharpedo|def|1\n|-unboost|p2a: Sharpedo|spd|1\n|-damage|p2a: Sharpedo|190\/281|[from] item: Life Orb\n|move|p1a: Overqwil|Pain Split|p2a: Sharpedo\n|-sethp|p2a: Sharpedo|109\/281|[from] move: Pain Split|[silent]\n|-sethp|p1a: Overqwil|109\/394|[from] move: Pain Split\n|\n|-heal|p1a: Overqwil|133\/394|[from] item: Black Sludge\n|-ability|p2a: Sharpedo|Speed Boost|boost\n|-boost|p2a: Sharpedo|spe|1\n|upkeep\n|turn|19\n|inactive|quixana has 120 seconds left.\n|inactive|quixana has 90 seconds left.\n|j| GRG_LunchableZ\n|inactive|quixana has 60 seconds left.\n|\n|t:|1667622117\n|switch|p1a: Basculegion|Basculegion, M|414\/414\n|-damage|p1a: Basculegion|345\/414|[from] Spikes\n|move|p2a: Sharpedo|Liquidation|p1a: Basculegion\n|-resisted|p1a: Basculegion\n|-damage|p1a: Basculegion|250\/414\n|-damage|p2a: Sharpedo|81\/281|[from] item: Life Orb\n|\n|-ability|p2a: Sharpedo|Speed Boost|boost\n|-boost|p2a: Sharpedo|spe|1\n|upkeep\n|turn|20\n|\n|t:|1667622132\n|move|p2a: Sharpedo|Protect|p2a: Sharpedo\n|-singleturn|p2a: Sharpedo|Protect\n|move|p1a: Basculegion|Aqua Jet|p2a: Sharpedo\n|-activate|p2a: Sharpedo|move: Protect\n|\n|-ability|p2a: Sharpedo|Speed Boost|boost\n|-boost|p2a: Sharpedo|spe|1\n|upkeep\n|turn|21\n|inactive|Abp Kadedesu has 30 seconds left.\n|inactive|Abp Kadedesu has 20 seconds left.\n|inactive|Abp Kadedesu has 15 seconds left.\n|\n|t:|1667622162\n|switch|p2a: Goodra|Goodra-Hisui, F|327\/363\n|-damage|p2a: Goodra|282\/363|[from] Spikes\n|-damage|p2a: Goodra|260\/363|[from] Stealth Rock\n|move|p1a: Basculegion|Aqua Jet|p2a: Goodra\n|-resisted|p2a: Goodra\n|-damage|p2a: Goodra|206\/363\n|\n|upkeep\n|turn|22\n|inactive|Abp Kadedesu has 25 seconds left this turn.\n|inactive|quixana has 60 seconds left.\n|\n|t:|1667622196\n|switch|p1a: Kleavor|Kleavor, M|311\/311\n|-damage|p1a: Kleavor|260\/311|[from] Spikes\n|move|p2a: Goodra|Power Whip|p1a: Kleavor\n|-damage|p1a: Kleavor|159\/311\n|\n|upkeep\n|turn|23\n|inactive|quixana has 60 seconds left.\n|inactive|Abp Kadedesu has 30 seconds left.\n|\n|t:|1667622220\n|move|p1a: Kleavor|Knock Off|p2a: Goodra\n|-damage|p2a: Goodra|72\/363\n|-enditem|p2a: Goodra|Assault Vest|[from] move: Knock Off|[of] p1a: Kleavor\n|move|p2a: Goodra|Heavy Slam|p1a: Kleavor\n|-supereffective|p1a: Kleavor\n|-damage|p1a: Kleavor|0 fnt\n|faint|p1a: Kleavor\n|\n|upkeep\n|inactive|quixana has 30 seconds left.\n|inactive|quixana has 20 seconds left.\n|inactive|quixana has 15 seconds left.\n|\n|t:|1667622258\n|switch|p1a: Electrode|Electrode-Hisui|133\/261\n|-damage|p1a: Electrode|90\/261|[from] Spikes\n|turn|24\n|inactive|quixana has 25 seconds left this turn.\n|inactive|quixana has 20 seconds left.\n|\n|t:|1667622271\n|move|p1a: Electrode|Volt Switch|p2a: Goodra\n|-resisted|p2a: Goodra\n|-damage|p2a: Goodra|14\/363\n|inactive|quixana has 25 seconds left this turn.\n|inactive|quixana has 20 seconds left.\n|\n|t:|1667622280\n|switch|p1a: Landorus|Landorus-Therian, M|134\/382\n|-ability|p1a: Landorus|Intimidate|boost\n|-unboost|p2a: Goodra|atk|1\n|move|p2a: Goodra|Heavy Slam|p1a: Landorus\n|-damage|p1a: Landorus|43\/382\n|\n|-heal|p1a: Landorus|66\/382|[from] item: Leftovers\n|upkeep\n|turn|25\n|inactive|quixana has 30 seconds left this turn.\n|\n|t:|1667622291\n|move|p1a: Landorus|Knock Off|p2a: Goodra\n|-damage|p2a: Goodra|0 fnt\n|faint|p2a: Goodra\n|\n|-heal|p1a: Landorus|89\/382|[from] item: Leftovers\n|upkeep\n|inactive|quixana has 30 seconds left this turn.\n|inactive|Abp Kadedesu has 30 seconds left.\n|\n|t:|1667622315\n|switch|p2a: Sharpedo|Sharpedo, F|81\/281\n|-damage|p2a: Sharpedo|46\/281|[from] Spikes\n|-damage|p2a: Sharpedo|11\/281|[from] Stealth Rock\n|turn|26\n|inactive|quixana has 30 seconds left.\n|inactive|quixana has 20 seconds left.\n|inactive|Abp Kadedesu has 30 seconds left.\n|inactive|quixana has 15 seconds left.\n|\n|t:|1667622341\n|switch|p1a: Overqwil|Overqwil, M|133\/394\n|-damage|p1a: Overqwil|68\/394|[from] Spikes\n|-ability|p1a: Overqwil|Intimidate|boost\n|-unboost|p2a: Sharpedo|atk|1\n|move|p2a: Sharpedo|Crunch|p1a: Overqwil\n|-resisted|p1a: Overqwil\n|-damage|p1a: Overqwil|25\/394\n|-damage|p2a: Sharpedo|0 fnt|[from] item: Life Orb\n|faint|p2a: Sharpedo\n|\n|-heal|p1a: Overqwil|49\/394|[from] item: Black Sludge\n|upkeep\n|inactive|quixana has 20 seconds left this turn.\n|inactive|Abp Kadedesu has 30 seconds left.\n|\n|t:|1667622354\n|switch|p2a: Kleavor|Kleavor, M|230\/311 tox\n|-damage|p2a: Kleavor|192\/311 tox|[from] Spikes\n|-damage|p2a: Kleavor|115\/311 tox|[from] Stealth Rock\n|turn|27\n|inactive|quixana has 30 seconds left this turn.\n|inactive|quixana has 20 seconds left.\n|inactive|quixana has 15 seconds left.\n|inactive|quixana has 10 seconds left.\n|\n|t:|1667622376\n|move|p2a: Kleavor|U-turn|p1a: Overqwil\n|-damage|p1a: Overqwil|0 fnt\n|faint|p1a: Overqwil\n|-damage|p2a: Kleavor|84\/311 tox|[from] item: Life Orb\n|inactive|quixana has 15 seconds left this turn.\n|inactive|Abp Kadedesu has 30 seconds left.\n|\n|t:|1667622386\n|switch|p2a: Enamorus|Enamorus, F|166\/289\n|-damage|p2a: Enamorus|94\/289|[from] Stealth Rock\n|\n|upkeep\n|inactive|quixana has 20 seconds left this turn.\n|inactive|quixana has 15 seconds left.\n|\n|t:|1667622392\n|switch|p1a: Electrode|Electrode-Hisui|90\/261\n|-damage|p1a: Electrode|47\/261|[from] Spikes\n|turn|28\n|inactive|quixana has 25 seconds left this turn.\n|inactive|quixana has 20 seconds left.\n|\n|t:|1667622406\n|switch|p2a: Qwilfish|Qwilfish-Hisui, M|239\/334\n|-damage|p2a: Qwilfish|198\/334|[from] Stealth Rock\n|-damage|p2a: Qwilfish|157\/334|[from] Spikes\n|-ability|p2a: Qwilfish|Intimidate|boost\n|-unboost|p1a: Electrode|atk|1\n|move|p1a: Electrode|Thunderbolt|p2a: Qwilfish\n|-damage|p2a: Qwilfish|15\/334\n|\n|upkeep\n|turn|29\n|inactive|quixana has 30 seconds left this turn.\n|\n|t:|1667622413\n|move|p1a: Electrode|Thunderbolt|p2a: Qwilfish\n|-damage|p2a: Qwilfish|0 fnt\n|faint|p2a: Qwilfish\n|\n|upkeep\n|inactive|quixana has 30 seconds left this turn.\n|\n|t:|1667622416\n|switch|p2a: Enamorus|Enamorus, F|94\/289\n|-damage|p2a: Enamorus|22\/289|[from] Stealth Rock\n|turn|30\n|\n|t:|1667622420\n|move|p1a: Electrode|Thunderbolt|p2a: Enamorus\n|-supereffective|p2a: Enamorus\n|-damage|p2a: Enamorus|0 fnt\n|faint|p2a: Enamorus\n|\n|upkeep\n|\n|t:|1667622422\n|switch|p2a: Kleavor|Kleavor, M|84\/311 tox\n|-damage|p2a: Kleavor|7\/311 tox|[from] Stealth Rock\n|-damage|p2a: Kleavor|0 fnt|[from] Spikes\n|faint|p2a: Kleavor\n|\n|win|quixana\n|n|\u2606quixana|quixana\n|n|\u2606Abp Kadedesu|abpkadedesu\n|n| GRG_LunchableZ|grglunchablez\n|l|\u2606Abp Kadedesu\n","uploadtime":1667622439,"views":4,"p1id":"quixana","p2id":"abpkadedesu","formatid":"gen8customgame","rating":0,"private":0,"password":null}