{"id":"radicalred-gen8customgame-298617","p1":"quixana","p2":"Potherian","format":"gen8customgame","log":"|j|\u2606quixana\n|j|\u2606Potherian\n|t:|1667626433\n|gametype|singles\n|player|p1|quixana|ethan-pokeathlon|\n|player|p2|Potherian|266|\n|teamsize|p1|6\n|teamsize|p2|6\n|gen|8\n|tier|[Gen 8] Custom Game\n|rated|Tournament battle\n|clearpoke\n|poke|p1|Basculegion, M|\n|poke|p1|Kleavor, M|\n|poke|p1|Electrode-Hisui|\n|poke|p1|Overqwil, M|\n|poke|p1|Arcanine-Hisui, M|\n|poke|p1|Landorus-Therian, M|\n|poke|p2|Zeraora|\n|poke|p2|Enamorus-Therian, F|\n|poke|p2|Typhlosion-Hisui, M|\n|poke|p2|Samurott-Hisui, M|\n|poke|p2|Decidueye-Hisui, M|\n|poke|p2|Goodra-Hisui, M|\n|teampreview\n|c|\u2606quixana|hf\n|j| Iamextremelyboring\n|j| DanielJJYTgamer\n|c| Iamextremelyboring|Quixana im your biggest fanb\n|c| Iamextremelyboring|frr\n|c|\u2606quixana|omg\n|c|\u2606quixana|yooooo\n|c|\u2606quixana|same\n|c|\u2606quixana|sheisty team\n|l| DanielJJYTgamer\n|c|\u2606quixana|u in the tour @iamextremelyboring?\n|\n|t:|1667626509\n|start\n|switch|p1a: Overqwil|Overqwil, M|394\/394\n|switch|p2a: Samurott|Samurott-Hisui, M, shiny|394\/394\n|-ability|p1a: Overqwil|Intimidate|boost\n|-unboost|p2a: Samurott|atk|1\n|turn|1\n|inactive|Battle timer is ON: inactive players will automatically lose when time's up. (requested by Potherian)\n|c| Iamextremelyboring|yes\n|\n|t:|1667626524\n|switch|p2a: Enamorus|Enamorus-Therian, F|344\/344\n|move|p1a: Overqwil|Spikes|p2a: Enamorus\n|-sidestart|p2: Potherian|Spikes\n|\n|upkeep\n|turn|2\n|inactive|quixana has 120 seconds left.\n|\n|t:|1667626577\n|switch|p1a: Landorus|Landorus-Therian, M|382\/382\n|-ability|p1a: Landorus|Intimidate|boost\n|-unboost|p2a: Enamorus|atk|1\n|move|p2a: Enamorus|Earth Power|p1a: Landorus\n|-immune|p1a: Landorus\n|\n|upkeep\n|turn|3\n|\n|t:|1667626591\n|move|p1a: Landorus|U-turn|p2a: Enamorus\n|-resisted|p2a: Enamorus\n|-damage|p2a: Enamorus|328\/344\n|inactive|quixana has 90 seconds left.\n|\n|t:|1667626616\n|switch|p1a: Arcanine|Arcanine-Hisui, M|394\/394\n|move|p2a: Enamorus|Moonblast|p1a: Arcanine\n|-resisted|p1a: Arcanine\n|-damage|p1a: Arcanine|337\/394\n|-unboost|p1a: Arcanine|spa|1\n|\n|upkeep\n|turn|4\n|\n|t:|1667626639\n|switch|p1a: Landorus|Landorus-Therian, M|382\/382\n|-ability|p1a: Landorus|Intimidate|boost\n|-unboost|p2a: Enamorus|atk|1\n|switch|p2a: Samurott|Samurott-Hisui, M, shiny|394\/394\n|-damage|p2a: Samurott|345\/394|[from] Spikes\n|\n|-heal|p2a: Samurott|369\/394|[from] item: Leftovers\n|upkeep\n|turn|5\n|\n|t:|1667626647\n|switch|p1a: Overqwil|Overqwil, M|394\/394\n|-ability|p1a: Overqwil|Intimidate|boost\n|-unboost|p2a: Samurott|atk|1\n|move|p2a: Samurott|Scald|p1a: Overqwil\n|-damage|p1a: Overqwil|282\/394\n|\n|-heal|p1a: Overqwil|306\/394|[from] item: Black Sludge\n|-heal|p2a: Samurott|393\/394|[from] item: Leftovers\n|upkeep\n|turn|6\n|\n|t:|1667626652\n|move|p1a: Overqwil|Toxic|p2a: Samurott\n|-status|p2a: Samurott|tox\n|move|p2a: Samurott|Scald|p1a: Overqwil\n|-damage|p1a: Overqwil|188\/394\n|-status|p1a: Overqwil|brn\n|\n|-heal|p1a: Overqwil|212\/394 brn|[from] item: Black Sludge\n|-heal|p2a: Samurott|394\/394 tox|[from] item: Leftovers\n|-damage|p2a: Samurott|370\/394 tox|[from] psn\n|-damage|p1a: Overqwil|188\/394 brn|[from] brn\n|upkeep\n|turn|7\n|\n|t:|1667626661\n|switch|p2a: Enamorus|Enamorus-Therian, F|328\/344\n|move|p1a: Overqwil|Pain Split|p2a: Enamorus\n|-sethp|p2a: Enamorus|258\/344|[from] move: Pain Split|[silent]\n|-sethp|p1a: Overqwil|258\/394 brn|[from] move: Pain Split\n|\n|-heal|p1a: Overqwil|282\/394 brn|[from] item: Black Sludge\n|-damage|p1a: Overqwil|258\/394 brn|[from] brn\n|upkeep\n|turn|8\n|inactive|quixana has 90 seconds left.\n|\n|t:|1667626672\n|switch|p1a: Landorus|Landorus-Therian, M|382\/382\n|-ability|p1a: Landorus|Intimidate|boost\n|-unboost|p2a: Enamorus|atk|1\n|move|p2a: Enamorus|Defog|p1a: Landorus\n|-unboost|p1a: Landorus|evasion|1\n|-sideend|p2: Potherian|Spikes|[from] move: Defog|[of] p2a: Enamorus\n|\n|upkeep\n|turn|9\n|\n|t:|1667626680\n|move|p1a: Landorus|Knock Off|p2a: Enamorus\n|-resisted|p2a: Enamorus\n|-damage|p2a: Enamorus|206\/344\n|-enditem|p2a: Enamorus|Heavy-Duty Boots|[from] move: Knock Off|[of] p1a: Landorus\n|move|p2a: Enamorus|Moonblast|p1a: Landorus\n|-damage|p1a: Landorus|270\/382\n|\n|-heal|p1a: Landorus|293\/382|[from] item: Leftovers\n|upkeep\n|turn|10\n|\n|t:|1667626691\n|move|p1a: Landorus|U-turn|p2a: Enamorus\n|-resisted|p2a: Enamorus\n|-damage|p2a: Enamorus|188\/344\n|inactive|quixana has 90 seconds left.\n|\n|t:|1667626703\n|switch|p1a: Arcanine|Arcanine-Hisui, M|337\/394\n|move|p2a: Enamorus|Toxic|p1a: Arcanine\n|-status|p1a: Arcanine|tox\n|\n|-damage|p1a: Arcanine|313\/394 tox|[from] psn\n|upkeep\n|turn|11\n|inactive|quixana has 90 seconds left.\n|\n|t:|1667626716\n|move|p1a: Arcanine|Rock Slide|p2a: Enamorus\n|-supereffective|p2a: Enamorus\n|-damage|p2a: Enamorus|6\/344\n|move|p2a: Enamorus|Earth Power|p1a: Arcanine\n|-supereffective|p1a: Arcanine\n|-damage|p1a: Arcanine|0 fnt\n|faint|p1a: Arcanine\n|\n|upkeep\n|inactive|quixana has 90 seconds left.\n|\n|t:|1667626725\n|switch|p1a: Landorus|Landorus-Therian, M|293\/382\n|-ability|p1a: Landorus|Intimidate|boost\n|-unboost|p2a: Enamorus|atk|1\n|turn|12\n|\n|t:|1667626728\n|move|p1a: Landorus|U-turn|p2a: Enamorus\n|-resisted|p2a: Enamorus\n|-damage|p2a: Enamorus|0 fnt\n|faint|p2a: Enamorus\n|\n|t:|1667626740\n|switch|p1a: Basculegion|Basculegion, M|414\/414\n|\n|upkeep\n|\n|t:|1667626748\n|switch|p2a: Goodra|Goodra-Hisui, M|364\/364\n|turn|13\n|\n|t:|1667626755\n|move|p1a: Basculegion|Poltergeist|p2a: Goodra|[miss]\n|-miss|p1a: Basculegion|p2a: Goodra\n|move|p2a: Goodra|Stealth Rock|p1a: Basculegion\n|-sidestart|p1: quixana|move: Stealth Rock\n|\n|upkeep\n|turn|14\n|\n|t:|1667626762\n|switch|p2a: Samurott|Samurott-Hisui, M, shiny|370\/394 tox\n|move|p1a: Basculegion|Poltergeist|p2a: Samurott\n|-activate|p2a: Samurott|move: Poltergeist|Leftovers\n|-resisted|p2a: Samurott\n|-damage|p2a: Samurott|173\/394 tox\n|\n|-heal|p2a: Samurott|197\/394 tox|[from] item: Leftovers\n|-damage|p2a: Samurott|173\/394 tox|[from] psn\n|upkeep\n|turn|15\n|inactive|quixana has 120 seconds left.\n|\n|t:|1667626790\n|switch|p1a: Electrode|Electrode-Hisui|261\/261\n|-damage|p1a: Electrode|229\/261|[from] Stealth Rock\n|move|p2a: Samurott|Ceaseless Edge|p1a: Electrode\n|-damage|p1a: Electrode|129\/261\n|-activate|p1a: Electrode|move: Ceaseless Edge|[of] p2a: Samurott\n|\n|-heal|p2a: Samurott|197\/394 tox|[from] item: Leftovers\n|-damage|p2a: Samurott|149\/394 tox|[from] psn\n|-damage|p1a: Electrode|97\/261|[from] move: Ceaseless Edge|[partiallytrapped]\n|upkeep\n|turn|16\n|\n|t:|1667626802\n|move|p2a: Samurott|Protect|p2a: Samurott\n|-singleturn|p2a: Samurott|Protect\n|move|p1a: Electrode|Volt Switch|p2a: Samurott\n|-activate|p2a: Samurott|move: Protect\n|\n|-heal|p2a: Samurott|173\/394 tox|[from] item: Leftovers\n|-damage|p2a: Samurott|101\/394 tox|[from] psn\n|-damage|p1a: Electrode|65\/261|[from] move: Ceaseless Edge|[partiallytrapped]\n|upkeep\n|turn|17\n|\n|t:|1667626818\n|move|p2a: Samurott|Aqua Jet|p1a: Electrode\n|debug|Torrent boost\n|-resisted|p1a: Electrode\n|-damage|p1a: Electrode|14\/261\n|move|p1a: Electrode|Volt Switch|p2a: Samurott\n|-supereffective|p2a: Samurott\n|-damage|p2a: Samurott|0 fnt\n|faint|p2a: Samurott\n|\n|t:|1667626826\n|switch|p1a: Landorus|Landorus-Therian, M|293\/382\n|-damage|p1a: Landorus|246\/382|[from] Stealth Rock\n|\n|-heal|p1a: Landorus|269\/382|[from] item: Leftovers\n|upkeep\n|\n|t:|1667626832\n|switch|p2a: Decidueye|Decidueye-Hisui, M, shiny|400\/400\n|turn|18\n|\n|t:|1667626842\n|switch|p1a: Overqwil|Overqwil, M|258\/394 brn\n|-damage|p1a: Overqwil|209\/394 brn|[from] Stealth Rock\n|-ability|p1a: Overqwil|Intimidate|boost\n|-unboost|p2a: Decidueye|atk|1\n|move|p2a: Decidueye|Triple Arrows|p1a: Overqwil\n|-damage|p1a: Overqwil|158\/394 brn\n|-unboost|p1a: Overqwil|def|1\n|-start|p2a: Decidueye|move: Focus Energy\n|\n|-heal|p1a: Overqwil|182\/394 brn|[from] item: Black Sludge\n|-damage|p1a: Overqwil|158\/394 brn|[from] brn\n|upkeep\n|turn|19\n|\n|t:|1667626855\n|move|p1a: Overqwil|Pain Split|p2a: Decidueye\n|-sethp|p2a: Decidueye|279\/400|[from] move: Pain Split|[silent]\n|-sethp|p1a: Overqwil|279\/394 brn|[from] move: Pain Split\n|move|p2a: Decidueye|Close Combat|p1a: Overqwil\n|debug|Negating (sp)atk boost\/penalty.\n|-crit|p1a: Overqwil\n|-damage|p1a: Overqwil|0 fnt\n|-unboost|p2a: Decidueye|def|1\n|-unboost|p2a: Decidueye|spd|1\n|faint|p1a: Overqwil\n|\n|upkeep\n|\n|t:|1667626861\n|switch|p1a: Kleavor|Kleavor, M|311\/311\n|-damage|p1a: Kleavor|234\/311|[from] Stealth Rock\n|turn|20\n|\n|t:|1667626867\n|switch|p2a: Goodra|Goodra-Hisui, M|364\/364\n|move|p1a: Kleavor|U-turn|p2a: Goodra\n|-resisted|p2a: Goodra\n|-damage|p2a: Goodra|293\/364\n|\n|t:|1667626874\n|switch|p1a: Landorus|Landorus-Therian, M|269\/382\n|-damage|p1a: Landorus|222\/382|[from] Stealth Rock\n|-ability|p1a: Landorus|Intimidate|boost\n|-unboost|p2a: Goodra|atk|1\n|\n|-heal|p1a: Landorus|245\/382|[from] item: Leftovers\n|-heal|p2a: Goodra|315\/364|[from] item: Leftovers\n|upkeep\n|turn|21\n|inactive|quixana has 120 seconds left.\n|\n|t:|1667626894\n|move|p1a: Landorus|U-turn|p2a: Goodra\n|-resisted|p2a: Goodra\n|-damage|p2a: Goodra|287\/364\n|\n|t:|1667626896\n|switch|p1a: Basculegion|Basculegion, M|414\/414\n|-damage|p1a: Basculegion|363\/414|[from] Stealth Rock\n|move|p2a: Goodra|Ice Beam|p1a: Basculegion\n|-resisted|p1a: Basculegion\n|-damage|p1a: Basculegion|313\/414\n|-status|p1a: Basculegion|frz\n|\n|-heal|p2a: Goodra|309\/364|[from] item: Leftovers\n|-damage|p1a: Basculegion|288\/414 frz|[from] frz\n|upkeep\n|turn|22\n|\n|t:|1667626906\n|move|p1a: Basculegion|Poltergeist|p2a: Goodra\n|-activate|p2a: Goodra|move: Poltergeist|Leftovers\n|-damage|p2a: Goodra|47\/364\n|move|p2a: Goodra|Acid Armor|p2a: Goodra\n|-boost|p2a: Goodra|def|2\n|\n|-heal|p2a: Goodra|69\/364|[from] item: Leftovers\n|-damage|p1a: Basculegion|263\/414 frz|[from] frz\n|upkeep\n|turn|23\n|inactive|quixana has 120 seconds left.\n|\n|t:|1667626916\n|move|p1a: Basculegion|Poltergeist|p2a: Goodra\n|-activate|p2a: Goodra|move: Poltergeist|Leftovers\n|-damage|p2a: Goodra|0 fnt\n|faint|p2a: Goodra\n|\n|-damage|p1a: Basculegion|238\/414 frz|[from] frz\n|upkeep\n|\n|t:|1667626922\n|switch|p2a: Typhlosion|Typhlosion-Hisui, M|287\/287\n|turn|24\n|inactive|quixana has 120 seconds left.\n|\n|t:|1667626939\n|switch|p1a: Electrode|Electrode-Hisui|14\/261\n|-damage|p1a: Electrode|0 fnt|[from] Stealth Rock\n|faint|p1a: Electrode\n|move|p2a: Typhlosion|Shadow Ball|p1: Electrode|[notarget]\n|-fail|p2a: Typhlosion\n|\n|upkeep\n|inactive|quixana has 90 seconds left.\n|\n|t:|1667626975\n|switch|p1a: Basculegion|Basculegion, M|238\/414 frz\n|-damage|p1a: Basculegion|187\/414 frz|[from] Stealth Rock\n|turn|25\n|\n|t:|1667626977\n|move|p1a: Basculegion|Shadow Sneak|p2a: Typhlosion\n|-supereffective|p2a: Typhlosion\n|-damage|p2a: Typhlosion|0 fnt\n|faint|p2a: Typhlosion\n|\n|-damage|p1a: Basculegion|162\/414 frz|[from] frz\n|upkeep\n|\n|t:|1667626982\n|switch|p2a: Zeraora|Zeraora, shiny|317\/317\n|turn|26\n|\n|t:|1667626993\n|move|p1a: Basculegion|Shadow Sneak|p2a: Zeraora\n|-damage|p2a: Zeraora|151\/317\n|move|p2a: Zeraora|Knock Off|p1a: Basculegion\n|-supereffective|p1a: Basculegion\n|-damage|p1a: Basculegion|0 fnt\n|-enditem|p1a: Basculegion|Choice Band|[from] move: Knock Off|[of] p2a: Zeraora\n|faint|p1a: Basculegion\n|-damage|p2a: Zeraora|120\/317|[from] item: Life Orb\n|\n|upkeep\n|\n|t:|1667626997\n|switch|p1a: Landorus|Landorus-Therian, M|245\/382\n|-damage|p1a: Landorus|198\/382|[from] Stealth Rock\n|-ability|p1a: Landorus|Intimidate|boost\n|-unboost|p2a: Zeraora|atk|1\n|turn|27\n|\n|t:|1667627005\n|move|p2a: Zeraora|Knock Off|p1a: Landorus\n|-damage|p1a: Landorus|103\/382\n|-enditem|p1a: Landorus|Leftovers|[from] move: Knock Off|[of] p2a: Zeraora\n|-damage|p2a: Zeraora|89\/317|[from] item: Life Orb\n|move|p1a: Landorus|U-turn|p2a: Zeraora\n|-crit|p2a: Zeraora\n|-damage|p2a: Zeraora|0 fnt\n|faint|p2a: Zeraora\n|\n|t:|1667627013\n|switch|p1a: Kleavor|Kleavor, M|234\/311\n|-damage|p1a: Kleavor|157\/311|[from] Stealth Rock\n|\n|upkeep\n|\n|t:|1667627015\n|switch|p2a: Decidueye|Decidueye-Hisui, M, shiny|279\/400\n|turn|28\n|\n|t:|1667627022\n|move|p1a: Kleavor|U-turn|p2a: Decidueye\n|-damage|p2a: Decidueye|56\/400\n|\n|t:|1667627025\n|switch|p1a: Landorus|Landorus-Therian, M|103\/382\n|-damage|p1a: Landorus|56\/382|[from] Stealth Rock\n|-ability|p1a: Landorus|Intimidate|boost\n|-unboost|p2a: Decidueye|atk|1\n|move|p2a: Decidueye|Triple Arrows|p1a: Landorus\n|-resisted|p1a: Landorus\n|-damage|p1a: Landorus|14\/382\n|-unboost|p1a: Landorus|def|1\n|-start|p2a: Decidueye|move: Focus Energy\n|\n|upkeep\n|turn|29\n|-enditem|p2a: Decidueye|Custap Berry|[eat]\n|-activate|p2a: Decidueye|item: Custap Berry|[consumed]\n|\n|t:|1667627031\n|move|p2a: Decidueye|Sucker Punch|p1a: Landorus\n|-damage|p1a: Landorus|0 fnt\n|faint|p1a: Landorus\n|\n|upkeep\n|\n|t:|1667627035\n|switch|p1a: Kleavor|Kleavor, M|157\/311\n|-damage|p1a: Kleavor|80\/311|[from] Stealth Rock\n|turn|30\n|\n|t:|1667627038\n|move|p2a: Decidueye|Sucker Punch|p1a: Kleavor\n|debug|Negating (sp)atk boost\/penalty.\n|-crit|p1a: Kleavor\n|-damage|p1a: Kleavor|0 fnt\n|faint|p1a: Kleavor\n|\n|win|Potherian\n|n|\u2606quixana|quixana\n|n|\u2606Potherian|potherian\n|n| Iamextremelyboring|iamextremelyboring\n|c|\u2606Potherian|gg\n|c|\u2606quixana|gg\n|c|\u2606quixana|hax were crazy\n|l|\u2606Potherian\n","uploadtime":1667627052,"views":5,"p1id":"quixana","p2id":"potherian","formatid":"gen8customgame","rating":0,"private":0,"password":null}