{"id":"radicalred-gen8pladraft-154758","p1":"Zone Olli","p2":"TehranTyphlosions","format":"gen8pladraft","log":"|j|\u2606Zone Olli\n|j|\u2606TehranTyphlosions\n|t:|1654473087\n|gametype|singles\n|player|p1|Zone Olli|rr-grimmsley|\n|player|p2|TehranTyphlosions|266|\n|teamsize|p1|6\n|teamsize|p2|6\n|gen|8\n|tier|[Gen 8] PLA Draft\n|rule|HP Percentage Mod: HP is shown in percentages\n|rule|Endless Battle Clause: Forcing endless battles is banned\n|rule|OHKO Clause: OHKO moves are banned\n|rule|Evasion Moves Clause: Evasion moves are banned\n|rule|Species Clause: Limit one of each Pok\u00e9mon\n|rule|Sleep Clause Mod: Limit one foe put to sleep\n|rule|Dynamax Clause: You cannot dynamax\n|rule|Z-Move Clause: Z-Moves are banned\n|clearpoke\n|poke|p1|Mew|\n|poke|p1|Zeraora|\n|poke|p1|Garchomp, F|\n|poke|p1|Buzzwole|\n|poke|p1|Metagross|\n|poke|p1|Manaphy|\n|poke|p2|Latios, M|\n|poke|p2|Spiritomb, F|\n|poke|p2|Clefable, M|\n|poke|p2|Porygon2|\n|poke|p2|Aerodactyl, F|\n|poke|p2|Urshifu-*, F|\n|teampreview\n|c|\u2606TehranTyphlosions|gl gl\n|c|\u2606Zone Olli|hf\n|\n|t:|1654473158\n|start\n|switch|p1a: Little Freak|Mew|100\/100\n|switch|p2a: Urshifu|Urshifu-Rapid-Strike, F|100\/100\n|turn|1\n|\n|t:|1654473170\n|move|p2a: Urshifu|U-turn|p1a: Little Freak\n|-supereffective|p1a: Little Freak\n|-damage|p1a: Little Freak|42\/100\n|j| dokythedingus\n|c| dokythedingus|GO POKEMON\n|c| dokythedingus|WOOOO\n|\n|t:|1654473209\n|switch|p2a: Spiritomb|Spiritomb, F|100\/100|[from]move: U-turn\n|move|p1a: Little Freak|Knock Off|p2a: Spiritomb\n|-damage|p2a: Spiritomb|69\/100\n|-enditem|p2a: Spiritomb|Leftovers|[from] move: Knock Off|[of] p1a: Little Freak\n|\n|-heal|p1a: Little Freak|49\/100|[from] item: Leftovers\n|upkeep\n|turn|2\n|\n|t:|1654473228\n|switch|p1a: Matilda|Manaphy|100\/100\n|move|p2a: Spiritomb|Foul Play|p1a: Matilda\n|-damage|p1a: Matilda|83\/100\n|-damage|p2a: Spiritomb|53\/100|[from] item: Rocky Helmet|[of] p1a: Matilda\n|\n|upkeep\n|turn|3\n|\n|t:|1654473251\n|switch|p2a: Porygon2|Porygon2|100\/100\n|-ability|p2a: Porygon2|Hydration|[from] ability: Trace|[of] p1a: Matilda\n|move|p1a: Matilda|Scald|p2a: Porygon2\n|-damage|p2a: Porygon2|87\/100\n|-status|p2a: Porygon2|brn\n|\n|-damage|p2a: Porygon2|81\/100 brn|[from] brn\n|upkeep\n|turn|4\n|\n|t:|1654473261\n|move|p1a: Matilda|U-turn|p2a: Porygon2\n|-damage|p2a: Porygon2|72\/100 brn\n|\n|t:|1654473267\n|switch|p1a: Little Freak|Mew|49\/100|[from]move: U-turn\n|move|p2a: Porygon2|Toxic||[still]\n|-status|p1a: Little Freak|tox\n|-activate|p1a: Little Freak|ability: Synchronize\n|-fail|p1a: Little Freak\n|\n|-heal|p1a: Little Freak|55\/100 tox|[from] item: Leftovers\n|-damage|p1a: Little Freak|49\/100 tox|[from] psn\n|-damage|p2a: Porygon2|66\/100 brn|[from] brn\n|upkeep\n|turn|5\n|\n|t:|1654473274\n|switch|p2a: Spiritomb|Spiritomb, F|53\/100\n|move|p1a: Little Freak|Roost|p1a: Little Freak\n|-heal|p1a: Little Freak|99\/100 tox\n|-singleturn|p1a: Little Freak|move: Roost\n|\n|-heal|p1a: Little Freak|100\/100 tox|[from] item: Leftovers\n|-damage|p1a: Little Freak|88\/100 tox|[from] psn\n|upkeep\n|turn|6\n|\n|t:|1654473277\n|switch|p1a: Matilda|Manaphy|83\/100\n|move|p2a: Spiritomb|Poltergeist|p1a: Matilda\n|-activate|p1a: Matilda|move: Poltergeist|Rocky Helmet\n|-damage|p1a: Matilda|51\/100\n|\n|upkeep\n|turn|7\n|\n|t:|1654473288\n|switch|p2a: Porygon2|Porygon2|66\/100 brn\n|-ability|p2a: Porygon2|Hydration|[from] ability: Trace|[of] p1a: Matilda\n|move|p1a: Matilda|U-turn|p2a: Porygon2\n|-damage|p2a: Porygon2|56\/100 brn\n|\n|t:|1654473291\n|switch|p1a: Grapejuice|Buzzwole|100\/100|[from]move: U-turn\n|\n|-damage|p2a: Porygon2|50\/100 brn|[from] brn\n|upkeep\n|turn|8\n|\n|t:|1654473297\n|switch|p2a: Clefable|Clefable, M|100\/100\n|move|p1a: Grapejuice|Leech Life|p2a: Clefable\n|-resisted|p2a: Clefable\n|-damage|p2a: Clefable|80\/100\n|\n|upkeep\n|turn|9\n|\n|t:|1654473319\n|switch|p1a: Late Night Talking|Metagross|100\/100\n|move|p2a: Clefable|Fire Blast|p1a: Late Night Talking|[miss]\n|-miss|p2a: Clefable|p1a: Late Night Talking\n|\n|upkeep\n|turn|10\n|\n|t:|1654473337\n|switch|p2a: Spiritomb|Spiritomb, F|53\/100\n|move|p1a: Late Night Talking|Zen Headbutt|p2a: Spiritomb\n|-immune|p2a: Spiritomb\n|\n|upkeep\n|turn|11\n|\n|t:|1654473350\n|switch|p1a: Matilda|Manaphy|51\/100\n|move|p2a: Spiritomb|Foul Play|p1a: Matilda\n|-damage|p1a: Matilda|34\/100\n|-damage|p2a: Spiritomb|36\/100|[from] item: Rocky Helmet|[of] p1a: Matilda\n|\n|upkeep\n|turn|12\n|\n|t:|1654473360\n|move|p1a: Matilda|Rest|p1a: Matilda\n|-status|p1a: Matilda|slp|[from] move: Rest\n|-heal|p1a: Matilda|100\/100 slp|[silent]\n|move|p2a: Spiritomb|Poltergeist|p1a: Matilda\n|-activate|p1a: Matilda|move: Poltergeist|Rocky Helmet\n|-damage|p1a: Matilda|72\/100 slp\n|\n|upkeep\n|turn|13\n|\n|t:|1654473364\n|switch|p2a: Porygon2|Porygon2|50\/100 brn\n|-ability|p2a: Porygon2|Hydration|[from] ability: Trace|[of] p1a: Matilda\n|cant|p1a: Matilda|slp\n|move|p1a: Matilda|Sleep Talk|p1a: Matilda\n|move|p1a: Matilda|Rest||[from]move: Sleep Talk|[still]\n|-fail|p1a: Matilda\n|\n|-damage|p2a: Porygon2|44\/100 brn|[from] brn\n|upkeep\n|turn|14\n|\n|t:|1654473383\n|switch|p1a: Grapejuice|Buzzwole|100\/100\n|move|p2a: Porygon2|Recover|p2a: Porygon2\n|-heal|p2a: Porygon2|94\/100 brn\n|\n|-damage|p2a: Porygon2|88\/100 brn|[from] brn\n|upkeep\n|turn|15\n|\n|t:|1654473405\n|switch|p2a: Clefable|Clefable, M|80\/100\n|move|p1a: Grapejuice|Iron Head|p2a: Clefable\n|-supereffective|p2a: Clefable\n|-damage|p2a: Clefable|26\/100\n|\n|upkeep\n|turn|16\n|\n|t:|1654473421\n|switch|p2a: Urshifu|Urshifu-Rapid-Strike, F|100\/100\n|move|p1a: Grapejuice|Close Combat|p2a: Urshifu\n|-damage|p2a: Urshifu|31\/100\n|-unboost|p1a: Grapejuice|def|1\n|-unboost|p1a: Grapejuice|spd|1\n|\n|upkeep\n|turn|17\n|\n|t:|1654473509\n|switch|p1a: Cinema|Garchomp, F|100\/100\n|move|p2a: Urshifu|U-turn|p1a: Cinema\n|-damage|p1a: Cinema|67\/100\n|-damage|p2a: Urshifu|19\/100|[from] ability: Rough Skin|[of] p1a: Cinema\n|\n|t:|1654473524\n|switch|p2a: Latios|Latios, M|100\/100|[from]move: U-turn\n|\n|upkeep\n|turn|18\n|\n|t:|1654473538\n|switch|p1a: Late Night Talking|Metagross|100\/100\n|move|p2a: Latios|Draco Meteor|p1a: Late Night Talking|[miss]\n|-miss|p2a: Latios|p1a: Late Night Talking\n|\n|upkeep\n|turn|19\n|\n|t:|1654473553\n|switch|p2a: Spiritomb|Spiritomb, F|36\/100\n|move|p1a: Late Night Talking|Meteor Mash|p2a: Spiritomb\n|-damage|p2a: Spiritomb|0 fnt\n|faint|p2a: Spiritomb\n|\n|upkeep\n|\n|t:|1654473585\n|switch|p2a: Latios|Latios, M|100\/100\n|turn|20\n|\n|t:|1654473594\n|move|p2a: Latios|Shadow Ball|p1a: Late Night Talking\n|-supereffective|p1a: Late Night Talking\n|-damage|p1a: Late Night Talking|46\/100\n|move|p1a: Late Night Talking|Meteor Mash|p2a: Latios\n|-damage|p2a: Latios|30\/100\n|\n|upkeep\n|turn|21\n|\n|t:|1654473629\n|switch|p1a: Daylight|Zeraora|100\/100\n|move|p2a: Latios|Shadow Ball|p1a: Daylight\n|-damage|p1a: Daylight|45\/100\n|\n|upkeep\n|turn|22\n|\n|t:|1654473659\n|switch|p2a: Clefable|Clefable, M|26\/100\n|move|p1a: Daylight|Knock Off|p2a: Clefable\n|-resisted|p2a: Clefable\n|-damage|p2a: Clefable|13\/100\n|-enditem|p2a: Clefable|Life Orb|[from] move: Knock Off|[of] p1a: Daylight\n|\n|upkeep\n|turn|23\n|\n|t:|1654473669\n|move|p1a: Daylight|Plasma Fists|p2a: Clefable\n|-damage|p2a: Clefable|0 fnt\n|-fieldactivate|move: Ion Deluge\n|-hint|Normal-type moves become Electric-type after using Plasma Fists.\n|faint|p2a: Clefable\n|\n|upkeep\n|\n|t:|1654473673\n|switch|p2a: Aerodactyl|Aerodactyl, F|100\/100\n|-ability|p2a: Aerodactyl|Unnerve\n|turn|24\n|\n|t:|1654473695\n|detailschange|p2a: Aerodactyl|Aerodactyl-Mega, F\n|-mega|p2a: Aerodactyl|Aerodactyl|Aerodactylite\n|move|p2a: Aerodactyl|Earthquake|p1a: Daylight\n|-supereffective|p1a: Daylight\n|-enditem|p1a: Daylight|Shuca Berry|[eat]\n|-enditem|p1a: Daylight|Shuca Berry|[weaken]\n|-damage|p1a: Daylight|6\/100\n|move|p1a: Daylight|Plasma Fists|p2a: Aerodactyl\n|-supereffective|p2a: Aerodactyl\n|-damage|p2a: Aerodactyl|0 fnt\n|-fieldactivate|move: Ion Deluge\n|-hint|Normal-type moves become Electric-type after using Plasma Fists.\n|faint|p2a: Aerodactyl\n|\n|upkeep\n|\n|t:|1654473704\n|switch|p2a: Porygon2|Porygon2|88\/100 brn\n|-ability|p2a: Porygon2|Volt Absorb|[from] ability: Trace|[of] p1a: Daylight\n|turn|25\n|\n|t:|1654473726\n|switch|p1a: Grapejuice|Buzzwole|100\/100\n|move|p2a: Porygon2|Ice Beam|p1a: Grapejuice\n|-damage|p1a: Grapejuice|66\/100\n|\n|-heal|p1a: Grapejuice|72\/100|[from] item: Leftovers\n|-damage|p2a: Porygon2|82\/100 brn|[from] brn\n|upkeep\n|turn|26\n|\n|t:|1654473736\n|move|p1a: Grapejuice|Close Combat|p2a: Porygon2\n|-supereffective|p2a: Porygon2\n|-damage|p2a: Porygon2|0 fnt\n|-unboost|p1a: Grapejuice|def|1\n|-unboost|p1a: Grapejuice|spd|1\n|faint|p2a: Porygon2\n|-ability|p1a: Grapejuice|Beast Boost|boost\n|-boost|p1a: Grapejuice|atk|1\n|\n|-heal|p1a: Grapejuice|79\/100|[from] item: Leftovers\n|upkeep\n|\n|t:|1654473739\n|switch|p2a: Latios|Latios, M|30\/100\n|turn|27\n|\n|t:|1654473751\n|switch|p1a: Little Freak|Mew|88\/100 tox\n|move|p2a: Latios|Draco Meteor|p1a: Little Freak\n|-damage|p1a: Little Freak|5\/100 tox\n|-unboost|p2a: Latios|spa|2\n|\n|-heal|p1a: Little Freak|11\/100 tox|[from] item: Leftovers\n|-damage|p1a: Little Freak|5\/100 tox|[from] psn\n|upkeep\n|turn|28\n|\n|t:|1654473773\n|switch|p2a: Urshifu|Urshifu-Rapid-Strike, F|19\/100\n|move|p1a: Little Freak|Knock Off|p2a: Urshifu\n|-resisted|p2a: Urshifu\n|-damage|p2a: Urshifu|5\/100\n|-enditem|p2a: Urshifu|Choice Band|[from] move: Knock Off|[of] p1a: Little Freak\n|\n|-heal|p1a: Little Freak|11\/100 tox|[from] item: Leftovers\n|-damage|p1a: Little Freak|0 fnt|[from] psn\n|faint|p1a: Little Freak\n|upkeep\n|\n|t:|1654473793\n|switch|p1a: Daylight|Zeraora|6\/100\n|turn|29\n|\n|t:|1654473799\n|move|p1a: Daylight|Plasma Fists|p2a: Urshifu\n|-supereffective|p2a: Urshifu\n|-damage|p2a: Urshifu|0 fnt\n|-fieldactivate|move: Ion Deluge\n|-hint|Normal-type moves become Electric-type after using Plasma Fists.\n|faint|p2a: Urshifu\n|\n|upkeep\n|\n|t:|1654473801\n|switch|p2a: Latios|Latios, M|30\/100\n|turn|30\n|\n|t:|1654473804\n|move|p1a: Daylight|Knock Off|p2a: Latios\n|-supereffective|p2a: Latios\n|-damage|p2a: Latios|0 fnt\n|-enditem|p2a: Latios|Choice Specs|[from] move: Knock Off|[of] p1a: Daylight\n|faint|p2a: Latios\n|\n|win|Zone Olli\n|c|\u2606Zone Olli|gg\n|c|\u2606TehranTyphlosions|gg\n|l|\u2606TehranTyphlosions\n","uploadtime":1654473805,"views":25,"p1id":"zoneolli","p2id":"tehrantyphlosions","formatid":"gen8pladraft","rating":0,"private":0,"password":null}