{"id":"radicalred-gen8pladraft-149201","p1":"tod1122","p2":"TehranTyphlosions","format":"gen8pladraft","log":"|j|\u2606tod1122\n|j|\u2606TehranTyphlosions\n|t:|1653870099\n|gametype|singles\n|player|p1|tod1122|169|\n|player|p2|TehranTyphlosions|266|\n|teamsize|p1|6\n|teamsize|p2|6\n|gen|8\n|tier|[Gen 8] PLA Draft\n|rule|HP Percentage Mod: HP is shown in percentages\n|rule|Endless Battle Clause: Forcing endless battles is banned\n|rule|OHKO Clause: OHKO moves are banned\n|rule|Evasion Moves Clause: Evasion moves are banned\n|rule|Species Clause: Limit one of each Pok\u00e9mon\n|rule|Sleep Clause Mod: Limit one foe put to sleep\n|rule|Dynamax Clause: You cannot dynamax\n|rule|Z-Move Clause: Z-Moves are banned\n|clearpoke\n|poke|p1|Scizor, F|\n|poke|p1|Comfey, M|\n|poke|p1|Reuniclus, M|\n|poke|p1|Shaymin|\n|poke|p1|Terrakion|\n|poke|p1|Milotic, M|\n|poke|p2|Mamoswine, M|\n|poke|p2|Urshifu-*, F|\n|poke|p2|Typhlosion, F|\n|poke|p2|Clefable, F|\n|poke|p2|Aerodactyl, M|\n|poke|p2|Latios, M|\n|teampreview\n|c|\u2606TehranTyphlosions|gl gl\n|c|\u2606tod1122|u2\n|\n|t:|1653870146\n|start\n|switch|p1a: Ishii|Terrakion|100\/100\n|switch|p2a: Urshifu|Urshifu-Rapid-Strike, F|100\/100\n|turn|1\n|j| AleYou\n|l| AleYou\n|\n|t:|1653870173\n|switch|p1a: Maika|Milotic, M|100\/100\n|move|p2a: Urshifu|U-turn|p1a: Maika\n|-crit|p1a: Maika\n|-damage|p1a: Maika|68\/100\n|\n|t:|1653870240\n|switch|p2a: Latios|Latios, M|100\/100|[from]move: U-turn\n|\n|-status|p1a: Maika|brn|[from] item: Flame Orb\n|upkeep\n|turn|2\n|\n|t:|1653870262\n|switch|p1a: SLK|Reuniclus, M|100\/100\n|move|p2a: Latios|Psychic|p1a: SLK\n|-resisted|p1a: SLK\n|-damage|p1a: SLK|84\/100\n|-damage|p2a: Latios|91\/100|[from] item: Life Orb\n|\n|upkeep\n|turn|3\n|\n|t:|1653870299\n|switch|p2a: Clefable|Clefable, F|100\/100\n|move|p1a: SLK|Shadow Ball|p2a: Clefable\n|-damage|p2a: Clefable|81\/100\n|\n|-heal|p2a: Clefable|88\/100|[from] item: Leftovers\n|upkeep\n|turn|4\n|\n|t:|1653870310\n|move|p1a: SLK|Flash Cannon|p2a: Clefable\n|-supereffective|p2a: Clefable\n|-damage|p2a: Clefable|44\/100\n|move|p2a: Clefable|Teleport|p2a: Clefable\n|\n|t:|1653870400\n|switch|p2a: Urshifu|Urshifu-Rapid-Strike, F|100\/100|[from]move: Teleport\n|\n|upkeep\n|turn|5\n|\n|t:|1653870430\n|switch|p1a: Maika|Milotic, M|68\/100 brn\n|move|p2a: Urshifu|U-turn|p1a: Maika\n|-damage|p1a: Maika|55\/100 brn\n|\n|t:|1653870485\n|switch|p2a: Latios|Latios, M|91\/100|[from]move: U-turn\n|\n|-damage|p1a: Maika|49\/100 brn|[from] brn\n|upkeep\n|turn|6\n|\n|t:|1653870521\n|switch|p2a: Urshifu|Urshifu-Rapid-Strike, F|100\/100\n|switch|p1a: SLK|Reuniclus, M|100\/100\n|\n|upkeep\n|turn|7\n|\n|t:|1653870527\n|switch|p1a: Tam|Comfey, M|100\/100\n|move|p2a: Urshifu|U-turn|p1a: Tam\n|-resisted|p1a: Tam\n|-damage|p1a: Tam|88\/100\n|\n|t:|1653870557\n|switch|p2a: Typhlosion|Typhlosion, F|100\/100|[from]move: U-turn\n|\n|-heal|p1a: Tam|95\/100|[from] item: Leftovers\n|upkeep\n|turn|8\n|\n|t:|1653870568\n|switch|p1a: SLK|Reuniclus, M|100\/100\n|move|p2a: Typhlosion|Eruption|p1a: SLK\n|-damage|p1a: SLK|46\/100\n|\n|upkeep\n|turn|9\n|\n|t:|1653870615\n|switch|p1a: Komomo|Shaymin|100\/100\n|move|p2a: Typhlosion|Eruption|p1a: Komomo\n|-supereffective|p1a: Komomo\n|-damage|p1a: Komomo|0 fnt\n|faint|p1a: Komomo\n|\n|upkeep\n|\n|t:|1653870621\n|switch|p1a: Ishii|Terrakion|100\/100\n|turn|10\n|\n|t:|1653870628\n|switch|p2a: Urshifu|Urshifu-Rapid-Strike, F|100\/100\n|move|p1a: Ishii|Stone Edge|p2a: Urshifu\n|-resisted|p2a: Urshifu\n|-damage|p2a: Urshifu|75\/100\n|\n|upkeep\n|turn|11\n|\n|t:|1653870652\n|switch|p1a: Maika|Milotic, M|49\/100 brn\n|move|p2a: Urshifu|U-turn|p1a: Maika\n|-damage|p1a: Maika|35\/100 brn\n|\n|t:|1653870766\n|switch|p2a: Latios|Latios, M|91\/100|[from]move: U-turn\n|\n|-damage|p1a: Maika|29\/100 brn|[from] brn\n|upkeep\n|turn|12\n|\n|t:|1653870779\n|move|p2a: Latios|Psychic|p1a: Maika\n|-damage|p1a: Maika|0 fnt\n|faint|p1a: Maika\n|-damage|p2a: Latios|81\/100|[from] item: Life Orb\n|\n|upkeep\n|\n|t:|1653870796\n|switch|p1a: Tam|Comfey, M|95\/100\n|turn|13\n|\n|t:|1653870853\n|switch|p2a: Typhlosion|Typhlosion, F|100\/100\n|move|p1a: Tam|Calm Mind|p1a: Tam\n|-boost|p1a: Tam|spa|1\n|-boost|p1a: Tam|spd|1\n|\n|-heal|p1a: Tam|100\/100|[from] item: Leftovers\n|upkeep\n|turn|14\n|\n|t:|1653870878\n|move|p2a: Typhlosion|Eruption|p1a: Tam\n|-damage|p1a: Tam|31\/100\n|move|p1a: Tam|Calm Mind|p1a: Tam\n|-boost|p1a: Tam|spa|1\n|-boost|p1a: Tam|spd|1\n|\n|-heal|p1a: Tam|38\/100|[from] item: Leftovers\n|upkeep\n|turn|15\n|\n|t:|1653870942\n|move|p1a: Tam|Synthesis|p1a: Tam\n|-heal|p1a: Tam|87\/100\n|move|p2a: Typhlosion|Eruption|p1a: Tam\n|-damage|p1a: Tam|37\/100\n|\n|-heal|p1a: Tam|43\/100|[from] item: Leftovers\n|upkeep\n|turn|16\n|\n|t:|1653870966\n|move|p1a: Tam|Synthesis|p1a: Tam\n|-heal|p1a: Tam|93\/100\n|move|p2a: Typhlosion|Eruption|p1a: Tam\n|-damage|p1a: Tam|38\/100\n|\n|-heal|p1a: Tam|44\/100|[from] item: Leftovers\n|upkeep\n|turn|17\n|\n|t:|1653870995\n|switch|p2a: Aerodactyl|Aerodactyl, M|100\/100\n|-ability|p2a: Aerodactyl|Unnerve\n|move|p1a: Tam|Synthesis|p1a: Tam\n|-heal|p1a: Tam|94\/100\n|\n|-heal|p1a: Tam|100\/100|[from] item: Leftovers\n|upkeep\n|turn|18\n|\n|t:|1653871012\n|detailschange|p2a: Aerodactyl|Aerodactyl-Mega, M\n|-mega|p2a: Aerodactyl|Aerodactyl|Aerodactylite\n|move|p1a: Tam|Draining Kiss|p2a: Aerodactyl\n|-damage|p2a: Aerodactyl|65\/100\n|move|p2a: Aerodactyl|Dual Wingbeat|p1a: Tam\n|-damage|p1a: Tam|76\/100\n|-damage|p1a: Tam|47\/100\n|-hitcount|p1a: Tam|2\n|\n|-heal|p1a: Tam|53\/100|[from] item: Leftovers\n|upkeep\n|turn|19\n|\n|t:|1653871043\n|move|p1a: Tam|Draining Kiss|p2a: Aerodactyl\n|-damage|p2a: Aerodactyl|27\/100\n|-heal|p1a: Tam|81\/100|[from] drain|[of] p2a: Aerodactyl\n|move|p2a: Aerodactyl|Dual Wingbeat|p1a: Tam|[miss]\n|-miss|p2a: Aerodactyl|p1a: Tam\n|\n|-heal|p1a: Tam|88\/100|[from] item: Leftovers\n|upkeep\n|turn|20\n|c|\u2606tod1122|oh fuck im sorry\n|\n|t:|1653871055\n|move|p1a: Tam|Draining Kiss|p2a: Aerodactyl\n|-damage|p2a: Aerodactyl|0 fnt\n|-heal|p1a: Tam|100\/100|[from] drain|[of] p2a: Aerodactyl\n|faint|p2a: Aerodactyl\n|\n|upkeep\n|c|\u2606TehranTyphlosions|nah its fine\n|\n|t:|1653871058\n|switch|p2a: Typhlosion|Typhlosion, F|100\/100\n|turn|21\n|c|\u2606TehranTyphlosions|its part of the game \n|\n|t:|1653871069\n|move|p2a: Typhlosion|Toxic|p1a: Tam\n|-status|p1a: Tam|tox\n|move|p1a: Tam|Stored Power|p2a: Typhlosion\n|-damage|p2a: Typhlosion|46\/100\n|\n|-damage|p1a: Tam|94\/100 tox|[from] psn\n|upkeep\n|turn|22\n|\n|t:|1653871076\n|switch|p2a: Clefable|Clefable, F|44\/100\n|move|p1a: Tam|Stored Power|p2a: Clefable\n|-crit|p2a: Clefable\n|-damage|p2a: Clefable|22\/100\n|\n|-heal|p1a: Tam|100\/100 tox|[from] item: Leftovers\n|-heal|p2a: Clefable|28\/100|[from] item: Leftovers\n|-damage|p1a: Tam|88\/100 tox|[from] psn\n|upkeep\n|turn|23\n|\n|t:|1653871080\n|move|p1a: Tam|Draining Kiss|p2a: Clefable\n|-damage|p2a: Clefable|16\/100\n|-heal|p1a: Tam|99\/100 tox|[from] drain|[of] p2a: Clefable\n|move|p2a: Clefable|Wish|p2a: Clefable\n|\n|-heal|p1a: Tam|100\/100 tox|[from] item: Leftovers\n|-heal|p2a: Clefable|22\/100|[from] item: Leftovers\n|-damage|p1a: Tam|82\/100 tox|[from] psn\n|upkeep\n|turn|24\n|\n|t:|1653871088\n|move|p1a: Tam|Stored Power|p2a: Clefable\n|-damage|p2a: Clefable|7\/100\n|move|p2a: Clefable|Flamethrower|p1a: Tam\n|-damage|p1a: Tam|61\/100 tox\n|\n|-heal|p2a: Clefable|57\/100|[from] move: Wish|[wisher] Clefable\n|-heal|p1a: Tam|67\/100 tox|[from] item: Leftovers\n|-heal|p2a: Clefable|63\/100|[from] item: Leftovers\n|-damage|p1a: Tam|42\/100 tox|[from] psn\n|upkeep\n|turn|25\n|\n|t:|1653871107\n|switch|p1a: SLK|Reuniclus, M|79\/100\n|move|p2a: Clefable|Wish|p2a: Clefable\n|\n|-heal|p2a: Clefable|69\/100|[from] item: Leftovers\n|upkeep\n|turn|26\n|\n|t:|1653871114\n|move|p1a: SLK|Psyshock|p2a: Clefable\n|-damage|p2a: Clefable|34\/100\n|move|p2a: Clefable|Teleport|p2a: Clefable\n|\n|t:|1653871116\n|switch|p2a: Mamoswine|Mamoswine, M|100\/100|[from]move: Teleport\n|\n|upkeep\n|turn|27\n|\n|t:|1653871130\n|switch|p1a: Tam|Comfey, M|42\/100 tox\n|move|p2a: Mamoswine|Earthquake|p1a: Tam\n|-damage|p1a: Tam|0 fnt\n|faint|p1a: Tam\n|\n|upkeep\n|\n|t:|1653871161\n|switch|p1a: Ishii|Terrakion|100\/100\n|turn|28\n|\n|t:|1653871193\n|switch|p2a: Latios|Latios, M|81\/100\n|move|p1a: Ishii|Close Combat|p2a: Latios\n|-resisted|p2a: Latios\n|-damage|p2a: Latios|41\/100\n|-unboost|p1a: Ishii|def|1\n|-unboost|p1a: Ishii|spd|1\n|\n|upkeep\n|turn|29\n|\n|t:|1653871237\n|switch|p1a: SLK|Reuniclus, M|100\/100\n|switch|p2a: Typhlosion|Typhlosion, F|46\/100\n|\n|upkeep\n|turn|30\n|\n|t:|1653871243\n|move|p2a: Typhlosion|Toxic|p1a: SLK\n|-status|p1a: SLK|tox\n|move|p1a: SLK|Psyshock|p2a: Typhlosion\n|-damage|p2a: Typhlosion|0 fnt\n|faint|p2a: Typhlosion\n|\n|-damage|p1a: SLK|94\/100 tox|[from] psn\n|upkeep\n|\n|t:|1653871272\n|switch|p2a: Urshifu|Urshifu-Rapid-Strike, F|75\/100\n|turn|31\n|\n|t:|1653871277\n|move|p2a: Urshifu|U-turn|p1a: SLK\n|-supereffective|p1a: SLK\n|-damage|p1a: SLK|52\/100 tox\n|\n|t:|1653871278\n|switch|p2a: Latios|Latios, M|41\/100|[from]move: U-turn\n|move|p1a: SLK|Psyshock|p2a: Latios\n|-resisted|p2a: Latios\n|-damage|p2a: Latios|17\/100\n|\n|-damage|p1a: SLK|40\/100 tox|[from] psn\n|upkeep\n|turn|32\n|\n|t:|1653871287\n|switch|p1a: Tanahashi|Scizor, F|100\/100\n|move|p2a: Latios|Recover|p2a: Latios\n|-heal|p2a: Latios|67\/100\n|\n|upkeep\n|turn|33\n|\n|t:|1653871300\n|switch|p1a: SLK|Reuniclus, M|73\/100 tox\n|move|p2a: Latios|Mystical Fire|p1a: SLK\n|-damage|p1a: SLK|53\/100 tox\n|-unboost|p1a: SLK|spa|1\n|-damage|p2a: Latios|57\/100|[from] item: Life Orb\n|\n|-damage|p1a: SLK|47\/100 tox|[from] psn\n|upkeep\n|turn|34\n|\n|t:|1653871306\n|move|p2a: Latios|Recover|p2a: Latios\n|-heal|p2a: Latios|100\/100\n|move|p1a: SLK|Shadow Ball|p2a: Latios\n|-supereffective|p2a: Latios\n|-damage|p2a: Latios|63\/100\n|-unboost|p2a: Latios|spd|1\n|\n|-damage|p1a: SLK|35\/100 tox|[from] psn\n|upkeep\n|turn|35\n|\n|t:|1653871319\n|switch|p2a: Urshifu|Urshifu-Rapid-Strike, F|75\/100\n|move|p1a: SLK|Shadow Ball|p2a: Urshifu\n|-damage|p2a: Urshifu|52\/100\n|\n|-damage|p1a: SLK|16\/100 tox|[from] psn\n|upkeep\n|turn|36\n|\n|t:|1653871324\n|switch|p1a: Tanahashi|Scizor, F|100\/100\n|move|p2a: Urshifu|Surging Strikes|p1a: Tanahashi\n|-crit|p1a: Tanahashi\n|-damage|p1a: Tanahashi|78\/100\n|-crit|p1a: Tanahashi\n|-damage|p1a: Tanahashi|55\/100\n|-crit|p1a: Tanahashi\n|-damage|p1a: Tanahashi|30\/100\n|-hitcount|p1a: Tanahashi|3\n|\n|upkeep\n|turn|37\n|\n|t:|1653871338\n|detailschange|p1a: Tanahashi|Scizor-Mega, F\n|-mega|p1a: Tanahashi|Scizor|Scizorite\n|move|p1a: Tanahashi|Bullet Punch|p2a: Urshifu\n|-resisted|p2a: Urshifu\n|-damage|p2a: Urshifu|33\/100\n|move|p2a: Urshifu|Surging Strikes|p1a: Tanahashi\n|-crit|p1a: Tanahashi\n|-damage|p1a: Tanahashi|13\/100\n|-crit|p1a: Tanahashi\n|-damage|p1a: Tanahashi|0 fnt\n|faint|p1a: Tanahashi\n|-hitcount|p1: Tanahashi|2\n|\n|upkeep\n|\n|t:|1653871345\n|switch|p1a: Ishii|Terrakion|100\/100\n|turn|38\n|\n|t:|1653871380\n|move|p1a: Ishii|Close Combat|p2a: Urshifu\n|-damage|p2a: Urshifu|0 fnt\n|-unboost|p1a: Ishii|def|1\n|-unboost|p1a: Ishii|spd|1\n|faint|p2a: Urshifu\n|\n|upkeep\n|\n|t:|1653871383\n|switch|p2a: Latios|Latios, M|63\/100\n|turn|39\n|\n|t:|1653871397\n|switch|p1a: SLK|Reuniclus, M|49\/100 tox\n|switch|p2a: Mamoswine|Mamoswine, M|100\/100\n|\n|-damage|p1a: SLK|43\/100 tox|[from] psn\n|upkeep\n|turn|40\n|\n|t:|1653871410\n|move|p2a: Mamoswine|Earthquake|p1a: SLK\n|-damage|p1a: SLK|0 fnt\n|faint|p1a: SLK\n|\n|upkeep\n|\n|t:|1653871413\n|switch|p1a: Ishii|Terrakion|100\/100\n|turn|41\n|\n|t:|1653871435\n|move|p1a: Ishii|Close Combat|p2a: Mamoswine\n|-supereffective|p2a: Mamoswine\n|-damage|p2a: Mamoswine|0 fnt\n|-unboost|p1a: Ishii|def|1\n|-unboost|p1a: Ishii|spd|1\n|faint|p2a: Mamoswine\n|\n|upkeep\n|\n|t:|1653871442\n|switch|p2a: Latios|Latios, M|63\/100\n|turn|42\n|c|\u2606tod1122|right we need back to back high roll crits to win\n|c|\u2606tod1122|so i want to lose\n|\n|t:|1653871453\n|move|p1a: Ishii|Close Combat|p2a: Latios\n|-resisted|p2a: Latios\n|-damage|p2a: Latios|24\/100\n|-unboost|p1a: Ishii|def|1\n|-unboost|p1a: Ishii|spd|1\n|move|p2a: Latios|Psychic|p1a: Ishii\n|-supereffective|p1a: Ishii\n|-damage|p1a: Ishii|0 fnt\n|faint|p1a: Ishii\n|-damage|p2a: Latios|14\/100|[from] item: Life Orb\n|\n|win|TehranTyphlosions\n|c|\u2606tod1122|good\n|c|\u2606TehranTyphlosions|ggs\n|c|\u2606tod1122|gg\n|c|\u2606TehranTyphlosions|lol\n|c|\u2606TehranTyphlosions|i got the replay\n|l|\u2606TehranTyphlosions\n|c|\u2606tod1122|cheers man\n|l|\u2606tod1122\n|j|\u2606TehranTyphlosions\n|player|p2|TehranTyphlosions|266\n","uploadtime":1653871493,"views":41,"p1id":"tod1122","p2id":"tehrantyphlosions","formatid":"gen8pladraft","rating":0,"private":0,"password":null}