{"id":"radicalred-gen8randombattle-309188","p1":"THE_GH0ST_SHADOW","p2":"Alpha1231","format":"gen8randombattle","log":"|j|\u2606THE_GH0ST_SHADOW\n|j|\u2606Alpha1231\n|t:|1668036221\n|gametype|singles\n|player|p1|THE_GH0ST_SHADOW|rr-necrozma|1101\n|player|p2|Alpha1231|rr-zoruahisui|1053\n|teamsize|p1|6\n|teamsize|p2|6\n|gen|8\n|tier|[Gen 8] Random Battle\n|rated|\n|rule|Species Clause: Limit one of each Pok\u00e9mon\n|rule|HP Percentage Mod: HP is shown in percentages\n|rule|Sleep Clause Mod: Limit one foe put to sleep\n|rule|Dynamax Clause: You cannot dynamax\n|\n|t:|1668036221\n|start\n|switch|p1a: Seviper|Seviper, L88, F|289\/289\n|switch|p2a: Mr. Rime|Mr. Rime, L88, M|284\/284\n|turn|1\n|c|\u2606THE_GH0ST_SHADOW|Alpha Sigma gang let\u2019s gooooo\n|c|\u2606Alpha1231|glhf lol\n|inactive|Battle timer is ON: inactive players will automatically lose when time's up. (requested by Alpha1231)\n|\n|t:|1668036259\n|switch|p1a: Corsola|Corsola-Galar, L84, M|238\/238\n|move|p2a: Mr. Rime|Psychic|p1a: Corsola\n|-damage|p1a: Corsola|165\/238\n|\n|upkeep\n|turn|2\n|\n|t:|1668036269\n|switch|p2a: Alomomola|Alomomola, L82, M|405\/405\n|move|p1a: Corsola|Night Shade|p2a: Alomomola\n|-damage|p2a: Alomomola|321\/405\n|\n|-heal|p2a: Alomomola|346\/405|[from] item: Leftovers\n|upkeep\n|turn|3\n|\n|t:|1668036293\n|move|p2a: Alomomola|Knock Off|p1a: Corsola\n|-supereffective|p1a: Corsola\n|-crit|p1a: Corsola\n|-damage|p1a: Corsola|69\/238\n|-enditem|p1a: Corsola|Eviolite|[from] move: Knock Off|[of] p2a: Alomomola\n|move|p1a: Corsola|Strength Sap|p2a: Alomomola\n|-unboost|p2a: Alomomola|atk|1\n|-heal|p1a: Corsola|238\/238\n|\n|-heal|p2a: Alomomola|371\/405|[from] item: Leftovers\n|upkeep\n|turn|4\n|c|\u2606THE_GH0ST_SHADOW|LoL\n|\n|t:|1668036309\n|move|p2a: Alomomola|Scald|p1a: Corsola\n|-damage|p1a: Corsola|199\/238\n|move|p1a: Corsola|Night Shade|p2a: Alomomola\n|-damage|p2a: Alomomola|287\/405\n|\n|-heal|p2a: Alomomola|312\/405|[from] item: Leftovers\n|upkeep\n|turn|5\n|\n|t:|1668036319\n|move|p2a: Alomomola|Toxic|p1a: Corsola\n|-status|p1a: Corsola|tox\n|move|p1a: Corsola|Strength Sap|p2a: Alomomola\n|-unboost|p2a: Alomomola|atk|1\n|-heal|p1a: Corsola|238\/238 tox\n|\n|-heal|p2a: Alomomola|337\/405|[from] item: Leftovers\n|-damage|p1a: Corsola|224\/238 tox|[from] psn\n|upkeep\n|turn|6\n|\n|t:|1668036344\n|move|p2a: Alomomola|Flip Turn|p1a: Corsola\n|-damage|p1a: Corsola|200\/238 tox\n|-start|p2a: Alomomola|Disable|Flip Turn|[from] ability: Cursed Body|[of] p1a: Corsola\n|\n|t:|1668036357\n|switch|p2a: Porygon2|Porygon2, L82|274\/274\n|-ability|p2a: Porygon2|Cursed Body|[from] ability: Trace|[of] p1a: Corsola\n|move|p1a: Corsola|Will-O-Wisp|p2a: Porygon2\n|-status|p2a: Porygon2|brn\n|\n|-damage|p1a: Corsola|172\/238 tox|[from] psn\n|-damage|p2a: Porygon2|257\/274 brn|[from] brn\n|upkeep\n|turn|7\n|inactive|THE_GH0ST_SHADOW has 120 seconds left.\n|\n|t:|1668036390\n|switch|p1a: Ferrothorn|Ferrothorn, L80, F|250\/250\n|move|p2a: Porygon2|Discharge|p1a: Ferrothorn\n|-resisted|p1a: Ferrothorn\n|-damage|p1a: Ferrothorn|228\/250\n|\n|-heal|p1a: Ferrothorn|243\/250|[from] item: Leftovers\n|-damage|p2a: Porygon2|240\/274 brn|[from] brn\n|upkeep\n|turn|8\n|\n|t:|1668036404\n|move|p1a: Ferrothorn|Leech Seed|p2a: Porygon2|[miss]\n|-miss|p1a: Ferrothorn|p2a: Porygon2\n|move|p2a: Porygon2|Teleport|p2a: Porygon2\n|\n|t:|1668036418\n|switch|p2a: Mr. Rime|Mr. Rime, L88, M|284\/284\n|\n|-heal|p1a: Ferrothorn|250\/250|[from] item: Leftovers\n|upkeep\n|turn|9\n|c|\u2606THE_GH0ST_SHADOW|Why not attack?\n|inactive|THE_GH0ST_SHADOW has 120 seconds left.\n|c|\u2606THE_GH0ST_SHADOW|Pory has a good spatk stat\n|inactive|Alpha1231 has 120 seconds left.\n|inactive|THE_GH0ST_SHADOW has 90 seconds left.\n|c|\u2606Alpha1231|yes but i dont have good moves\n|c|\u2606THE_GH0ST_SHADOW|Makes sense\n|\n|t:|1668036468\n|move|p2a: Mr. Rime|Freezy Frost|p1a: Ferrothorn\n|-damage|p1a: Ferrothorn|144\/250\n|-clearallboost\n|move|p1a: Ferrothorn|Gyro Ball|p2a: Mr. Rime\n|-supereffective|p2a: Mr. Rime\n|-damage|p2a: Mr. Rime|0 fnt\n|faint|p2a: Mr. Rime\n|\n|-heal|p1a: Ferrothorn|159\/250|[from] item: Leftovers\n|upkeep\n|inactive|Alpha1231 has 90 seconds left.\n|\n|t:|1668036479\n|switch|p2a: Shuckle|Shuckle, L90, M|182\/182\n|turn|10\n|inactive|THE_GH0ST_SHADOW has 90 seconds left.\n|\n|t:|1668036495\n|move|p2a: Shuckle|Knock Off|p1a: Ferrothorn\n|-damage|p1a: Ferrothorn|139\/250\n|-damage|p2a: Shuckle|160\/182|[from] ability: Iron Barbs|[of] p1a: Ferrothorn\n|-enditem|p1a: Ferrothorn|Leftovers|[from] move: Knock Off|[of] p2a: Shuckle\n|move|p1a: Ferrothorn|Gyro Ball|p2a: Shuckle\n|-supereffective|p2a: Shuckle\n|-damage|p2a: Shuckle|132\/182\n|\n|upkeep\n|turn|11\n|\n|t:|1668036503\n|move|p2a: Shuckle|Stealth Rock|p1a: Ferrothorn\n|-sidestart|p1: THE_GH0ST_SHADOW|move: Stealth Rock\n|move|p1a: Ferrothorn|Leech Seed|p2a: Shuckle\n|-start|p2a: Shuckle|move: Leech Seed\n|\n|-damage|p2a: Shuckle|110\/182|[from] Leech Seed|[of] p1a: Ferrothorn\n|-heal|p1a: Ferrothorn|161\/250|[silent]\n|upkeep\n|turn|12\n|\n|t:|1668036509\n|move|p1a: Ferrothorn|Protect|p1a: Ferrothorn\n|-singleturn|p1a: Ferrothorn|Protect\n|move|p2a: Shuckle|Sticky Web|p1a: Ferrothorn\n|-sidestart|p1: THE_GH0ST_SHADOW|move: Sticky Web\n|\n|-damage|p2a: Shuckle|88\/182|[from] Leech Seed|[of] p1a: Ferrothorn\n|-heal|p1a: Ferrothorn|183\/250|[silent]\n|upkeep\n|turn|13\n|\n|t:|1668036515\n|move|p1a: Ferrothorn|Protect||[still]\n|-fail|p1a: Ferrothorn\n|move|p2a: Shuckle|Encore|p1a: Ferrothorn\n|-start|p1a: Ferrothorn|Encore\n|\n|-damage|p2a: Shuckle|66\/182|[from] Leech Seed|[of] p1a: Ferrothorn\n|-heal|p1a: Ferrothorn|205\/250|[silent]\n|upkeep\n|turn|14\n|inactive|Alpha1231 has 120 seconds left.\n|\n|t:|1668036522\n|switch|p2a: Pinsir|Pinsir, L81, M|237\/237\n|move|p1a: Ferrothorn|Protect||[still]\n|-fail|p1a: Ferrothorn\n|\n|upkeep\n|turn|15\n|\n|t:|1668036527\n|detailschange|p2a: Pinsir|Pinsir-Mega, L81, M\n|-mega|p2a: Pinsir|Pinsir|Pinsirite\n|move|p1a: Ferrothorn|Protect|p1a: Ferrothorn\n|-singleturn|p1a: Ferrothorn|Protect\n|move|p2a: Pinsir|Swords Dance|p2a: Pinsir\n|-boost|p2a: Pinsir|atk|2\n|\n|upkeep\n|turn|16\n|inactive|THE_GH0ST_SHADOW has 120 seconds left.\n|c|\u2606Alpha1231|!dt encore\n|raw|<ul class=\"utilichart\"><li class=\"result\"><span class=\"col movenamecol\"><a href=\"https:\/\/dex.radicalred.net\/moves\/encore\">Encore<\/a><\/span> <span class=\"col typecol\"><img src=\"\/\/play.radicalred.net\/sprites\/types\/Normal.png\" alt=\"Normal\" width=\"32\" height=\"14\"><img src=\"\/\/play.radicalred.net\/sprites\/categories\/Status.png\" alt=\"Status\" width=\"32\" height=\"14\"><\/span> <span class=\"col widelabelcol\"><em>Accuracy<\/em><br>100%<\/span> <span class=\"col pplabelcol\"><em>PP<\/em><br>8<\/span> <span class=\"col movedesccol\">Target repeats its last move for its next 3 turns.<\/span> <\/li><li style=\"clear:both\"><\/li><\/ul>\n|raw|<font size=\"1\"><font color=\"#686868\">Priority:<\/font> 0&nbsp;|&ThickSpace;<font color=\"#686868\">Gen:<\/font> 2&nbsp;|&ThickSpace;&#10003; Bypasses Substitutes&nbsp;|&ThickSpace;&#10003; Bounceable&nbsp;|&ThickSpace;<font color=\"#686868\">Z-Effect:<\/font>  Speed +1&nbsp;|&ThickSpace;<font color=\"#686868\">Target:<\/font> One Adjacent Pok\u00e9mon<\/font>\n\n|\n|t:|1668036547\n|move|p1a: Ferrothorn|Protect|p1a: Ferrothorn\n|-singleturn|p1a: Ferrothorn|Protect\n|move|p2a: Pinsir|Swords Dance|p2a: Pinsir\n|-boost|p2a: Pinsir|atk|2\n|\n|-end|p1a: Ferrothorn|Encore\n|upkeep\n|turn|17\n|inactive|THE_GH0ST_SHADOW has 120 seconds left.\n|\n|t:|1668036562\n|move|p2a: Pinsir|Close Combat|p1a: Ferrothorn\n|-supereffective|p1a: Ferrothorn\n|-damage|p1a: Ferrothorn|0 fnt\n|-unboost|p2a: Pinsir|def|1\n|-unboost|p2a: Pinsir|spd|1\n|-damage|p2a: Pinsir|208\/237|[from] ability: Iron Barbs|[of] p1a: Ferrothorn\n|faint|p1a: Ferrothorn\n|\n|upkeep\n|c|\u2606THE_GH0ST_SHADOW|I think I know what encore is\n|inactive|THE_GH0ST_SHADOW has 90 seconds left.\n|c|\u2606Alpha1231|i was checking turns lol\n|c|\u2606THE_GH0ST_SHADOW|Oh\n|\n|t:|1668036609\n|switch|p1a: Dialga|Dialga, L68|249\/249\n|-activate|p1a: Dialga|move: Sticky Web\n|-unboost|p1a: Dialga|spe|1\n|-damage|p1a: Dialga|234\/249|[from] Stealth Rock\n|detailschange|p1a: Dialga|Dialga-Primal, L68\n|-primal|p1a: Dialga\n|turn|18\n|\n|t:|1668036621\n|move|p2a: Pinsir|Close Combat|p1a: Dialga\n|-supereffective|p1a: Dialga\n|-damage|p1a: Dialga|0 fnt\n|-unboost|p2a: Pinsir|def|1\n|-unboost|p2a: Pinsir|spd|1\n|faint|p1a: Dialga\n|\n|upkeep\n|\n|t:|1668036627\n|switch|p1a: Altaria|Altaria, L82, F|274\/274\n|-damage|p1a: Altaria|206\/274|[from] Stealth Rock\n|turn|19\n|\n|t:|1668036640\n|detailschange|p1a: Altaria|Altaria-Mega, L82, F\n|-mega|p1a: Altaria|Altaria|Altarianite\n|move|p2a: Pinsir|Return|p1a: Altaria\n|-damage|p1a: Altaria|0 fnt\n|faint|p1a: Altaria\n|\n|upkeep\n|inactive|THE_GH0ST_SHADOW has 60 seconds left.\n|\n|t:|1668036665\n|switch|p1a: Corsola|Corsola-Galar, L84, M|172\/238 tox\n|-activate|p1a: Corsola|move: Sticky Web\n|-unboost|p1a: Corsola|spe|1\n|-damage|p1a: Corsola|143\/238 tox|[from] Stealth Rock\n|turn|20\n|inactive|THE_GH0ST_SHADOW has 60 seconds left.\n|\n|t:|1668036673\n|move|p2a: Pinsir|Return|p1a: Corsola\n|-damage|p1a: Corsola|0 fnt\n|faint|p1a: Corsola\n|\n|upkeep\n|inactive|THE_GH0ST_SHADOW has 60 seconds left.\n|c|\u2606THE_GH0ST_SHADOW|Wait a sec\n|c|\u2606THE_GH0ST_SHADOW|oh wait aerialite\n|\n|t:|1668036695\n|switch|p1a: Serperior|Serperior, L81, M|254\/254\n|-activate|p1a: Serperior|move: Sticky Web\n|-boost|p1a: Serperior|spe|1\n|-damage|p1a: Serperior|223\/254|[from] Stealth Rock\n|turn|21\n|\n|t:|1668036704\n|move|p1a: Serperior|Hidden Power|p2a: Pinsir\n|-supereffective|p2a: Pinsir\n|-damage|p2a: Pinsir|47\/237\n|-damage|p1a: Serperior|198\/254|[from] item: Life Orb\n|move|p2a: Pinsir|Return|p1a: Serperior\n|-supereffective|p1a: Serperior\n|-damage|p1a: Serperior|0 fnt\n|faint|p1a: Serperior\n|\n|upkeep\n|\n|t:|1668036713\n|switch|p1a: Seviper|Seviper, L88, F|289\/289\n|-damage|p1a: Seviper|253\/289|[from] Stealth Rock\n|-activate|p1a: Seviper|move: Sticky Web\n|-unboost|p1a: Seviper|spe|1\n|turn|22\n|\n|t:|1668036723\n|move|p2a: Pinsir|Return|p1a: Seviper\n|-damage|p1a: Seviper|0 fnt\n|faint|p1a: Seviper\n|\n|win|Alpha1231\n|raw|THE_GH0ST_SHADOW's rating: 1101 &rarr; <strong>1084<\/strong><br \/>(-17 for losing)\n|raw|Alpha1231's rating: 1053 &rarr; <strong>1098<\/strong><br \/>(+45 for winning)\n|c|\u2606Alpha1231|gg\n|c|\u2606THE_GH0ST_SHADOW|Pinsir gems op\n","inputlog":">version 3ef6a0ebc57dcdb45ad11c73ddb8be8eab4ec695\n>start {\"formatid\":\"gen8randombattle\",\"seed\":[27658,23708,30156,27189],\"rated\":\"Rated battle\"}\n>player p1 {\"name\":\"THE_GH0ST_SHADOW\",\"avatar\":\"rr-necrozma\",\"rating\":1101,\"seed\":[26367,15960,26106,3059]}\n>player p2 {\"name\":\"Alpha1231\",\"avatar\":\"rr-zoruahisui\",\"rating\":1053,\"seed\":[27679,25512,15718,10322]}\n>chat \u2606THE_GH0ST_SHADOW|Alpha Sigma gang let\u2019s gooooo\n>chat \u2606Alpha1231|glhf lol\n>p1 switch 3\n>p2 move psychic\n>p1 move nightshade\n>p2 switch 5\n>p1 move strengthsap\n>p2 move knockoff\n>chat \u2606THE_GH0ST_SHADOW|LoL\n>p1 move nightshade\n>p2 move scald\n>p1 move strengthsap\n>p2 move toxic\n>p1 move willowisp\n>p2 move flipturn\n>p2 switch 4\n>p1 switch 5\n>p2 move discharge\n>p1 move leechseed\n>p2 move teleport\n>p2 switch 5\n>chat \u2606THE_GH0ST_SHADOW|Why not attack?\n>chat \u2606THE_GH0ST_SHADOW|Pory has a good spatk stat\n>chat \u2606Alpha1231|yes but i dont have good moves\n>chat \u2606THE_GH0ST_SHADOW|Makes sense\n>p1 move gyroball\n>p2 move freezyfrost\n>p2 switch 3\n>p1 move gyroball\n>p2 move knockoff\n>p1 move leechseed\n>p2 move stealthrock\n>p1 move protect\n>p2 move stickyweb\n>p1 move protect\n>p2 move encore\n>p1 move protect\n>p2 switch 6\n>p1 move protect\n>p2 move swordsdance mega\n>chat \u2606Alpha1231|!dt encore\n>p1 move protect\n>p2 move swordsdance\n>p1 move leechseed\n>p2 move closecombat\n>chat \u2606THE_GH0ST_SHADOW|I think I know what encore is\n>chat \u2606Alpha1231|i was checking turns lol\n>chat \u2606THE_GH0ST_SHADOW|Oh\n>p1 switch 4\n>p1 move thunderbolt\n>p2 move closecombat\n>p1 switch 6\n>p1 move fireblast mega\n>p2 move return\n>p1 switch 5\n>p1 move nightshade\n>p2 move return\n>chat \u2606THE_GH0ST_SHADOW|Wait a sec\n>chat \u2606THE_GH0ST_SHADOW|oh wait aerialite\n>p1 switch 2\n>p1 move hiddenpower\n>p2 move return\n>p1 switch 3\n>p1 move aquatail\n>p2 move return","uploadtime":1668036736,"views":4,"p1id":"thegh0stshadow","p2id":"alpha1231","formatid":"gen8randombattle","rating":0,"private":0,"password":null}