{"id":"radicalred-gen8pladraft-309192","p1":"freakydood","p2":"AriJimo","format":"gen8pladraft","log":"|j|\u2606freakydood\n|j|\u2606AriJimo\n|t:|1668036452\n|gametype|singles\n|player|p1|freakydood|169|\n|player|p2|AriJimo|1|\n|teamsize|p1|6\n|teamsize|p2|6\n|gen|8\n|tier|[Gen 8] PLA Draft\n|rule|HP Percentage Mod: HP is shown in percentages\n|rule|Endless Battle Clause: Forcing endless battles is banned\n|rule|OHKO Clause: OHKO moves are banned\n|rule|Evasion Moves Clause: Evasion moves are banned\n|rule|Species Clause: Limit one of each Pok\u00e9mon\n|rule|Sleep Clause Mod: Limit one foe put to sleep\n|rule|Dynamax Clause: You cannot dynamax\n|rule|Z-Move Clause: Z-Moves are banned\n|clearpoke\n|poke|p1|Cinderace, M|\n|poke|p1|Magnezone|\n|poke|p1|Salamence, M|\n|poke|p1|Ferrothorn, F|\n|poke|p1|Garchomp, M|\n|poke|p1|Slowking, M|\n|poke|p2|Lilligant-Hisui, F|\n|poke|p2|Rotom-Wash|\n|poke|p2|Skarmory, M|\n|poke|p2|Cinderace, M|\n|poke|p2|Slowbro-Galar, F|\n|poke|p2|Lycanroc-Dusk, M|\n|teampreview\n|\n|t:|1668036482\n|start\n|switch|p1a: Garchomp|Garchomp, M|100\/100\n|switch|p2a: Cinderace|Cinderace, M|100\/100\n|turn|1\n|\n|t:|1668036494\n|detailschange|p1a: Garchomp|Garchomp-Mega, M\n|-mega|p1a: Garchomp|Garchomp|Garchompite\n|move|p2a: Cinderace|U-turn|p1a: Garchomp\n|-damage|p1a: Garchomp|83\/100\n|\n|t:|1668036499\n|switch|p2a: Skarmory|Skarmory, M|100\/100|[from]move: U-turn\n|move|p1a: Garchomp|Swords Dance|p1a: Garchomp\n|-boost|p1a: Garchomp|atk|2\n|\n|upkeep\n|turn|2\n|\n|t:|1668036508\n|move|p1a: Garchomp|Scale Shot|p2a: Skarmory\n|-resisted|p2a: Skarmory\n|-damage|p2a: Skarmory|91\/100\n|-resisted|p2a: Skarmory\n|-damage|p2a: Skarmory|82\/100\n|-hitcount|p2a: Skarmory|2\n|-unboost|p1a: Garchomp|def|1\n|-boost|p1a: Garchomp|spe|1\n|move|p2a: Skarmory|Stealth Rock|p1a: Garchomp\n|-sidestart|p1: freakydood|move: Stealth Rock\n|\n|-heal|p2a: Skarmory|88\/100|[from] item: Leftovers\n|upkeep\n|turn|3\n|\n|t:|1668036515\n|move|p1a: Garchomp|Fire Fang|p2a: Skarmory\n|-supereffective|p2a: Skarmory\n|-damage|p2a: Skarmory|27\/100\n|move|p2a: Skarmory|Brave Bird|p1a: Garchomp\n|-damage|p1a: Garchomp|39\/100\n|-damage|p2a: Skarmory|11\/100|[from] Recoil\n|\n|-heal|p2a: Skarmory|17\/100|[from] item: Leftovers\n|upkeep\n|turn|4\n|\n|t:|1668036527\n|move|p1a: Garchomp|Fire Fang|p2a: Skarmory\n|-supereffective|p2a: Skarmory\n|-damage|p2a: Skarmory|0 fnt\n|faint|p2a: Skarmory\n|\n|upkeep\n|\n|t:|1668036530\n|switch|p2a: Lycanroc|Lycanroc-Dusk, M|100\/100\n|turn|5\n|\n|t:|1668036534\n|move|p2a: Lycanroc|Accelerock|p1a: Garchomp\n|-resisted|p1a: Garchomp\n|-damage|p1a: Garchomp|16\/100\n|move|p1a: Garchomp|Earthquake|p2a: Lycanroc\n|-supereffective|p2a: Lycanroc\n|-damage|p2a: Lycanroc|0 fnt\n|faint|p2a: Lycanroc\n|\n|upkeep\n|\n|t:|1668036543\n|switch|p2a: Rotom|Rotom-Wash|100\/100\n|turn|6\n|\n|t:|1668036545\n|move|p1a: Garchomp|Scale Shot|p2a: Rotom\n|-damage|p2a: Rotom|68\/100\n|-damage|p2a: Rotom|33\/100\n|-hitcount|p2a: Rotom|2\n|-unboost|p1a: Garchomp|def|1\n|-boost|p1a: Garchomp|spe|1\n|move|p2a: Rotom|Hydro Pump|p1a: Garchomp\n|-damage|p1a: Garchomp|0 fnt\n|faint|p1a: Garchomp\n|\n|-heal|p2a: Rotom|39\/100|[from] item: Leftovers\n|upkeep\n|c|\u2606freakydood|oof\n|c|\u2606AriJimo|judgement errors were made\n|c|\u2606AriJimo|i am not sure where to go from here lol\n|c|\u2606freakydood|should've eq'd\n|\n|t:|1668036582\n|switch|p1a: Magnezone|Magnezone|100\/100\n|-damage|p1a: Magnezone|94\/100|[from] Stealth Rock\n|turn|7\n|\n|t:|1668036590\n|switch|p2a: Slowbro|Slowbro-Galar, F|100\/100\n|move|p1a: Magnezone|Volt Switch|p2a: Slowbro\n|-damage|p2a: Slowbro|63\/100\n|\n|t:|1668036602\n|switch|p1a: Slowking|Slowking, M|100\/100|[from]move: Volt Switch\n|\n|upkeep\n|turn|8\n|\n|t:|1668036607\n|move|p1a: Slowking|Future Sight|p2a: Slowbro\n|-start|p1a: Slowking|move: Future Sight\n|move|p2a: Slowbro|Future Sight|p1a: Slowking\n|-start|p2a: Slowbro|move: Future Sight\n|\n|upkeep\n|turn|9\n|\n|t:|1668036616\n|move|p2a: Slowbro|Shell Side Arm|p1a: Slowking|[anim] Shell Side Arm Physical\n|-damage|p1a: Slowking|74\/100\n|-hint|Physical Shell Side Arm\n|move|p1a: Slowking|Scald|p2a: Slowbro\n|-damage|p2a: Slowbro|42\/100\n|\n|upkeep\n|turn|10\n|\n|t:|1668036626\n|move|p2a: Slowbro|Shell Side Arm|p1a: Slowking|[anim] Shell Side Arm Physical\n|-damage|p1a: Slowking|44\/100\n|-hint|Physical Shell Side Arm\n|move|p1a: Slowking|Teleport|p1a: Slowking\n|\n|t:|1668036633\n|switch|p1a: Magnezone|Magnezone|94\/100|[from]move: Teleport\n|-damage|p1a: Magnezone|88\/100|[from] Stealth Rock\n|\n|-end|p1a: Magnezone|move: Future Sight\n|-resisted|p1a: Magnezone\n|-damage|p1a: Magnezone|47\/100\n|-end|p2a: Slowbro|move: Future Sight\n|-damage|p2a: Slowbro|11\/100\n|-heal|p1a: Magnezone|53\/100|[from] item: Leftovers\n|upkeep\n|turn|11\n|\n|t:|1668036644\n|move|p1a: Magnezone|Volt Switch|p2a: Slowbro\n|-damage|p2a: Slowbro|0 fnt\n|faint|p2a: Slowbro\n|\n|t:|1668036657\n|switch|p1a: Ferrothorn|Ferrothorn, F|100\/100|[from]move: Volt Switch\n|-damage|p1a: Ferrothorn|94\/100|[from] Stealth Rock\n|\n|-heal|p1a: Ferrothorn|100\/100|[from] item: Leftovers\n|upkeep\n|\n|t:|1668036664\n|switch|p2a: Cinderace|Cinderace, M|100\/100\n|turn|12\n|\n|t:|1668036669\n|switch|p1a: Slowking|Slowking, M|77\/100\n|move|p2a: Cinderace|U-turn|p1a: Slowking\n|-supereffective|p1a: Slowking\n|-damage|p1a: Slowking|32\/100\n|\n|t:|1668036676\n|switch|p2a: Lilligant|Lilligant-Hisui, F|100\/100|[from]move: U-turn\n|\n|upkeep\n|turn|13\n|\n|t:|1668036682\n|move|p2a: Lilligant|Victory Dance|p2a: Lilligant\n|-boost|p2a: Lilligant|atk|1\n|-boost|p2a: Lilligant|def|1\n|-boost|p2a: Lilligant|spe|1\n|move|p1a: Slowking|Future Sight|p2a: Lilligant\n|-start|p1a: Slowking|move: Future Sight\n|\n|upkeep\n|turn|14\n|\n|t:|1668036688\n|move|p2a: Lilligant|Leaf Blade|p1a: Slowking\n|-supereffective|p1a: Slowking\n|-damage|p1a: Slowking|0 fnt\n|faint|p1a: Slowking\n|-damage|p2a: Lilligant|91\/100|[from] item: Life Orb\n|\n|upkeep\n|\n|t:|1668036715\n|switch|p1a: Magnezone|Magnezone|53\/100\n|-damage|p1a: Magnezone|47\/100|[from] Stealth Rock\n|turn|15\n|\n|t:|1668036727\n|switch|p2a: Rotom|Rotom-Wash|39\/100\n|move|p1a: Magnezone|Protect||[still]\n|-fail|p1a: Magnezone\n|\n|-end|p2a: Rotom|move: Future Sight\n|-damage|p2a: Rotom|0 fnt\n|faint|p2a: Rotom\n|-heal|p1a: Magnezone|53\/100|[from] item: Leftovers\n|upkeep\n|\n|t:|1668036734\n|switch|p2a: Cinderace|Cinderace, M|100\/100\n|turn|16\n|\n|t:|1668036739\n|move|p2a: Cinderace|Pyro Ball|p1a: Magnezone\n|-supereffective|p1a: Magnezone\n|-damage|p1a: Magnezone|0 fnt\n|faint|p1a: Magnezone\n|\n|upkeep\n|\n|t:|1668036745\n|switch|p1a: Salamence|Salamence, M|100\/100\n|-ability|p1a: Salamence|Intimidate|boost\n|-unboost|p2a: Cinderace|atk|1\n|turn|17\n|\n|t:|1668036750\n|move|p2a: Cinderace|Gunk Shot|p1a: Salamence|[miss]\n|-miss|p2a: Cinderace|p1a: Salamence\n|move|p1a: Salamence|Hurricane|p2a: Cinderace\n|-damage|p2a: Cinderace|32\/100\n|\n|upkeep\n|turn|18\n|\n|t:|1668036759\n|switch|p1a: Cinderace|Cinderace, M|100\/100\n|-damage|p1a: Cinderace|76\/100|[from] Stealth Rock\n|move|p2a: Cinderace|Gunk Shot|p1a: Cinderace\n|-damage|p1a: Cinderace|36\/100\n|-status|p1a: Cinderace|psn\n|\n|-damage|p1a: Cinderace|24\/100 psn|[from] psn\n|upkeep\n|turn|19\n|\n|t:|1668036770\n|move|p2a: Cinderace|Pyro Ball|p1a: Cinderace\n|-resisted|p1a: Cinderace\n|-damage|p1a: Cinderace|0 fnt\n|faint|p1a: Cinderace\n|\n|upkeep\n|\n|t:|1668036775\n|switch|p1a: Salamence|Salamence, M|100\/100\n|-ability|p1a: Salamence|Intimidate|boost\n|-unboost|p2a: Cinderace|atk|1\n|turn|20\n|\n|t:|1668036779\n|move|p2a: Cinderace|Gunk Shot|p1a: Salamence\n|-damage|p1a: Salamence|75\/100\n|move|p1a: Salamence|Hurricane|p2a: Cinderace\n|-damage|p2a: Cinderace|0 fnt\n|faint|p2a: Cinderace\n|\n|upkeep\n|\n|t:|1668036786\n|switch|p2a: Lilligant|Lilligant-Hisui, F|91\/100\n|turn|21\n|\n|t:|1668036791\n|move|p2a: Lilligant|Victory Dance|p2a: Lilligant\n|-boost|p2a: Lilligant|atk|1\n|-boost|p2a: Lilligant|def|1\n|-boost|p2a: Lilligant|spe|1\n|move|p1a: Salamence|Flamethrower|p2a: Lilligant\n|-supereffective|p2a: Lilligant\n|-damage|p2a: Lilligant|7\/100\n|\n|upkeep\n|turn|22\n|\n|t:|1668036797\n|switch|p1a: Ferrothorn|Ferrothorn, F|100\/100\n|-damage|p1a: Ferrothorn|94\/100|[from] Stealth Rock\n|move|p2a: Lilligant|Poison Jab|p1a: Ferrothorn\n|-immune|p1a: Ferrothorn\n|\n|-heal|p1a: Ferrothorn|100\/100|[from] item: Leftovers\n|upkeep\n|turn|23\n|\n|t:|1668036806\n|move|p2a: Lilligant|Close Combat|p1a: Ferrothorn|[miss]\n|-miss|p2a: Lilligant|p1a: Ferrothorn\n|move|p1a: Ferrothorn|Knock Off|p2a: Lilligant\n|-resisted|p2a: Lilligant\n|-damage|p2a: Lilligant|0 fnt\n|-enditem|p2a: Lilligant|Life Orb|[from] move: Knock Off|[of] p1a: Ferrothorn\n|faint|p2a: Lilligant\n|\n|win|freakydood\n|c|\u2606AriJimo|gg\n|c|\u2606freakydood|gg\n|l|\u2606freakydood\n","uploadtime":1668037637,"views":3,"p1id":"freakydood","p2id":"arijimo","formatid":"gen8pladraft","rating":0,"private":0,"password":null}