{"id":"radicalred-gen8plalegacydraft-299576","p1":"Elon Musk Rusk","p2":"Roseybear","format":"gen8plalegacydraft","log":"|j|\u2606Elon Musk Rusk\n|j|\u2606Roseybear\n|t:|1667663667\n|gametype|singles\n|player|p1|Elon Musk Rusk|170|\n|player|p2|Roseybear|hilbert|\n|teamsize|p1|6\n|teamsize|p2|6\n|gen|8\n|tier|[Gen 8] PLA Legacy Draft\n|rule|HP Percentage Mod: HP is shown in percentages\n|rule|Endless Battle Clause: Forcing endless battles is banned\n|rule|OHKO Clause: OHKO moves are banned\n|rule|Evasion Moves Clause: Evasion moves are banned\n|rule|Species Clause: Limit one of each Pok\u00e9mon\n|rule|Sleep Clause Mod: Limit one foe put to sleep\n|rule|Dynamax Clause: You cannot dynamax\n|rule|Z-Move Clause: Z-Moves are banned\n|clearpoke\n|poke|p1|Gallade, M|\n|poke|p1|Comfey, F|\n|poke|p1|Zarude-Dada|\n|poke|p1|Landorus, M|\n|poke|p1|Drampa, F|\n|poke|p1|Slowbro, F|\n|poke|p2|Urshifu-*, M|\n|poke|p2|Garchomp, F|\n|poke|p2|Tapu Fini|\n|poke|p2|Rotom-Heat|\n|poke|p2|Aegislash, M|\n|poke|p2|Deoxys-Speed|\n|teampreview\n|c|\u2606Roseybear|hf\n|\n|t:|1667663692\n|start\n|switch|p1a: Zarude|Zarude-Dada|100\/100\n|switch|p2a: Garchomp|Garchomp, F|100\/100\n|turn|1\n|\n|t:|1667663698\n|move|p1a: Zarude|U-turn|p2a: Garchomp\n|-damage|p2a: Garchomp|80\/100\n|-damage|p1a: Zarude|88\/100|[from] ability: Rough Skin|[of] p2a: Garchomp\n|-damage|p1a: Zarude|71\/100|[from] item: Rocky Helmet|[of] p2a: Garchomp\n|\n|t:|1667663700\n|switch|p1a: Slowbro|Slowbro, F|100\/100|[from]move: U-turn\n|move|p2a: Garchomp|Stealth Rock|p1a: Slowbro\n|-sidestart|p1: Elon Musk Rusk|move: Stealth Rock\n|\n|upkeep\n|turn|2\n|\n|t:|1667663724\n|switch|p2a: Tapu Fini|Tapu Fini|100\/100\n|-fieldstart|move: Misty Terrain|[from] ability: Misty Surge|[of] p2a: Tapu Fini\n|move|p1a: Slowbro|Future Sight|p2a: Tapu Fini\n|-start|p1a: Slowbro|move: Future Sight\n|\n|upkeep\n|turn|3\n|\n|t:|1667663731\n|move|p2a: Tapu Fini|Nature's Madness|p1a: Slowbro|[miss]\n|-miss|p2a: Tapu Fini|p1a: Slowbro\n|move|p1a: Slowbro|Teleport|p1a: Slowbro\n|\n|t:|1667663737\n|switch|p1a: Zarude|Zarude-Dada|71\/100|[from]move: Teleport\n|-damage|p1a: Zarude|59\/100|[from] Stealth Rock\n|\n|upkeep\n|turn|4\n|\n|t:|1667663740\n|switch|p2a: Garchomp|Garchomp, F|80\/100\n|move|p1a: Zarude|Power Whip|p2a: Garchomp\n|-damage|p2a: Garchomp|30\/100\n|-damage|p1a: Zarude|47\/100|[from] ability: Rough Skin|[of] p2a: Garchomp\n|-damage|p1a: Zarude|30\/100|[from] item: Rocky Helmet|[of] p2a: Garchomp\n|\n|-end|p2a: Garchomp|move: Future Sight\n|-damage|p2a: Garchomp|0 fnt\n|faint|p2a: Garchomp\n|upkeep\n|\n|t:|1667663752\n|switch|p2a: Deoxys|Deoxys-Speed|100\/100\n|-ability|p2a: Deoxys|Pressure\n|turn|5\n|\n|t:|1667663767\n|switch|p2a: Aegislash|Aegislash, M|100\/100\n|move|p1a: Zarude|Power Whip|p2a: Aegislash\n|-resisted|p2a: Aegislash\n|-damage|p2a: Aegislash|77\/100\n|\n|-heal|p2a: Aegislash|84\/100|[from] item: Leftovers\n|upkeep\n|turn|6\n|\n|t:|1667663774\n|switch|p1a: Drampa|Drampa, F|100\/100\n|-damage|p1a: Drampa|88\/100|[from] Stealth Rock\n|-formechange|p2a: Aegislash|Aegislash-Blade||[from] ability: Stance Change\n|move|p2a: Aegislash|Iron Head|p1a: Drampa\n|-damage|p1a: Drampa|47\/100\n|-ability|p1a: Drampa|Berserk|boost\n|-boost|p1a: Drampa|spa|1\n|\n|-heal|p2a: Aegislash|90\/100|[from] item: Leftovers\n|-heal|p1a: Drampa|53\/100|[from] item: Leftovers\n|-fieldend|Misty Terrain\n|upkeep\n|turn|7\n|\n|t:|1667663782\n|switch|p2a: Tapu Fini|Tapu Fini|100\/100\n|-fieldstart|move: Misty Terrain|[from] ability: Misty Surge|[of] p2a: Tapu Fini\n|move|p1a: Drampa|Roost|p1a: Drampa\n|-heal|p1a: Drampa|100\/100\n|-singleturn|p1a: Drampa|move: Roost\n|\n|upkeep\n|turn|8\n|\n|t:|1667663788\n|move|p2a: Tapu Fini|Moonblast|p1a: Drampa\n|-supereffective|p1a: Drampa\n|-damage|p1a: Drampa|50\/100\n|-unboost|p1a: Drampa|spa|1\n|-ability|p1a: Drampa|Berserk|boost\n|-boost|p1a: Drampa|spa|1\n|move|p1a: Drampa|Defog|p2a: Tapu Fini\n|-unboost|p2a: Tapu Fini|evasion|1\n|-sideend|p1: Elon Musk Rusk|Stealth Rock|[from] move: Defog|[of] p1a: Drampa\n|-fieldend|Misty Terrain\n|\n|-heal|p1a: Drampa|56\/100|[from] item: Leftovers\n|upkeep\n|turn|9\n|\n|t:|1667663794\n|switch|p1a: Slowbro|Slowbro, F|100\/100\n|move|p2a: Tapu Fini|Calm Mind|p2a: Tapu Fini\n|-boost|p2a: Tapu Fini|spa|1\n|-boost|p2a: Tapu Fini|spd|1\n|\n|upkeep\n|turn|10\n|\n|t:|1667663820\n|move|p2a: Tapu Fini|Moonblast|p1a: Slowbro\n|-damage|p1a: Slowbro|55\/100\n|move|p1a: Slowbro|Teleport|p1a: Slowbro\n|\n|t:|1667663832\n|switch|p1a: Zarude|Zarude-Dada|30\/100|[from]move: Teleport\n|\n|upkeep\n|turn|11\n|\n|t:|1667663835\n|move|p1a: Zarude|Power Whip|p2a: Tapu Fini\n|-supereffective|p2a: Tapu Fini\n|-damage|p2a: Tapu Fini|21\/100\n|-damage|p1a: Zarude|13\/100|[from] item: Rocky Helmet|[of] p2a: Tapu Fini\n|move|p2a: Tapu Fini|Moonblast|p1a: Zarude\n|-supereffective|p1a: Zarude\n|-damage|p1a: Zarude|0 fnt\n|faint|p1a: Zarude\n|\n|upkeep\n|j| gjvhjgvv\n|\n|t:|1667663842\n|switch|p1a: Gallade|Gallade, M|100\/100\n|turn|12\n|l| gjvhjgvv\n|\n|t:|1667663883\n|detailschange|p1a: Gallade|Gallade-Mega, M\n|-mega|p1a: Gallade|Gallade|Galladite\n|move|p1a: Gallade|Earthquake|p2a: Tapu Fini\n|-damage|p2a: Tapu Fini|0 fnt\n|faint|p2a: Tapu Fini\n|\n|upkeep\n|\n|t:|1667663891\n|switch|p2a: Rotom|Rotom-Heat|100\/100\n|turn|13\n|\n|t:|1667663894\n|switch|p1a: Drampa|Drampa, F|56\/100\n|move|p2a: Rotom|Will-O-Wisp|p1a: Drampa\n|-status|p1a: Drampa|brn\n|\n|-heal|p1a: Drampa|63\/100 brn|[from] item: Leftovers\n|-damage|p1a: Drampa|56\/100 brn|[from] brn\n|upkeep\n|turn|14\n|j| gjvhjgvv\n|\n|t:|1667663899\n|move|p2a: Rotom|Volt Switch|p1a: Drampa\n|-resisted|p1a: Drampa\n|-damage|p1a: Drampa|47\/100 brn\n|-ability|p1a: Drampa|Berserk|boost\n|-boost|p1a: Drampa|spa|1\n|\n|t:|1667663901\n|switch|p2a: Urshifu|Urshifu, M|100\/100|[from]move: Volt Switch\n|move|p1a: Drampa|Flamethrower|p2a: Urshifu\n|-damage|p2a: Urshifu|63\/100\n|\n|-heal|p1a: Drampa|53\/100 brn|[from] item: Leftovers\n|-damage|p1a: Drampa|47\/100 brn|[from] brn\n|upkeep\n|turn|15\n|\n|t:|1667663912\n|move|p2a: Urshifu|Poison Jab|p1a: Drampa\n|-damage|p1a: Drampa|17\/100 brn\n|move|p1a: Drampa|Roost|p1a: Drampa\n|-heal|p1a: Drampa|67\/100 brn\n|-singleturn|p1a: Drampa|move: Roost\n|\n|-heal|p1a: Drampa|73\/100 brn|[from] item: Leftovers\n|-damage|p1a: Drampa|67\/100 brn|[from] brn\n|upkeep\n|turn|16\n|\n|t:|1667663916\n|move|p2a: Urshifu|Close Combat|p1a: Drampa\n|-supereffective|p1a: Drampa\n|-damage|p1a: Drampa|0 fnt\n|-unboost|p2a: Urshifu|def|1\n|-unboost|p2a: Urshifu|spd|1\n|faint|p1a: Drampa\n|\n|upkeep\n|\n|t:|1667663929\n|switch|p1a: Comfey|Comfey, F|100\/100\n|turn|17\n|\n|t:|1667663931\n|switch|p2a: Aegislash|Aegislash, M|90\/100\n|move|p1a: Comfey|U-turn|p2a: Aegislash\n|-resisted|p2a: Aegislash\n|-damage|p2a: Aegislash|88\/100\n|\n|t:|1667663933\n|switch|p1a: Landorus|Landorus, M|100\/100|[from]move: U-turn\n|\n|-heal|p2a: Aegislash|94\/100|[from] item: Leftovers\n|upkeep\n|turn|18\n|\n|t:|1667663988\n|switch|p2a: Urshifu|Urshifu, M|63\/100\n|move|p1a: Landorus|Sludge Wave|p2a: Urshifu\n|-damage|p2a: Urshifu|17\/100\n|\n|upkeep\n|turn|19\n|\n|t:|1667663994\n|move|p1a: Landorus|Sludge Wave|p2a: Urshifu\n|-damage|p2a: Urshifu|0 fnt\n|faint|p2a: Urshifu\n|\n|upkeep\n|\n|t:|1667663996\n|switch|p2a: Deoxys|Deoxys-Speed|100\/100\n|-ability|p2a: Deoxys|Pressure\n|turn|20\n|\n|t:|1667663999\n|switch|p1a: Slowbro|Slowbro, F|89\/100\n|move|p2a: Deoxys|Ice Beam|p1a: Slowbro\n|-resisted|p1a: Slowbro\n|-damage|p1a: Slowbro|69\/100\n|-damage|p2a: Deoxys|91\/100|[from] item: Life Orb\n|\n|upkeep\n|turn|21\n|\n|t:|1667664004\n|move|p2a: Deoxys|Shadow Ball|p1a: Slowbro\n|-supereffective|p1a: Slowbro\n|-damage|p1a: Slowbro|6\/100\n|-damage|p2a: Deoxys|81\/100|[from] item: Life Orb\n|move|p1a: Slowbro|Ice Beam|p2a: Deoxys\n|-damage|p2a: Deoxys|53\/100\n|\n|upkeep\n|turn|22\n|\n|t:|1667664011\n|switch|p1a: Comfey|Comfey, F|100\/100\n|move|p2a: Deoxys|Ice Beam|p1a: Comfey\n|-damage|p1a: Comfey|62\/100\n|-damage|p2a: Deoxys|44\/100|[from] item: Life Orb\n|\n|-heal|p1a: Comfey|68\/100|[from] item: Leftovers\n|upkeep\n|turn|23\n|\n|t:|1667664030\n|switch|p2a: Rotom|Rotom-Heat|100\/100\n|move|p1a: Comfey|U-turn|p2a: Rotom\n|-resisted|p2a: Rotom\n|-damage|p2a: Rotom|97\/100\n|\n|t:|1667664040\n|switch|p1a: Landorus|Landorus, M|100\/100|[from]move: U-turn\n|\n|upkeep\n|turn|24\n|\n|t:|1667664051\n|move|p1a: Landorus|Sludge Wave|p2a: Rotom\n|-damage|p2a: Rotom|41\/100\n|move|p2a: Rotom|Pain Split|p1a: Landorus\n|-sethp|p1a: Landorus|69\/100|[from] move: Pain Split|[silent]\n|-sethp|p2a: Rotom|75\/100|[from] move: Pain Split\n|\n|upkeep\n|turn|25\n|\n|t:|1667664061\n|switch|p2a: Aegislash|Aegislash, M|94\/100\n|move|p1a: Landorus|Sludge Wave|p2a: Aegislash\n|-immune|p2a: Aegislash\n|\n|-heal|p2a: Aegislash|100\/100|[from] item: Leftovers\n|upkeep\n|turn|26\n|l| gjvhjgvv\n|l|\u2606Elon Musk Rusk\n|player|p1|\n|j|\u2606Elon Musk Rusk\n|player|p1|Elon Musk Rusk|170\n|\n|t:|1667664344\n|switch|p2a: Rotom|Rotom-Heat|75\/100\n|move|p1a: Landorus|Earth Power|p2a: Rotom\n|-immune|p2a: Rotom|[from] ability: Levitate\n|\n|upkeep\n|turn|27\n|\n|t:|1667664429\n|switch|p1a: Gallade|Gallade-Mega, M|100\/100\n|move|p2a: Rotom|Overheat|p1a: Gallade\n|-damage|p1a: Gallade|50\/100\n|-unboost|p2a: Rotom|spa|2\n|\n|upkeep\n|turn|28\n|l|\u2606Elon Musk Rusk\n|player|p1|\n|\n|t:|1667664457\n|move|p1a: Gallade|Earthquake|p2a: Rotom\n|-immune|p2a: Rotom|[from] ability: Levitate\n|move|p2a: Rotom|Will-O-Wisp|p1a: Gallade\n|-status|p1a: Gallade|brn\n|\n|-damage|p1a: Gallade|43\/100 brn|[from] brn\n|upkeep\n|turn|29\n|j|\u2606Elon Musk Rusk\n|player|p1|Elon Musk Rusk|170\n|\n|t:|1667664476\n|move|p1a: Gallade|Swords Dance|p1a: Gallade\n|-boost|p1a: Gallade|atk|2\n|move|p2a: Rotom|Volt Switch|p1a: Gallade\n|-damage|p1a: Gallade|31\/100 brn\n|\n|t:|1667664504\n|switch|p2a: Deoxys|Deoxys-Speed|44\/100|[from]move: Volt Switch\n|-ability|p2a: Deoxys|Pressure\n|\n|-damage|p1a: Gallade|25\/100 brn|[from] brn\n|upkeep\n|turn|30\n|\n|t:|1667664514\n|switch|p2a: Rotom|Rotom-Heat|75\/100\n|move|p1a: Gallade|Close Combat|p2a: Rotom\n|-damage|p2a: Rotom|19\/100\n|-unboost|p1a: Gallade|def|1\n|-unboost|p1a: Gallade|spd|1\n|\n|-damage|p1a: Gallade|19\/100 brn|[from] brn\n|upkeep\n|turn|31\n|\n|t:|1667664539\n|switch|p2a: Aegislash|Aegislash, M|100\/100\n|move|p1a: Gallade|Earthquake|p2a: Aegislash\n|-supereffective|p2a: Aegislash\n|-damage|p2a: Aegislash|39\/100\n|\n|-heal|p2a: Aegislash|45\/100|[from] item: Leftovers\n|-damage|p1a: Gallade|13\/100 brn|[from] brn\n|upkeep\n|turn|32\n|\n|t:|1667664545\n|move|p2a: Aegislash|King's Shield|p2a: Aegislash\n|-singleturn|p2a: Aegislash|Protect\n|move|p1a: Gallade|Earthquake|p2a: Aegislash\n|-activate|p2a: Aegislash|move: Protect\n|\n|-heal|p2a: Aegislash|51\/100|[from] item: Leftovers\n|-damage|p1a: Gallade|6\/100 brn|[from] brn\n|upkeep\n|turn|33\n|\n|t:|1667664554\n|switch|p2a: Rotom|Rotom-Heat|19\/100\n|move|p1a: Gallade|Earthquake|p2a: Rotom\n|-immune|p2a: Rotom|[from] ability: Levitate\n|\n|-damage|p1a: Gallade|0 fnt|[from] brn\n|faint|p1a: Gallade\n|upkeep\n|\n|t:|1667664559\n|switch|p1a: Landorus|Landorus, M|69\/100\n|turn|34\n|\n|t:|1667664562\n|move|p1a: Landorus|Psychic|p2a: Rotom\n|-damage|p2a: Rotom|0 fnt\n|faint|p2a: Rotom\n|\n|upkeep\n|\n|t:|1667664564\n|switch|p2a: Deoxys|Deoxys-Speed|44\/100\n|-ability|p2a: Deoxys|Pressure\n|turn|35\n|\n|t:|1667664569\n|switch|p1a: Slowbro|Slowbro, F|40\/100\n|move|p2a: Deoxys|Shadow Ball|p1a: Slowbro\n|-supereffective|p1a: Slowbro\n|-damage|p1a: Slowbro|0 fnt\n|faint|p1a: Slowbro\n|-damage|p2a: Deoxys|34\/100|[from] item: Life Orb\n|\n|upkeep\n|\n|t:|1667664575\n|switch|p1a: Comfey|Comfey, F|68\/100\n|turn|36\n|\n|t:|1667664581\n|move|p2a: Deoxys|Flash Cannon|p1a: Comfey\n|-supereffective|p1a: Comfey\n|-damage|p1a: Comfey|0 fnt\n|faint|p1a: Comfey\n|-damage|p2a: Deoxys|24\/100|[from] item: Life Orb\n|\n|upkeep\n|\n|t:|1667664584\n|switch|p1a: Landorus|Landorus, M|69\/100\n|turn|37\n|c|\u2606Roseybear|gg\n|\n|t:|1667664588\n|move|p2a: Deoxys|Ice Beam|p1a: Landorus\n|-supereffective|p1a: Landorus\n|-damage|p1a: Landorus|0 fnt\n|faint|p1a: Landorus\n|-damage|p2a: Deoxys|14\/100|[from] item: Life Orb\n|\n|win|Roseybear\n|l|\u2606Elon Musk Rusk\n","uploadtime":1667664614,"views":18,"p1id":"elonmuskrusk","p2id":"roseybear","formatid":"gen8plalegacydraft","rating":0,"private":0,"password":null}