{"id":"randombattle-410059158","p1":"lkjhgfdsapoi","p2":"master_japa","format":"randombattle","log":"|j|lkjhgfdsapoi\n|j|master_japa\n|player|p1|lkjhgfdsapoi|101\n|player|p2|master_japa|29\n|gametype|singles\n|gen|6\n|tier|Random Battle\n|rated\n|seed|11230,54728,30482,44417,50868,45380,17579,59820,43067,59424,59408,17064\n|rule|Sleep Clause Mod: Limit one foe put to sleep\n|rule|HP Percentage Mod: HP is shown in percentages\n|\n|start\n|switch|p1a: Plusle|Plusle, L83, M|235\/235\n|switch|p2a: Raichu|Raichu, L83, F|235\/235\n|turn|1\n|choice|move hiddenpower|switch 4\n|\n|switch|p2a: Tyranitar|Tyranitar, L75, M|274\/274\n|-weather|Sandstorm|[from] ability: Sand Stream|[of] p2a: Tyranitar\n|move|p1a: Plusle|Hidden Power|p2a: Tyranitar\n|-damage|p2a: Tyranitar|248\/274\n|\n|-weather|Sandstorm|[upkeep]\n|-damage|p1a: Plusle|221\/235|[from] sandstorm\n|-heal|p1a: Plusle|235\/235|[from] item: Leftovers\n|turn|2\n|choice|move nastyplot|move earthquake mega\n|\n|detailschange|p2a: Tyranitar|Tyranitar-Mega, L75, M\n|-mega|p2a: Tyranitar|Tyranitar|Tyranitarite\n|move|p1a: Plusle|Nasty Plot|p1a: Plusle\n|-boost|p1a: Plusle|spa|2\n|move|p2a: Tyranitar|Earthquake|p1a: Plusle\n|-supereffective|p1a: Plusle\n|-crit|p1a: Plusle\n|-damage|p1a: Plusle|0 fnt\n|faint|p1a: Plusle\n|\n|-weather|Sandstorm|[upkeep]\n|choice|switch 3|\n|\n|switch|p1a: Swampert|Swampert, L77, F|281\/281\n|turn|3\n|choice|move superpower|move dragondance\n|\n|move|p2a: Tyranitar|Dragon Dance|p2a: Tyranitar\n|-boost|p2a: Tyranitar|atk|1\n|-boost|p2a: Tyranitar|spe|1\n|move|p1a: Swampert|Superpower|p2a: Tyranitar\n|-supereffective|p2a: Tyranitar\n|-damage|p2a: Tyranitar|28\/274\n|-unboost|p1a: Swampert|atk|1\n|-unboost|p1a: Swampert|def|1\n|\n|-weather|Sandstorm|[upkeep]\n|turn|4\n|choice|move waterfall|move earthquake\n|\n|move|p2a: Tyranitar|Earthquake|p1a: Swampert\n|-damage|p1a: Swampert|72\/281\n|move|p1a: Swampert|Waterfall|p2a: Tyranitar\n|-supereffective|p2a: Tyranitar\n|-damage|p2a: Tyranitar|0 fnt\n|faint|p2a: Tyranitar\n|\n|-weather|Sandstorm|[upkeep]\n|choice||switch 5\n|\n|switch|p2a: Genesect|Genesect-Douse, L74|227\/227\n|-ability|p2a: Genesect|Download|boost\n|-boost|p2a: Genesect|atk|1\n|turn|5\n|choice|switch 5|move extremespeed\n|\n|switch|p1a: Galvantula|Galvantula, L77, F|234\/234\n|move|p2a: Genesect|Extreme Speed|p1a: Galvantula\n|-damage|p1a: Galvantula|120\/234\n|\n|-weather|none\n|turn|6\n|choice|move voltswitch|move extremespeed\n|\n|move|p2a: Genesect|Extreme Speed|p1a: Galvantula\n|-damage|p1a: Galvantula|13\/234\n|move|p1a: Galvantula|Volt Switch|p2a: Genesect\n|-damage|p2a: Genesect|136\/227\n|-damage|p1a: Galvantula|0 fnt|[from] item: Life Orb\n|faint|p1a: Galvantula\n|\n|choice|switch 2|\n|\n|switch|p1a: Exploud|Exploud, L79, M|294\/294\n|turn|7\n|choice|move fireblast|move extremespeed\n|\n|move|p2a: Genesect|Extreme Speed|p1a: Exploud\n|-damage|p1a: Exploud|190\/294\n|move|p1a: Exploud|Fire Blast|p2a: Genesect\n|-supereffective|p2a: Genesect\n|-damage|p2a: Genesect|0 fnt\n|faint|p2a: Genesect\n|\n|choice||switch 4\n|\n|switch|p2a: Raichu|Raichu, L83, F|235\/235\n|turn|8\n|choice|move fireblast|move focusblast\n|\n|move|p2a: Raichu|Focus Blast|p1a: Exploud\n|-supereffective|p1a: Exploud\n|-damage|p1a: Exploud|0 fnt\n|faint|p1a: Exploud\n|\n|choice|switch 4|\n|\n|switch|p1a: Gliscor|Gliscor, L75, F|236\/236\n|turn|9\n|choice|move earthquake|move encore\n|\n|move|p2a: Raichu|Encore|p1a: Gliscor\n|-fail|p1a: Gliscor\n|move|p1a: Gliscor|Earthquake|p2a: Raichu\n|-supereffective|p2a: Raichu\n|-crit|p2a: Raichu\n|-enditem|p2a: Raichu|Focus Sash\n|-damage|p2a: Raichu|1\/235\n|\n|-status|p1a: Gliscor|tox|[from] item: Toxic Orb\n|turn|10\n|choice|move toxic|move focusblast\n|\n|move|p2a: Raichu|Focus Blast|p1a: Gliscor\n|-resisted|p1a: Gliscor\n|-damage|p1a: Gliscor|186\/236 tox\n|move|p1a: Gliscor|Toxic|p2a: Raichu\n|-status|p2a: Raichu|tox\n|\n|-damage|p2a: Raichu|0 fnt|[from] psn\n|-heal|p1a: Gliscor|215\/236 tox|[from] ability: Poison Heal\n|faint|p2a: Raichu\n|choice||switch 6\n|\n|switch|p2a: Avalugg|Avalugg, L83, M|293\/293\n|turn|11\n|choice|move earthquake|move avalanche\n|\n|move|p1a: Gliscor|Earthquake|p2a: Avalugg\n|-crit|p2a: Avalugg\n|-damage|p2a: Avalugg|221\/293\n|move|p2a: Avalugg|Avalanche|p1a: Gliscor\n|-supereffective|p1a: Gliscor\n|-damage|p1a: Gliscor|0 fnt\n|faint|p1a: Gliscor\n|\n|-heal|p2a: Avalugg|239\/293|[from] item: Leftovers\n|choice|switch 6|\n|\n|switch|p1a: Hitmonchan|Hitmonchan, L81, M|214\/214\n|turn|12\n|choice|move firepunch|move toxic\n|\n|move|p1a: Hitmonchan|Fire Punch|p2a: Avalugg\n|-supereffective|p2a: Avalugg\n|-crit|p2a: Avalugg\n|-damage|p2a: Avalugg|125\/293\n|move|p2a: Avalugg|Toxic|p1a: Hitmonchan\n|-status|p1a: Hitmonchan|tox\n|\n|-heal|p2a: Avalugg|143\/293|[from] item: Leftovers\n|-damage|p1a: Hitmonchan|201\/214 tox|[from] psn\n|turn|13\n|choice|move bulkup|move recover\n|\n|move|p1a: Hitmonchan|Bulk Up|p1a: Hitmonchan\n|-boost|p1a: Hitmonchan|atk|1\n|-boost|p1a: Hitmonchan|def|1\n|move|p2a: Avalugg|Recover|p2a: Avalugg\n|-heal|p2a: Avalugg|290\/293\n|\n|-heal|p1a: Hitmonchan|214\/214 tox|[from] item: Leftovers\n|-heal|p2a: Avalugg|293\/293|[from] item: Leftovers\n|-damage|p1a: Hitmonchan|188\/214 tox|[from] psn\n|turn|14\n|choice|move bulkup|move avalanche\n|\n|move|p1a: Hitmonchan|Bulk Up|p1a: Hitmonchan\n|-boost|p1a: Hitmonchan|atk|1\n|-boost|p1a: Hitmonchan|def|1\n|move|p2a: Avalugg|Avalanche|p1a: Hitmonchan\n|-damage|p1a: Hitmonchan|145\/214 tox\n|\n|-heal|p1a: Hitmonchan|158\/214 tox|[from] item: Leftovers\n|-damage|p1a: Hitmonchan|119\/214 tox|[from] psn\n|turn|15\n|choice|move firepunch|move avalanche\n|\n|move|p1a: Hitmonchan|Fire Punch|p2a: Avalugg\n|-supereffective|p2a: Avalugg\n|-damage|p2a: Avalugg|155\/293\n|move|p2a: Avalugg|Avalanche|p1a: Hitmonchan\n|-damage|p1a: Hitmonchan|38\/214 tox\n|\n|-heal|p1a: Hitmonchan|51\/214 tox|[from] item: Leftovers\n|-heal|p2a: Avalugg|173\/293|[from] item: Leftovers\n|-damage|p1a: Hitmonchan|0 fnt|[from] psn\n|faint|p1a: Hitmonchan\n|choice|switch 5|\n|\n|switch|p1a: Swampert|Swampert, L77, F|72\/281\n|turn|16\n|choice|move superpower|move toxic\n|\n|move|p1a: Swampert|Superpower|p2a: Avalugg\n|-supereffective|p2a: Avalugg\n|-damage|p2a: Avalugg|93\/293\n|-unboost|p1a: Swampert|atk|1\n|-unboost|p1a: Swampert|def|1\n|move|p2a: Avalugg|Toxic|p1a: Swampert\n|-status|p1a: Swampert|tox\n|\n|-heal|p2a: Avalugg|111\/293|[from] item: Leftovers\n|-damage|p1a: Swampert|55\/281 tox|[from] psn\n|turn|17\n|choice|move waterfall|move recover\n|\n|move|p1a: Swampert|Waterfall|p2a: Avalugg\n|-crit|p2a: Avalugg\n|-damage|p2a: Avalugg|18\/293\n|move|p2a: Avalugg|Recover|p2a: Avalugg\n|-heal|p2a: Avalugg|165\/293\n|\n|-heal|p2a: Avalugg|183\/293|[from] item: Leftovers\n|-damage|p1a: Swampert|21\/281 tox|[from] psn\n|turn|18\n|choice|move earthquake|move recover\n|\n|move|p1a: Swampert|Earthquake|p2a: Avalugg\n|-damage|p2a: Avalugg|147\/293\n|move|p2a: Avalugg|Recover|p2a: Avalugg\n|-heal|p2a: Avalugg|293\/293\n|\n|-damage|p1a: Swampert|0 fnt|[from] psn\n|faint|p1a: Swampert\n|\n|win|master_japa\n|player|p1\n|player|p2\n|raw|lkjhgfdsapoi's rating: 1000 &rarr; <strong>1000<\/strong><br \/>(+0 for losing)\n|raw|master_japa's rating: 1000 &rarr; <strong>1040<\/strong><br \/>(+40 for winning)\n|c|\u2605master_japa|gg","inputlog":null,"uploadtime":1470193798,"views":6,"p1id":"lkjhgfdsapoi","p2id":"masterjapa","formatid":"randombattle","rating":1000,"private":0,"password":null}