{"id":"randombattle-331694163","p1":"Ohmboy Tesla","p2":"Cessa","format":"randombattle","log":"|j|Ohmboy Tesla\n|j|Cessa\n|player|p1|Ohmboy Tesla|136\n|player|p2|Cessa|102\n|gametype|singles\n|gen|6\n|tier|Random Battle\n|rated\n|seed|21051,38857,17661,64632\n|rule|Sleep Clause Mod: Limit one foe put to sleep\n|rule|HP Percentage Mod: HP is shown in percentages\n|\n|start\n|switch|p1a: Chesnaught|Chesnaught, L77, M|262\/262\n|switch|p2a: Mandibuzz|Mandibuzz, L77, F|295\/295\n|turn|1\n|choice|switch 4|move 2\n|\n|switch|p1a: Wormadam|Wormadam-Trash, L83, F|235\/235\n|move|p2a: Mandibuzz|Taunt|p1a: Wormadam\n|-start|p1a: Wormadam|move: Taunt\n|\n|turn|2\n|choice|switch 2|move 3\n|\n|switch|p1a: Kangaskhan|Kangaskhan, L73, F|274\/274\n|move|p2a: Mandibuzz|Knock Off|p1a: Kangaskhan\n|-damage|p1a: Kangaskhan|217\/274\n|\n|turn|3\n|choice|move 1 mega|switch 3\n|\n|switch|p2a: Drifblim|Drifblim, L83, M|384\/384\n|detailschange|p1a: Kangaskhan|Kangaskhan-Mega, L73, F\n|-mega|p1a: Kangaskhan|Kangaskhan|Kangaskhanite\n|move|p1a: Kangaskhan|Power-Up Punch|p2a: Drifblim\n|-immune|p2a: Drifblim|[msg]\n|\n|turn|4\n|choice|move 3|move 3\n|\n|move|p1a: Kangaskhan|Crunch|p2a: Drifblim\n|-supereffective|p2a: Drifblim\n|-damage|p2a: Drifblim|202\/384\n|-unboost|p2a: Drifblim|def|1\n|-supereffective|p2a: Drifblim\n|-damage|p2a: Drifblim|66\/384\n|-unboost|p2a: Drifblim|def|1\n|-enditem|p2a: Drifblim|Sitrus Berry|[eat]\n|-heal|p2a: Drifblim|162\/384|[from] item: Sitrus Berry\n|-hitcount|p2a: Drifblim|2\n|move|p2a: Drifblim|Will-O-Wisp|p1a: Kangaskhan\n|-status|p1a: Kangaskhan|brn\n|\n|-damage|p1a: Kangaskhan|183\/274 brn|[from] brn\n|turn|5\n|choice|move 3|switch 6\n|\n|switch|p2a: Azumarill|Azumarill, L75, M|274\/274\n|move|p1a: Kangaskhan|Crunch|p2a: Azumarill\n|-resisted|p2a: Azumarill\n|-damage|p2a: Azumarill|258\/274\n|-resisted|p2a: Azumarill\n|-damage|p2a: Azumarill|250\/274\n|-unboost|p2a: Azumarill|def|1\n|-hitcount|p2a: Azumarill|2\n|\n|-damage|p1a: Kangaskhan|149\/274 brn|[from] brn\n|turn|6\n|choice|move 2|move 1\n|\n|move|p1a: Kangaskhan|Return|p2a: Azumarill\n|-damage|p2a: Azumarill|162\/274\n|-damage|p2a: Azumarill|114\/274\n|-enditem|p2a: Azumarill|Sitrus Berry|[eat]\n|-heal|p2a: Azumarill|182\/274|[from] item: Sitrus Berry\n|-hitcount|p2a: Azumarill|2\n|move|p2a: Azumarill|Play Rough|p1a: Kangaskhan\n|-damage|p1a: Kangaskhan|49\/274 brn\n|\n|-damage|p1a: Kangaskhan|15\/274 brn|[from] brn\n|turn|7\n|choice|move 2|move 1\n|\n|move|p1a: Kangaskhan|Return|p2a: Azumarill\n|-crit|p2a: Azumarill\n|-damage|p2a: Azumarill|53\/274\n|-damage|p2a: Azumarill|8\/274\n|-hitcount|p2a: Azumarill|2\n|move|p2a: Azumarill|Play Rough|p1a: Kangaskhan\n|-damage|p1a: Kangaskhan|0 fnt\n|faint|p1a: Kangaskhan\n|\n|choice|switch 6|\n|\n|switch|p1a: Weavile|Weavile, L75, F|229\/229\n|turn|8\n|choice|move 1|move 1\n|\n|move|p1a: Weavile|Ice Shard|p2a: Azumarill\n|-resisted|p2a: Azumarill\n|-damage|p2a: Azumarill|0 fnt\n|faint|p2a: Azumarill\n|\n|choice||switch 4\n|\n|switch|p2a: Rhyperior|Rhyperior, L79, F|311\/311\n|turn|9\n|choice|switch 4|move 2\n|\n|switch|p1a: Chesnaught|Chesnaught, L77, M|262\/262\n|move|p2a: Rhyperior|Stealth Rock|p1a: Chesnaught\n|-sidestart|p1: Ohmboy Tesla|move: Stealth Rock\n|\n|turn|10\n|choice|move 2|switch 5\n|\n|switch|p2a: Altaria|Altaria, L75, M|236\/236\n|move|p1a: Chesnaught|Spikes|p2a: Altaria\n|-sidestart|p2: Cessa|Spikes\n|\n|turn|11\n|choice|move 1|move 3 mega\n|\n|detailschange|p2a: Altaria|Altaria-Mega, L75, M\n|-mega|p2a: Altaria|Altaria|Altarianite\n|move|p2a: Altaria|Dragon Dance|p2a: Altaria\n|-boost|p2a: Altaria|atk|1\n|-boost|p2a: Altaria|spe|1\n|move|p1a: Chesnaught|Leech Seed|p2a: Altaria|[miss]\n|-miss|p1a: Chesnaught|p2a: Altaria\n|\n|turn|12\n|choice|move 1|move 1\n|\n|move|p2a: Altaria|Return|p1a: Chesnaught\n|-supereffective|p1a: Chesnaught\n|-crit|p1a: Chesnaught\n|-damage|p1a: Chesnaught|0 fnt\n|faint|p1a: Chesnaught\n|\n|choice|switch 2|\n|\n|switch|p1a: Wormadam|Wormadam-Trash, L83, F|235\/235\n|-damage|p1a: Wormadam|206\/235|[from] Stealth Rock\n|turn|13\n|choice|move 4|move 2\n|\n|move|p2a: Altaria|Earthquake|p1a: Wormadam\n|-damage|p1a: Wormadam|119\/235\n|move|p1a: Wormadam|Gyro Ball|p2a: Altaria\n|-supereffective|p2a: Altaria\n|-damage|p2a: Altaria|92\/236\n|\n|-heal|p1a: Wormadam|133\/235|[from] item: Leftovers\n|turn|14\n|choice|move 3|move 2\n|\n|move|p2a: Altaria|Earthquake|p1a: Wormadam\n|-damage|p1a: Wormadam|45\/235\n|move|p1a: Wormadam|Toxic|p2a: Altaria\n|-status|p2a: Altaria|tox\n|\n|-heal|p1a: Wormadam|59\/235|[from] item: Leftovers\n|-damage|p2a: Altaria|78\/236 tox|[from] psn\n|turn|15\n|choice|move 2|move 4\n|\n|move|p1a: Wormadam|Protect|p1a: Wormadam\n|-singleturn|p1a: Wormadam|Protect\n|move|p2a: Altaria|Heal Bell|p2a: Altaria\n|-cureteam|p2a: Altaria|[from] move: Heal Bell\n|\n|-heal|p1a: Wormadam|73\/235|[from] item: Leftovers\n|turn|16\n|choice|move 4|move 2\n|\n|move|p2a: Altaria|Earthquake|p1a: Wormadam\n|-damage|p1a: Wormadam|0 fnt\n|faint|p1a: Wormadam\n|\n|choice|switch 4|\n|\n|switch|p1a: Weavile|Weavile, L75, F|229\/229\n|-damage|p1a: Weavile|172\/229|[from] Stealth Rock\n|turn|17\n|choice|move 1|move 1\n|\n|move|p1a: Weavile|Ice Shard|p2a: Altaria\n|-supereffective|p2a: Altaria\n|-damage|p2a: Altaria|0 fnt\n|faint|p2a: Altaria\n|\n|choice||switch 5\n|\n|switch|p2a: Rhyperior|Rhyperior, L79, F|311\/311\n|-damage|p2a: Rhyperior|273\/311|[from] Spikes\n|turn|18\n|choice|switch 3|move 3\n|\n|switch|p1a: Lilligant|Lilligant, L81, F|246\/246\n|-damage|p1a: Lilligant|216\/246|[from] Stealth Rock\n|move|p2a: Rhyperior|Rock Blast|p1a: Lilligant\n|-damage|p1a: Lilligant|177\/246\n|-damage|p1a: Lilligant|138\/246\n|-damage|p1a: Lilligant|99\/246\n|-damage|p1a: Lilligant|63\/246\n|-hitcount|p1a: Lilligant|4\n|\n|-heal|p1a: Lilligant|78\/246|[from] item: Leftovers\n|-heal|p2a: Rhyperior|292\/311|[from] item: Leftovers\n|turn|19\n|choice|move 2|move 4\n|\n|move|p1a: Lilligant|Sleep Powder|p2a: Rhyperior\n|-status|p2a: Rhyperior|slp\n|cant|p2a: Rhyperior|slp\n|\n|-heal|p1a: Lilligant|93\/246|[from] item: Leftovers\n|-heal|p2a: Rhyperior|311\/311 slp|[from] item: Leftovers\n|turn|20\n|choice|move 3|switch 2\n|\n|switch|p2a: Reshiram|Reshiram, L73|266\/266\n|-damage|p2a: Reshiram|233\/266|[from] Spikes\n|-ability|p2a: Reshiram|Turboblaze\n|move|p1a: Lilligant|Giga Drain|p2a: Reshiram\n|-resisted|p2a: Reshiram\n|-damage|p2a: Reshiram|214\/266\n|-heal|p1a: Lilligant|103\/246|[from] drain|[of] p2a: Reshiram\n|\n|-heal|p1a: Lilligant|118\/246|[from] item: Leftovers\n|-heal|p2a: Reshiram|230\/266|[from] item: Leftovers\n|turn|21\n|choice|move 4|move 3\n|\n|move|p1a: Lilligant|Healing Wish|p1a: Lilligant\n|faint|p1a: Lilligant\n|move|p2a: Reshiram|Blue Flare|p1: Lilligant|[notarget]\n|-notarget\n|\n|-heal|p2a: Reshiram|246\/266|[from] item: Leftovers\n|choice|switch 3|\n|\n|switch|p1a: Weavile|Weavile, L75, F|172\/229\n|-heal|p1a: Weavile|229\/229|[from] move: Healing Wish\n|-damage|p1a: Weavile|172\/229|[from] Stealth Rock\n|turn|22\n|choice|move 2|move 3\n|\n|move|p1a: Weavile|Icicle Crash|p2a: Reshiram\n|-damage|p2a: Reshiram|117\/266\n|move|p2a: Reshiram|Blue Flare|p1a: Weavile\n|-supereffective|p1a: Weavile\n|-damage|p1a: Weavile|0 fnt\n|faint|p1a: Weavile\n|\n|-heal|p2a: Reshiram|133\/266|[from] item: Leftovers\n|choice|switch 5|\n|\n|switch|p1a: Cacturne|Cacturne, L81, F|246\/246\n|-damage|p1a: Cacturne|216\/246|[from] Stealth Rock\n|turn|23\n|choice|move 2|move 3\n|\n|move|p1a: Cacturne|Sucker Punch|p2a: Reshiram\n|-damage|p2a: Reshiram|31\/266\n|move|p2a: Reshiram|Blue Flare|p1a: Cacturne\n|-supereffective|p1a: Cacturne\n|-damage|p1a: Cacturne|0 fnt\n|faint|p1a: Cacturne\n|\n|win|Cessa\n|player|p1\n|player|p2\n|raw|Ohmboy Tesla's rating: 1191 &rarr; <strong>1166<\/strong><br \/>(-25 for losing)\n|raw|Cessa's rating: 1194 &rarr; <strong>1219<\/strong><br \/>(+25 for winning)","inputlog":null,"uploadtime":1455634155,"views":2,"p1id":"ohmboytesla","p2id":"cessa","formatid":"randombattle","rating":1166,"private":0,"password":null}