{"id":"randombattle-213274483","p1":"TI","p2":"Amphinobite","format":"randombattle","log":"|join|TI\n|join|Amphinobite\n|player|p1|TI|253\n|player|p2|Amphinobite|169\n|gametype|singles\n|gen|6\n|tier|Random Battle\n|rated\n|rule|Sleep Clause Mod: Limit one foe put to sleep\n|rule|HP Percentage Mod: HP is shown in percentages\n|\n|start\n|switch|p1a: Pangoro|Pangoro, L82, F|290\/290\n|switch|p2a: Wormadam|Wormadam, L88, F|249\/249\n|-ability|p1a: Pangoro|Mold Breaker\n|turn|1\n|\n|move|p1a: Pangoro|Knock Off|p2a: Wormadam\n|-damage|p2a: Wormadam|131\/249\n|-enditem|p2a: Wormadam|Leftovers|[from] move: Knock Off|[of] p1a: Pangoro\n|move|p2a: Wormadam|Toxic|p1a: Pangoro\n|-status|p1a: Pangoro|tox\n|\n|-damage|p1a: Pangoro|272\/290 tox|[from] psn\n|turn|2\n|\n|move|p1a: Pangoro|Gunk Shot|p2a: Wormadam\n|-supereffective|p2a: Wormadam\n|-damage|p2a: Wormadam|0 fnt\n|faint|p2a: Wormadam\n|\n|-heal|p1a: Pangoro|290\/290 tox|[from] item: Leftovers\n|-damage|p1a: Pangoro|254\/290 tox|[from] psn\n|\n|switch|p2a: Camerupt|Camerupt, L86, M|261\/261\n|turn|3\n|\n|move|p1a: Pangoro|Parting Shot|p2a: Camerupt\n|-unboost|p2a: Camerupt|atk|1\n|-unboost|p2a: Camerupt|spa|1\n|\n|switch|p1a: Camerupt|Camerupt, L86, M|261\/261\n|move|p2a: Camerupt|Stealth Rock|p1a: Camerupt\n|-sidestart|p1: TI|move: Stealth Rock\n|\n|turn|4\n|\n|switch|p2a: Slowking|Slowking, L82, F|290\/290\n|move|p1a: Camerupt|Stealth Rock|p2a: Slowking\n|-sidestart|p2: Amphinobite|move: Stealth Rock\n|\n|turn|5\n|\n|switch|p1a: Pangoro|Pangoro, L82, F|254\/290 tox\n|-damage|p1a: Pangoro|236\/290 tox|[from] Stealth Rock\n|-ability|p1a: Pangoro|Mold Breaker\n|move|p2a: Slowking|Ice Beam|p1a: Pangoro\n|-damage|p1a: Pangoro|168\/290 tox\n|\n|-heal|p1a: Pangoro|186\/290 tox|[from] item: Leftovers\n|-damage|p1a: Pangoro|168\/290 tox|[from] psn\n|turn|6\n|\n|switch|p2a: Torkoal|Torkoal, L88, F|266\/266\n|-damage|p2a: Torkoal|200\/266|[from] Stealth Rock\n|move|p1a: Pangoro|Knock Off|p2a: Torkoal\n|-damage|p2a: Torkoal|125\/266\n|-enditem|p2a: Torkoal|Leftovers|[from] move: Knock Off|[of] p1a: Pangoro\n|\n|-heal|p1a: Pangoro|186\/290 tox|[from] item: Leftovers\n|-damage|p1a: Pangoro|150\/290 tox|[from] psn\n|turn|7\n|\n|move|p1a: Pangoro|Superpower|p2a: Torkoal\n|-damage|p2a: Torkoal|25\/266\n|-unboost|p1a: Pangoro|atk|1\n|-unboost|p1a: Pangoro|def|1\n|move|p2a: Torkoal|Rapid Spin|p1a: Pangoro\n|-damage|p1a: Pangoro|127\/290 tox\n|-sideend|p2: Amphinobite|Stealth Rock|[from] move: Rapid Spin|[of] p2a: Torkoal\n|\n|-heal|p1a: Pangoro|145\/290 tox|[from] item: Leftovers\n|-damage|p1a: Pangoro|91\/290 tox|[from] psn\n|turn|8\n|\n|move|p1a: Pangoro|Knock Off|p2a: Torkoal\n|-crit|p2a: Torkoal\n|-damage|p2a: Torkoal|0 fnt\n|faint|p2a: Torkoal\n|\n|-heal|p1a: Pangoro|109\/290 tox|[from] item: Leftovers\n|-damage|p1a: Pangoro|37\/290 tox|[from] psn\n|\n|switch|p2a: Liepard|Liepard, L86, F|250\/250\n|turn|9\n|\n|move|p2a: Liepard|U-turn|p1a: Pangoro\n|-damage|p1a: Pangoro|0 fnt\n|faint|p1a: Pangoro\n|\n|switch|p2a: Camerupt|Camerupt, L86, M|261\/261\n|\n|\n|switch|p1a: Camerupt|Camerupt, L86, M|261\/261\n|-damage|p1a: Camerupt|229\/261|[from] Stealth Rock\n|turn|10\n|\n|detailschange|p2a: Camerupt|Camerupt-Mega, L86, M\n|-mega|p2a: Camerupt|Camerupt|Cameruptite\n|move|p2a: Camerupt|Earth Power|p1a: Camerupt\n|-supereffective|p1a: Camerupt\n|-damage|p1a: Camerupt|0 fnt\n|faint|p1a: Camerupt\n|\n|\n|switch|p1a: Wobbuffet|Wobbuffet, L88, F|478\/478\n|-damage|p1a: Wobbuffet|419\/478|[from] Stealth Rock\n|turn|11\n|\n|move|p1a: Wobbuffet|Encore|p2a: Camerupt\n|-start|p2a: Camerupt|Encore\n|move|p2a: Camerupt|Earth Power|p1a: Wobbuffet\n|-damage|p1a: Wobbuffet|169\/478\n|\n|-heal|p1a: Wobbuffet|198\/478|[from] item: Leftovers\n|turn|12\n|\n|move|p1a: Wobbuffet|Destiny Bond|p1a: Wobbuffet\n|-singlemove|p1a: Wobbuffet|Destiny Bond\n|move|p2a: Camerupt|Earth Power|p1a: Wobbuffet\n|-damage|p1a: Wobbuffet|0 fnt\n|faint|p1a: Wobbuffet\n|-activate|p1a: Wobbuffet|Destiny Bond\n|faint|p2a: Camerupt\n|\n|\n|switch|p2a: Liepard|Liepard, L86, F|250\/250\n|switch|p1a: Druddigon|Druddigon, L82, F|260\/260\n|-damage|p1a: Druddigon|228\/260|[from] Stealth Rock\n|turn|13\n|\n|move|p2a: Liepard|Knock Off|p1a: Druddigon\n|-damage|p1a: Druddigon|131\/260\n|-enditem|p1a: Druddigon|Life Orb|[from] move: Knock Off|[of] p2a: Liepard\n|move|p1a: Druddigon|Fire Punch|p2a: Liepard\n|-damage|p2a: Liepard|144\/250\n|\n|-heal|p2a: Liepard|159\/250|[from] item: Leftovers\n|turn|14\n|\n|move|p2a: Liepard|Sucker Punch|p1a: Druddigon\n|-damage|p1a: Druddigon|55\/260\n|move|p1a: Druddigon|Fire Punch|p2a: Liepard\n|-damage|p2a: Liepard|50\/250\n|\n|-heal|p2a: Liepard|65\/250|[from] item: Leftovers\n|turn|15\n|\n|move|p2a: Liepard|Sucker Punch|p1a: Druddigon\n|-damage|p1a: Druddigon|0 fnt\n|faint|p1a: Druddigon\n|\n|-heal|p2a: Liepard|80\/250|[from] item: Leftovers\n|\n|switch|p1a: Rotom-Fan|Rotom-Fan, L88|231\/231\n|-damage|p1a: Rotom-Fan|174\/231|[from] Stealth Rock\n|-item|p1a: Rotom-Fan|Air Balloon\n|turn|16\n|\n|move|p2a: Liepard|Knock Off|p1a: Rotom-Fan\n|-damage|p1a: Rotom-Fan|87\/231\n|-enditem|p1a: Rotom-Fan|Air Balloon\n|move|p1a: Rotom-Fan|Thunderbolt|p2a: Liepard\n|-damage|p2a: Liepard|0 fnt\n|faint|p2a: Liepard\n|\n|\n|switch|p2a: Mienshao|Mienshao, L78, M|229\/229\n|turn|17\n|\n|switch|p1a: Lugia|Lugia, L70|264\/264\n|-damage|p1a: Lugia|198\/264|[from] Stealth Rock\n|move|p2a: Mienshao|Stone Edge|p1a: Lugia\n|-supereffective|p1a: Lugia\n|-damage|p1a: Lugia|64\/264\n|\n|-heal|p1a: Lugia|80\/264|[from] item: Leftovers\n|turn|18\n|\n|switch|p2a: Slowking|Slowking, L82, F|290\/290\n|move|p1a: Lugia|Roost|p1a: Lugia\n|-heal|p1a: Lugia|212\/264\n|\n|-heal|p1a: Lugia|228\/264|[from] item: Leftovers\n|turn|19\n|\n|move|p1a: Lugia|Substitute|p1a: Lugia\n|-start|p1a: Lugia|Substitute\n|-damage|p1a: Lugia|162\/264\n|move|p2a: Slowking|Thunder Wave|p1a: Lugia\n|\n|-heal|p1a: Lugia|178\/264|[from] item: Leftovers\n|turn|20\n|\n|move|p1a: Lugia|Roost|p1a: Lugia\n|-heal|p1a: Lugia|264\/264\n|move|p2a: Slowking|Ice Beam|p1a: Lugia\n|-activate|p1a: Lugia|Substitute|[damage]\n|\n|turn|21\n|\n|move|p2a: Slowking|Ice Beam|p1a: Lugia\n|-supereffective|p1a: Lugia\n|-end|p1a: Lugia|Substitute\n|move|p1a: Lugia|Whirlwind|p2a: Slowking\n|drag|p2a: Mienshao|Mienshao, L78, M|229\/229\n|\n|turn|22\n|\n|move|p2a: Mienshao|Stone Edge|p1a: Lugia\n|-supereffective|p1a: Lugia\n|-damage|p1a: Lugia|200\/264\n|move|p1a: Lugia|Aeroblast|p2a: Mienshao\n|-supereffective|p2a: Mienshao\n|-damage|p2a: Mienshao|17\/229\n|\n|-heal|p2a: Mienshao|31\/229|[from] item: Leftovers\n|-heal|p1a: Lugia|216\/264|[from] item: Leftovers\n|turn|23\n|c|\u2605Amphinobite|!dt Aeroblast\n|c|~|\/data-move Aeroblast\n|raw|<font size=\"1\"><font color=#585858>Priority:<\/font> 0&nbsp;|&ThickSpace;<font color=#585858><font color=black>&#10003; Blocked by Protect<\/font><\/font>&nbsp;|&ThickSpace;<font color=#585858>Target:<\/font> Any Pokemon<\/font>\n|\n|switch|p2a: Slowking|Slowking, L82, F|290\/290\n|switch|p1a: Rotom-Fan|Rotom-Fan, L88|87\/231\n|-damage|p1a: Rotom-Fan|30\/231|[from] Stealth Rock\n|\n|turn|24\n|\n|move|p1a: Rotom-Fan|Pain Split|p2a: Slowking\n|-sethp|p2a: Slowking|160\/290|p1a: Rotom-Fan|160\/231|[from] move: Pain Split\n|move|p2a: Slowking|Ice Beam|p1a: Rotom-Fan\n|-supereffective|p1a: Rotom-Fan\n|-damage|p1a: Rotom-Fan|62\/231\n|\n|-heal|p2a: Slowking|178\/290|[from] item: Leftovers\n|turn|25\n|\n|move|p1a: Rotom-Fan|Thunderbolt|p2a: Slowking\n|-supereffective|p2a: Slowking\n|-damage|p2a: Slowking|0 fnt\n|faint|p2a: Slowking\n|\n|\n|switch|p2a: Mienshao|Mienshao, L78, M|107\/229\n|turn|26\n|\n|move|p2a: Mienshao|Stone Edge|p1a: Rotom-Fan\n|-supereffective|p1a: Rotom-Fan\n|-damage|p1a: Rotom-Fan|0 fnt\n|faint|p1a: Rotom-Fan\n|\n|-heal|p2a: Mienshao|121\/229|[from] item: Leftovers\n|\n|switch|p1a: Lugia|Lugia, L70|216\/264\n|-damage|p1a: Lugia|150\/264|[from] Stealth Rock\n|turn|27\n|\n|move|p2a: Mienshao|Stone Edge|p1a: Lugia\n|-supereffective|p1a: Lugia\n|-damage|p1a: Lugia|20\/264\n|move|p1a: Lugia|Aeroblast|p2a: Mienshao\n|-supereffective|p2a: Mienshao\n|-damage|p2a: Mienshao|0 fnt\n|faint|p2a: Mienshao\n|\n|win|TI\n|raw|Ladder updating...\n|c|\u2605TI|good game\n|raw|TI's rating: 1872 &rarr; <strong>1896<\/strong><br \/>(+24 for winning)\n|raw|Amphinobite's rating: 1930 &rarr; <strong>1907<\/strong><br \/>(-23 for losing)\n|c|\u2605Amphinobite|gg","inputlog":null,"uploadtime":1424726348,"views":39,"p1id":"ti","p2id":"amphinobite","formatid":"randombattle","rating":1896,"private":0,"password":null}