{"id":"randombattle-387505239","p1":"WakaTaka","p2":"therockcena","format":"randombattle","log":"|j|WakaTaka\n|j|therockcena\n|player|p1|WakaTaka|256\n|player|p2|therockcena|170\n|gametype|singles\n|gen|6\n|tier|Random Battle\n|rated\n|seed|56568,4329,62478,28270,38411,37543,30672,38924,55309,44750,30114,50659\n|rule|Sleep Clause Mod: Limit one foe put to sleep\n|rule|HP Percentage Mod: HP is shown in percentages\n|\n|start\n|switch|p1a: Salamence|Salamence, L73, F|259\/259\n|switch|p2a: Octillery|Octillery, L83, M|260\/260\n|turn|1\n|choice|switch 5|move icebeam 0\n|\n|switch|p1a: Lilligant|Lilligant, L81, F|246\/246\n|move|p2a: Octillery|Ice Beam|p1a: Lilligant\n|-supereffective|p1a: Lilligant\n|-damage|p1a: Lilligant|56\/246\n|\n|-heal|p1a: Lilligant|71\/246|[from] item: Leftovers\n|turn|2\n|choice|move sleeppowder 0|switch 2\n|\n|switch|p2a: Glaceon|Glaceon, L83, F|243\/243\n|move|p1a: Lilligant|Sleep Powder|p2a: Glaceon\n|-status|p2a: Glaceon|slp\n|\n|-heal|p1a: Lilligant|86\/246|[from] item: Leftovers\n|turn|3\n|choice|move quiverdance 0|move icebeam 0\n|\n|move|p1a: Lilligant|Quiver Dance|p1a: Lilligant\n|-boost|p1a: Lilligant|spa|1\n|-boost|p1a: Lilligant|spd|1\n|-boost|p1a: Lilligant|spe|1\n|cant|p2a: Glaceon|slp\n|\n|-heal|p1a: Lilligant|101\/246|[from] item: Leftovers\n|turn|4\n|choice|move hiddenpower 0|switch 5\n|\n|switch|p2a: Typhlosion|Typhlosion, L79, F|253\/253\n|move|p1a: Lilligant|Hidden Power|p2a: Typhlosion\n|-start|p2a: Typhlosion|ability: Flash Fire\n|\n|-heal|p1a: Lilligant|116\/246|[from] item: Leftovers\n|turn|5\n|choice|move quiverdance 0|move eruption 0\n|\n|move|p2a: Typhlosion|Eruption|p1a: Lilligant\n|-supereffective|p1a: Lilligant\n|-damage|p1a: Lilligant|0 fnt\n|faint|p1a: Lilligant\n|\n|choice|switch 6|\n|\n|switch|p1a: Kyogre|Kyogre, L73|266\/266\n|detailschange|p1a: Kyogre|Kyogre-Primal, L73\n|-primal|p1a: Kyogre\n|-weather|PrimordialSea|[from] ability: Primordial Sea|[of] p1a: Kyogre\n|turn|6\n|choice|move originpulse 0|move eruption 0\n|\n|move|p2a: Typhlosion|Eruption|p1a: Kyogre\n|-fail|p1a: Kyogre|Eruption|[from] Primordial Sea\n|move|p1a: Kyogre|Origin Pulse|p2a: Typhlosion|[miss]\n|-miss|p1a: Kyogre|p2a: Typhlosion\n|\n|-weather|PrimordialSea|[upkeep]\n|turn|7\n|choice|move originpulse 0|switch 5\n|\n|-end|p2a: Typhlosion|ability: Flash Fire|[silent]\n|switch|p2a: Glaceon|Glaceon, L83, F|243\/243 slp\n|move|p1a: Kyogre|Origin Pulse|p2a: Glaceon\n|-damage|p2a: Glaceon|38\/243 slp\n|\n|-weather|PrimordialSea|[upkeep]\n|-heal|p2a: Glaceon|53\/243 slp|[from] item: Leftovers\n|turn|8\n|choice|move calmmind 0|move toxic 0\n|\n|move|p1a: Kyogre|Calm Mind|p1a: Kyogre\n|-boost|p1a: Kyogre|spa|1\n|-boost|p1a: Kyogre|spd|1\n|-curestatus|p2a: Glaceon|slp\n|move|p2a: Glaceon|Toxic|p1a: Kyogre\n|-status|p1a: Kyogre|tox\n|\n|-weather|PrimordialSea|[upkeep]\n|-heal|p2a: Glaceon|68\/243|[from] item: Leftovers\n|-damage|p1a: Kyogre|250\/266 tox|[from] psn\n|turn|9\n|choice|move rest 0|move icebeam 0\n|\n|move|p1a: Kyogre|Rest|p1a: Kyogre\n|-status|p1a: Kyogre|slp\n|-heal|p1a: Kyogre|266\/266 slp|[silent]\n|-status|p1a: Kyogre|slp|[from] move: Rest\n|move|p2a: Glaceon|Ice Beam|p1a: Kyogre\n|-resisted|p1a: Kyogre\n|-damage|p1a: Kyogre|237\/266 slp\n|\n|-weather|PrimordialSea|[upkeep]\n|-heal|p2a: Glaceon|83\/243|[from] item: Leftovers\n|turn|10\n|choice|move sleeptalk 0|switch 3\n|\n|switch|p2a: Azelf|Azelf, L77|242\/242\n|cant|p1a: Kyogre|slp\n|move|p1a: Kyogre|Sleep Talk|p1a: Kyogre\n|move|p1a: Kyogre|Origin Pulse|p2a: Azelf|[from]Sleep Talk\n|-damage|p2a: Azelf|0 fnt\n|faint|p2a: Azelf\n|\n|-weather|PrimordialSea|[upkeep]\n|choice||switch 4\n|\n|switch|p2a: Porygon2|Porygon2, L77|257\/257\n|-ability|p2a: Porygon2|Download|boost\n|-boost|p2a: Porygon2|atk|1\n|turn|11\n|choice|move sleeptalk 0|move thunderbolt 0\n|\n|cant|p1a: Kyogre|slp\n|move|p1a: Kyogre|Sleep Talk|p1a: Kyogre\n|move|p1a: Kyogre|Rest|p1a: Kyogre|[from]Sleep Talk\n|-fail|p1a: Kyogre\n|move|p2a: Porygon2|Thunderbolt|p1a: Kyogre\n|-supereffective|p1a: Kyogre\n|-damage|p1a: Kyogre|183\/266 slp\n|\n|-weather|PrimordialSea|[upkeep]\n|turn|12\n|choice|move calmmind 0|move thunderbolt 0\n|\n|-curestatus|p1a: Kyogre|slp\n|move|p1a: Kyogre|Calm Mind|p1a: Kyogre\n|-boost|p1a: Kyogre|spa|1\n|-boost|p1a: Kyogre|spd|1\n|move|p2a: Porygon2|Thunderbolt|p1a: Kyogre\n|-supereffective|p1a: Kyogre\n|-damage|p1a: Kyogre|139\/266\n|\n|-weather|PrimordialSea|[upkeep]\n|turn|13\n|choice|move calmmind 0|move thunderbolt 0\n|\n|move|p1a: Kyogre|Calm Mind|p1a: Kyogre\n|-boost|p1a: Kyogre|spa|1\n|-boost|p1a: Kyogre|spd|1\n|move|p2a: Porygon2|Thunderbolt|p1a: Kyogre\n|-supereffective|p1a: Kyogre\n|-damage|p1a: Kyogre|105\/266\n|\n|-weather|PrimordialSea|[upkeep]\n|turn|14\n|choice|move rest 0|move thunderbolt 0\n|\n|move|p1a: Kyogre|Rest|p1a: Kyogre\n|-status|p1a: Kyogre|slp\n|-heal|p1a: Kyogre|266\/266 slp|[silent]\n|-status|p1a: Kyogre|slp|[from] move: Rest\n|move|p2a: Porygon2|Thunderbolt|p1a: Kyogre\n|-supereffective|p1a: Kyogre\n|-damage|p1a: Kyogre|234\/266 slp\n|\n|-weather|PrimordialSea|[upkeep]\n|turn|15\n|choice|move sleeptalk 0|switch 6\n|\n|switch|p2a: Forretress|Forretress, L77, F|242\/242\n|cant|p1a: Kyogre|slp\n|move|p1a: Kyogre|Sleep Talk|p1a: Kyogre\n|move|p1a: Kyogre|Origin Pulse|p2a: Forretress|[from]Sleep Talk\n|-damage|p2a: Forretress|0 fnt\n|faint|p2a: Forretress\n|\n|-weather|PrimordialSea|[upkeep]\n|-message|therockcena forfeited.\n|\n|win|WakaTaka\n|player|p1\n|player|p2\n|l|therockcena","inputlog":null,"uploadtime":1466127060,"views":0,"p1id":"wakataka","p2id":"therockcena","formatid":"randombattle","rating":0,"private":0,"password":null}