{"id":"randombattle-291412204","p1":"andrewthor","p2":"Ohmboy Tesla","format":"randombattle","log":"|join|andrewthor\n|join|Ohmboy Tesla\n|player|p1|andrewthor|169\n|player|p2|Ohmboy Tesla|136\n|gametype|singles\n|gen|6\n|tier|Random Battle\n|rated\n|seed|47940,19547,58527,52051\n|rule|Sleep Clause Mod: Limit one foe put to sleep\n|rule|HP Percentage Mod: HP is shown in percentages\n|\n|start\n|switch|p1a: Heracross|Heracross, L76, M|247\/247\n|switch|p2a: Chesnaught|Chesnaught, L77, F|262\/262\n|turn|1\n|choice|move 1|move 2\n|\n|move|p1a: Heracross|Substitute|p1a: Heracross\n|-start|p1a: Heracross|Substitute\n|-damage|p1a: Heracross|186\/247\n|move|p2a: Chesnaught|Leech Seed|p1a: Heracross\n|-fail|p1a: Heracross\n|\n|turn|2\n|choice|move 4|move 1\n|\n|move|p1a: Heracross|Pin Missile|p2a: Chesnaught\n|-damage|p2a: Chesnaught|240\/262\n|-damage|p2a: Chesnaught|216\/262\n|-hitcount|p2a: Chesnaught|2\n|move|p2a: Chesnaught|Drain Punch|p1a: Heracross\n|-resisted|p1a: Heracross\n|-activate|p1a: Heracross|Substitute|[damage]\n|-heal|p2a: Chesnaught|240\/262|[from] drain|[of] p1a: Heracross\n|\n|-heal|p2a: Chesnaught|256\/262|[from] item: Leftovers\n|turn|3\n|choice|switch 3|move 1\n|\n|switch|p1a: Gengar|Gengar, L75, M|214\/214\n|move|p2a: Chesnaught|Drain Punch|p1a: Gengar\n|-immune|p1a: Gengar|[msg]\n|\n|-heal|p2a: Chesnaught|262\/262|[from] item: Leftovers\n|turn|4\n|choice|move 2|switch 3\n|\n|switch|p2a: Latias|Latias, L75, F|244\/244\n|move|p1a: Gengar|Substitute|p1a: Gengar\n|-start|p1a: Gengar|Substitute\n|-damage|p1a: Gengar|161\/214\n|\n|-heal|p1a: Gengar|174\/214|[from] item: Black Sludge\n|turn|5\n|choice|move 4|move 1 mega\n|\n|detailschange|p2a: Latias|Latias-Mega, L75, F\n|-mega|p2a: Latias|Latias|Latiasite\n|move|p1a: Gengar|Sludge Wave|p2a: Latias\n|-crit|p2a: Latias\n|-damage|p2a: Latias|118\/244\n|move|p2a: Latias|Calm Mind|p2a: Latias\n|-boost|p2a: Latias|spa|1\n|-boost|p2a: Latias|spd|1\n|\n|-heal|p1a: Gengar|187\/214|[from] item: Black Sludge\n|turn|6\n|choice|move 4|move 4\n|\n|move|p1a: Gengar|Sludge Wave|p2a: Latias\n|-damage|p2a: Latias|63\/244\n|-status|p2a: Latias|psn\n|move|p2a: Latias|Psyshock|p1a: Gengar\n|-supereffective|p1a: Gengar\n|-end|p1a: Gengar|Substitute\n|\n|-heal|p1a: Gengar|200\/214|[from] item: Black Sludge\n|-damage|p2a: Latias|33\/244 psn|[from] psn\n|turn|7\n|choice|move 2|move 4\n|\n|move|p1a: Gengar|Substitute|p1a: Gengar\n|-start|p1a: Gengar|Substitute\n|-damage|p1a: Gengar|147\/214\n|move|p2a: Latias|Psyshock|p1a: Gengar\n|-supereffective|p1a: Gengar\n|-end|p1a: Gengar|Substitute\n|\n|-heal|p1a: Gengar|160\/214|[from] item: Black Sludge\n|-damage|p2a: Latias|3\/244 psn|[from] psn\n|turn|8\n|choice|move 4|move 4\n|\n|move|p1a: Gengar|Sludge Wave|p2a: Latias\n|-damage|p2a: Latias|0 fnt\n|faint|p2a: Latias\n|\n|-heal|p1a: Gengar|173\/214|[from] item: Black Sludge\n|choice||switch 5\n|\n|switch|p2a: Yveltal|Yveltal, L73|304\/304\n|-ability|p2a: Yveltal|Dark Aura\n|turn|9\n|choice|switch 6|move 4\n|\n|switch|p1a: Cobalion|Cobalion, L77|267\/267\n|-item|p1a: Cobalion|Air Balloon\n|move|p2a: Yveltal|Taunt|p1a: Cobalion\n|-start|p1a: Cobalion|move: Taunt\n|\n|turn|10\n|choice|move 4|switch 4\n|\n|switch|p2a: Rotom-Frost|Rotom-Frost, L83|219\/219\n|move|p1a: Cobalion|Iron Head|p2a: Rotom-Frost\n|-damage|p2a: Rotom-Frost|161\/219\n|\n|-heal|p2a: Rotom-Frost|174\/219|[from] item: Leftovers\n|turn|11\n|choice|switch 2|move 4\n|\n|switch|p1a: Bouffalant|Bouffalant, L83, M|293\/293\n|move|p2a: Rotom-Frost|Will-O-Wisp|p1a: Bouffalant\n|-status|p1a: Bouffalant|brn\n|\n|-heal|p2a: Rotom-Frost|187\/219|[from] item: Leftovers\n|-damage|p1a: Bouffalant|257\/293 brn|[from] brn\n|turn|12\n|choice|move 4|move 3\n|\n|move|p2a: Rotom-Frost|Volt Switch|p1a: Bouffalant\n|-damage|p1a: Bouffalant|179\/293 brn\n|choice||switch 6\n|\n|switch|p2a: Dialga|Dialga, L73|266\/266\n|-ability|p2a: Dialga|Pressure\n|-item|p2a: Dialga|Air Balloon\n|move|p1a: Bouffalant|Head Charge|p2a: Dialga\n|-resisted|p2a: Dialga\n|-damage|p2a: Dialga|221\/266\n|-enditem|p2a: Dialga|Air Balloon\n|-damage|p1a: Bouffalant|168\/293 brn|[from] recoil|[of] p2a: Dialga\n|\n|-damage|p1a: Bouffalant|132\/293 brn|[from] brn\n|turn|13\n|choice|switch 5|move 1\n|\n|switch|p1a: Sawsbuck|Sawsbuck, L83, F|268\/268\n|move|p2a: Dialga|Stealth Rock|p1a: Sawsbuck\n|-sidestart|p1: andrewthor|move: Stealth Rock\n|\n|turn|14\n|choice|move 1|switch 2\n|\n|switch|p2a: Granbull|Granbull, L79, F|272\/272\n|-ability|p2a: Granbull|Intimidate\n|-unboost|p1a: Sawsbuck|atk|1\n|move|p1a: Sawsbuck|Substitute|p1a: Sawsbuck\n|-start|p1a: Sawsbuck|Substitute\n|-damage|p1a: Sawsbuck|201\/268\n|\n|-heal|p1a: Sawsbuck|217\/268|[from] item: Leftovers\n|turn|15\n|choice|move 3|move 2\n|\n|move|p1a: Sawsbuck|Baton Pass|p1a: Sawsbuck\n|choice|switch 6|\n|\n|switch|p1a: Gengar|Gengar, L75, M|173\/214\n|-damage|p1a: Gengar|147\/214|[from] Stealth Rock\n|move|p2a: Granbull|Play Rough|p1a: Gengar\n|-resisted|p1a: Gengar\n|-end|p1a: Gengar|Substitute\n|-damage|p2a: Granbull|245\/272|[from] item: Life Orb\n|\n|-heal|p1a: Gengar|160\/214|[from] item: Black Sludge\n|turn|16\n|choice|move 2|move 3\n|\n|move|p1a: Gengar|Substitute|p1a: Gengar\n|-start|p1a: Gengar|Substitute\n|-damage|p1a: Gengar|107\/214\n|move|p2a: Granbull|Crunch|p1a: Gengar\n|-supereffective|p1a: Gengar\n|-end|p1a: Gengar|Substitute\n|-damage|p2a: Granbull|218\/272|[from] item: Life Orb\n|\n|-heal|p1a: Gengar|120\/214|[from] item: Black Sludge\n|turn|17\n|choice|move 4|switch 2\n|\n|switch|p2a: Dialga|Dialga, L73|221\/266\n|-ability|p2a: Dialga|Pressure\n|move|p1a: Gengar|Sludge Wave|p2a: Dialga\n|-immune|p2a: Dialga|[msg]\n|\n|-heal|p1a: Gengar|133\/214|[from] item: Black Sludge\n|turn|18\n|choice|move 1|move 2\n|\n|move|p1a: Gengar|Focus Blast|p2a: Dialga\n|-supereffective|p2a: Dialga\n|-damage|p2a: Dialga|45\/266\n|move|p2a: Dialga|Roar|p1a: Gengar\n|drag|p1a: Bouffalant|Bouffalant, L83, M|132\/293 brn\n|-damage|p1a: Bouffalant|96\/293 brn|[from] Stealth Rock\n|\n|-damage|p1a: Bouffalant|60\/293 brn|[from] brn\n|turn|19\n|choice|move 2|move 3\n|\n|move|p2a: Dialga|Thunderbolt|p1a: Bouffalant\n|-damage|p1a: Bouffalant|0 fnt\n|faint|p1a: Bouffalant\n|\n|choice|switch 6|\n|\n|switch|p1a: Sawsbuck|Sawsbuck, L83, F|217\/268\n|-damage|p1a: Sawsbuck|184\/268|[from] Stealth Rock\n|turn|20\n|choice|move 2|move 4\n|\n|move|p1a: Sawsbuck|Jump Kick|p2a: Dialga\n|-supereffective|p2a: Dialga\n|-damage|p2a: Dialga|0 fnt\n|faint|p2a: Dialga\n|\n|-heal|p1a: Sawsbuck|200\/268|[from] item: Leftovers\n|choice||switch 3\n|\n|switch|p2a: Chesnaught|Chesnaught, L77, F|262\/262\n|turn|21\n|choice|move 1|move 2\n|\n|move|p1a: Sawsbuck|Substitute|p1a: Sawsbuck\n|-start|p1a: Sawsbuck|Substitute\n|-damage|p1a: Sawsbuck|133\/268\n|move|p2a: Chesnaught|Leech Seed|p1a: Sawsbuck\n|-activate|p1a: Sawsbuck|ability: Sap Sipper\n|-boost|p1a: Sawsbuck|atk|1|[from] ability: Sap Sipper\n|\n|-heal|p1a: Sawsbuck|149\/268|[from] item: Leftovers\n|turn|22\n|choice|move 3|move 1\n|\n|move|p1a: Sawsbuck|Baton Pass|p1a: Sawsbuck\n|choice|switch 5|\n|\n|switch|p1a: Gengar|Gengar, L75, M|133\/214\n|-damage|p1a: Gengar|107\/214|[from] Stealth Rock\n|move|p2a: Chesnaught|Drain Punch|p1a: Gengar\n|-immune|p1a: Gengar|[msg]\n|\n|-heal|p1a: Gengar|120\/214|[from] item: Black Sludge\n|turn|23\n|choice|move 3|switch 2\n|\n|switch|p2a: Granbull|Granbull, L79, F|218\/272\n|-ability|p2a: Granbull|Intimidate\n|-activate|p1a: Gengar|Substitute|ability: Intimidate|[of] p2a: Granbull\n|move|p1a: Gengar|Pain Split|p2a: Granbull\n|-sethp|p2a: Granbull|169\/272|p1a: Gengar|169\/214|[from] move: Pain Split\n|\n|-heal|p1a: Gengar|182\/214|[from] item: Black Sludge\n|turn|24\n|choice|move 4|move 3\n|\n|move|p1a: Gengar|Sludge Wave|p2a: Granbull\n|-supereffective|p2a: Granbull\n|-damage|p2a: Granbull|0 fnt\n|faint|p2a: Granbull\n|\n|-heal|p1a: Gengar|195\/214|[from] item: Black Sludge\n|choice||switch 6\n|\n|switch|p2a: Rotom-Frost|Rotom-Frost, L83|187\/219\n|turn|25\n|choice|move 4|move 3\n|\n|move|p1a: Gengar|Sludge Wave|p2a: Rotom-Frost\n|-damage|p2a: Rotom-Frost|103\/219\n|move|p2a: Rotom-Frost|Volt Switch|p1a: Gengar\n|-end|p1a: Gengar|Substitute\n|choice||switch 4\n|\n|switch|p2a: Yveltal|Yveltal, L73|304\/304\n|-ability|p2a: Yveltal|Dark Aura\n|\n|-heal|p1a: Gengar|208\/214|[from] item: Black Sludge\n|turn|26\n|choice|switch 2|move 4\n|\n|switch|p1a: Cobalion|Cobalion, L77|267\/267\n|-damage|p1a: Cobalion|259\/267|[from] Stealth Rock\n|-item|p1a: Cobalion|Air Balloon\n|move|p2a: Yveltal|Taunt|p1a: Cobalion\n|-start|p1a: Cobalion|move: Taunt\n|\n|turn|27\n|choice|move 1|switch 2\n|\n|switch|p2a: Chesnaught|Chesnaught, L77, F|262\/262\n|move|p1a: Cobalion|Hidden Power|p2a: Chesnaught\n|-supereffective|p2a: Chesnaught\n|-damage|p2a: Chesnaught|178\/262\n|\n|-heal|p2a: Chesnaught|194\/262|[from] item: Leftovers\n|turn|28\n|choice|move 4|move 2\n|\n|move|p1a: Cobalion|Iron Head|p2a: Chesnaught\n|-damage|p2a: Chesnaught|142\/262\n|move|p2a: Chesnaught|Leech Seed|p1a: Cobalion\n|-start|p1a: Cobalion|move: Leech Seed\n|\n|-heal|p2a: Chesnaught|158\/262|[from] item: Leftovers\n|-damage|p1a: Cobalion|226\/267|[from] Leech Seed|[of] p2a: Chesnaught\n|-heal|p2a: Chesnaught|191\/262|[silent]\n|-end|p1a: Cobalion|move: Taunt\n|turn|29\n|choice|switch 2|switch 2\n|\n|switch|p1a: Gengar|Gengar, L75, M|208\/214\n|-damage|p1a: Gengar|182\/214|[from] Stealth Rock\n|switch|p2a: Yveltal|Yveltal, L73|304\/304\n|-ability|p2a: Yveltal|Dark Aura\n|\n|-heal|p1a: Gengar|195\/214|[from] item: Black Sludge\n|turn|30\n|choice|switch 2|move 2\n|\n|switch|p1a: Cobalion|Cobalion, L77|226\/267\n|-damage|p1a: Cobalion|218\/267|[from] Stealth Rock\n|-item|p1a: Cobalion|Air Balloon\n|move|p2a: Yveltal|Dark Pulse|p1a: Cobalion\n|-resisted|p1a: Cobalion\n|-damage|p1a: Cobalion|145\/267\n|-activate|p1a: Cobalion|ability: Justified\n|-boost|p1a: Cobalion|atk|1|[from] ability: Justified\n|-enditem|p1a: Cobalion|Air Balloon\n|\n|turn|31\n|choice|move 4|switch 4\n|\n|switch|p2a: Rotom-Frost|Rotom-Frost, L83|103\/219\n|move|p1a: Cobalion|Iron Head|p2a: Rotom-Frost\n|-damage|p2a: Rotom-Frost|13\/219\n|\n|-heal|p2a: Rotom-Frost|26\/219|[from] item: Leftovers\n|turn|32\n|choice|move 4|move 1\n|\n|move|p1a: Cobalion|Iron Head|p2a: Rotom-Frost\n|-damage|p2a: Rotom-Frost|0 fnt\n|faint|p2a: Rotom-Frost\n|\n|choice||switch 2\n|\n|switch|p2a: Chesnaught|Chesnaught, L77, F|191\/262\n|turn|33\n|choice|move 4|move 2\n|\n|move|p1a: Cobalion|Iron Head|p2a: Chesnaught\n|-damage|p2a: Chesnaught|109\/262\n|move|p2a: Chesnaught|Leech Seed|p1a: Cobalion\n|-start|p1a: Cobalion|move: Leech Seed\n|\n|-heal|p2a: Chesnaught|125\/262|[from] item: Leftovers\n|-damage|p1a: Cobalion|112\/267|[from] Leech Seed|[of] p2a: Chesnaught\n|-heal|p2a: Chesnaught|158\/262|[silent]\n|turn|34\n|choice|switch 2|move 3\n|\n|switch|p1a: Gengar|Gengar, L75, M|195\/214\n|-damage|p1a: Gengar|169\/214|[from] Stealth Rock\n|move|p2a: Chesnaught|Spiky Shield|p2a: Chesnaught\n|-fail|p2a: Chesnaught\n|\n|-heal|p1a: Gengar|182\/214|[from] item: Black Sludge\n|-heal|p2a: Chesnaught|174\/262|[from] item: Leftovers\n|turn|35\n|choice|move 2|move 4\n|\n|move|p1a: Gengar|Substitute|p1a: Gengar\n|-start|p1a: Gengar|Substitute\n|-damage|p1a: Gengar|129\/214\n|move|p2a: Chesnaught|Spikes|p1a: Gengar\n|-sidestart|p1: andrewthor|Spikes\n|\n|-heal|p1a: Gengar|142\/214|[from] item: Black Sludge\n|-heal|p2a: Chesnaught|190\/262|[from] item: Leftovers\n|turn|36\n|choice|move 4|move 3\n|\n|move|p2a: Chesnaught|Spiky Shield|p2a: Chesnaught\n|-singleturn|p2a: Chesnaught|move: Protect\n|move|p1a: Gengar|Sludge Wave|p2a: Chesnaught\n|-activate|p2a: Chesnaught|Protect\n|\n|-heal|p1a: Gengar|155\/214|[from] item: Black Sludge\n|-heal|p2a: Chesnaught|206\/262|[from] item: Leftovers\n|turn|37\n|choice|move 4|switch 4\n|\n|switch|p2a: Yveltal|Yveltal, L73|304\/304\n|-ability|p2a: Yveltal|Dark Aura\n|move|p1a: Gengar|Sludge Wave|p2a: Yveltal\n|-damage|p2a: Yveltal|184\/304\n|\n|-heal|p1a: Gengar|168\/214|[from] item: Black Sludge\n|-heal|p2a: Yveltal|203\/304|[from] item: Leftovers\n|turn|38\n|choice|move 4|move 3\n|\n|move|p1a: Gengar|Sludge Wave|p2a: Yveltal\n|-crit|p2a: Yveltal\n|-damage|p2a: Yveltal|46\/304\n|move|p2a: Yveltal|Roost|p2a: Yveltal\n|-heal|p2a: Yveltal|198\/304\n|\n|-heal|p1a: Gengar|181\/214|[from] item: Black Sludge\n|-heal|p2a: Yveltal|217\/304|[from] item: Leftovers\n|turn|39\n|choice|move 4|move 3\n|\n|move|p1a: Gengar|Sludge Wave|p2a: Yveltal\n|-damage|p2a: Yveltal|115\/304\n|-status|p2a: Yveltal|psn\n|move|p2a: Yveltal|Roost|p2a: Yveltal\n|-heal|p2a: Yveltal|267\/304 psn\n|\n|-heal|p1a: Gengar|194\/214|[from] item: Black Sludge\n|-heal|p2a: Yveltal|286\/304 psn|[from] item: Leftovers\n|-damage|p2a: Yveltal|248\/304 psn|[from] psn\n|turn|40\n|choice|switch 2|move 2\n|\n|switch|p1a: Cobalion|Cobalion, L77|112\/267\n|-damage|p1a: Cobalion|104\/267|[from] Stealth Rock\n|-damage|p1a: Cobalion|71\/267|[from] Spikes\n|move|p2a: Yveltal|Dark Pulse|p1a: Cobalion\n|-resisted|p1a: Cobalion\n|-damage|p1a: Cobalion|1\/267\n|-activate|p1a: Cobalion|ability: Justified\n|-boost|p1a: Cobalion|atk|1|[from] ability: Justified\n|\n|-heal|p2a: Yveltal|267\/304 psn|[from] item: Leftovers\n|-damage|p2a: Yveltal|229\/304 psn|[from] psn\n|turn|41\n|choice|move 4|switch 4\n|\n|switch|p2a: Chesnaught|Chesnaught, L77, F|206\/262\n|move|p1a: Cobalion|Iron Head|p2a: Chesnaught\n|-damage|p2a: Chesnaught|119\/262\n|\n|-heal|p2a: Chesnaught|135\/262|[from] item: Leftovers\n|turn|42\n|choice|move 3|move 3\n|\n|move|p2a: Chesnaught|Spiky Shield|p2a: Chesnaught\n|-singleturn|p2a: Chesnaught|move: Protect\n|move|p1a: Cobalion|Taunt|p2a: Chesnaught\n|-activate|p2a: Chesnaught|Protect\n|\n|-heal|p2a: Chesnaught|151\/262|[from] item: Leftovers\n|turn|43\n|choice|move 4|move 1\n|\n|move|p1a: Cobalion|Iron Head|p2a: Chesnaught\n|-damage|p2a: Chesnaught|60\/262\n|move|p2a: Chesnaught|Drain Punch|p1a: Cobalion\n|-supereffective|p1a: Cobalion\n|-damage|p1a: Cobalion|0 fnt\n|-heal|p2a: Chesnaught|61\/262|[from] drain|[of] p1a: Cobalion\n|faint|p1a: Cobalion\n|\n|-heal|p2a: Chesnaught|77\/262|[from] item: Leftovers\n|choice|switch 4|\n|\n|switch|p1a: Tornadus|Tornadus, L78, M|251\/251\n|-damage|p1a: Tornadus|189\/251|[from] Stealth Rock\n|turn|44\n|choice|move 3|move 3\n|\n|move|p2a: Chesnaught|Spiky Shield|p2a: Chesnaught\n|-singleturn|p2a: Chesnaught|move: Protect\n|move|p1a: Tornadus|Heat Wave|p2a: Chesnaught\n|-activate|p2a: Chesnaught|Protect\n|\n|-heal|p2a: Chesnaught|93\/262|[from] item: Leftovers\n|turn|45\n|choice|move 3|move 2\n|\n|move|p1a: Tornadus|Heat Wave|p2a: Chesnaught\n|-supereffective|p2a: Chesnaught\n|-damage|p2a: Chesnaught|0 fnt\n|-damage|p1a: Tornadus|164\/251|[from] item: Life Orb\n|faint|p2a: Chesnaught\n|\n|choice||switch 4\n|\n|switch|p2a: Yveltal|Yveltal, L73|229\/304 psn\n|-ability|p2a: Yveltal|Dark Aura\n|turn|46\n|choice|move 1|move 3\n|\n|move|p1a: Tornadus|Hurricane|p2a: Yveltal\n|-damage|p2a: Yveltal|44\/304 psn\n|-damage|p1a: Tornadus|139\/251|[from] item: Life Orb\n|move|p2a: Yveltal|Roost|p2a: Yveltal\n|-heal|p2a: Yveltal|196\/304 psn\n|\n|-heal|p2a: Yveltal|215\/304 psn|[from] item: Leftovers\n|-damage|p2a: Yveltal|177\/304 psn|[from] psn\n|turn|47\n|choice|move 3|move 2\n|\n|move|p1a: Tornadus|Heat Wave|p2a: Yveltal\n|-damage|p2a: Yveltal|77\/304 psn\n|-damage|p1a: Tornadus|114\/251|[from] item: Life Orb\n|move|p2a: Yveltal|Dark Pulse|p1a: Tornadus\n|-damage|p1a: Tornadus|0 fnt\n|faint|p1a: Tornadus\n|\n|-heal|p2a: Yveltal|96\/304 psn|[from] item: Leftovers\n|-damage|p2a: Yveltal|58\/304 psn|[from] psn\n|choice|switch 2|\n|\n|switch|p1a: Gengar|Gengar, L75, M|194\/214\n|-damage|p1a: Gengar|168\/214|[from] Stealth Rock\n|turn|48\n|c|\u2605andrewthor|gg\n|choice|move 4|move 3\n|\n|move|p1a: Gengar|Sludge Wave|p2a: Yveltal\n|-damage|p2a: Yveltal|0 fnt\n|faint|p2a: Yveltal\n|\n|win|andrewthor\n|c|\u2605Ohmboy Tesla|gg\n|raw|andrewthor's rating: 1641 &rarr; <strong>1660<\/strong><br \/>(+19 for winning)\n|raw|Ohmboy Tesla's rating: 1632 &rarr; <strong>1612<\/strong><br \/>(-20 for losing)","inputlog":null,"uploadtime":1447097027,"views":1,"p1id":"andrewthor","p2id":"ohmboytesla","formatid":"randombattle","rating":1612,"private":0,"password":null}