{"id":"randombattle-356748567","p1":"therockcena","p2":"aquinoxx","format":"randombattle","log":"|j|therockcena\n|j|aquinoxx\n|player|p1|therockcena|1\n|player|p2|aquinoxx|266\n|gametype|singles\n|gen|6\n|tier|Random Battle\n|rated\n|seed|25606,45932,48108,30916,45035,64051,42063,30919,32181,38037,47259,56698\n|rule|Sleep Clause Mod: Limit one foe put to sleep\n|rule|HP Percentage Mod: HP is shown in percentages\n|\n|start\n|switch|p1a: Dewgong|Dewgong, L83, M|285\/285\n|switch|p2a: Talonflame|Talonflame, L75, F|241\/241\n|turn|1\n|choice|move 1|switch 2\n|\n|switch|p2a: Eelektross|Eelektross, L79, M|264\/264\n|move|p1a: Dewgong|Surf|p2a: Eelektross\n|-damage|p2a: Eelektross|179\/264\n|\n|turn|2\n|choice|move 4|move 2\n|\n|move|p1a: Dewgong|Ice Beam|p2a: Eelektross\n|-damage|p2a: Eelektross|91\/264\n|move|p2a: Eelektross|Giga Drain|p1a: Dewgong\n|-supereffective|p1a: Dewgong\n|-crit|p1a: Dewgong\n|-damage|p1a: Dewgong|103\/285\n|-heal|p2a: Eelektross|182\/264|[from] drain|[of] p1a: Dewgong\n|\n|turn|3\n|choice|move 3|move 4\n|\n|move|p1a: Dewgong|Encore|p2a: Eelektross\n|-start|p2a: Eelektross|Encore\n|move|p2a: Eelektross|Giga Drain|p1a: Dewgong\n|-supereffective|p1a: Dewgong\n|-damage|p1a: Dewgong|0 fnt\n|-heal|p2a: Eelektross|234\/264|[from] drain|[of] p1a: Dewgong\n|faint|p1a: Dewgong\n|\n|choice|switch 6|\n|\n|switch|p1a: Ariados|Ariados, L83, M|251\/251\n|turn|4\n|choice|move 4|switch 5\n|\n|switch|p2a: Mr. Mime|Mr. Mime, L83, M|202\/202\n|move|p1a: Ariados|Sticky Web|p2a: Mr. Mime\n|-sidestart|p2: aquinoxx|move: Sticky Web\n|\n|turn|5\n|choice|move 3|move 2\n|\n|move|p2a: Mr. Mime|Nasty Plot|p2a: Mr. Mime\n|-boost|p2a: Mr. Mime|spa|2\n|move|p1a: Ariados|Toxic Spikes|p2a: Mr. Mime\n|-sidestart|p2: aquinoxx|move: Toxic Spikes\n|\n|turn|6\n|choice|move 3|move 1\n|\n|move|p2a: Mr. Mime|Psyshock|p1a: Ariados\n|-supereffective|p1a: Ariados\n|-damage|p1a: Ariados|0 fnt\n|-damage|p2a: Mr. Mime|182\/202|[from] item: Life Orb\n|faint|p1a: Ariados\n|\n|choice|switch 5|\n|\n|switch|p1a: Toxicroak|Toxicroak, L77, M|254\/254\n|turn|7\n|choice|move 2|move 2\n|\n|move|p2a: Mr. Mime|Nasty Plot|p2a: Mr. Mime\n|-boost|p2a: Mr. Mime|spa|2\n|move|p1a: Toxicroak|Gunk Shot|p2a: Mr. Mime\n|-supereffective|p2a: Mr. Mime\n|-damage|p2a: Mr. Mime|0 fnt\n|-damage|p1a: Toxicroak|229\/254|[from] item: Life Orb\n|faint|p2a: Mr. Mime\n|\n|choice||switch 2\n|\n|switch|p2a: Talonflame|Talonflame, L75, F|241\/241\n|turn|8\n|choice|move 1|move 3\n|\n|move|p2a: Talonflame|Swords Dance|p2a: Talonflame\n|-boost|p2a: Talonflame|atk|2\n|move|p1a: Toxicroak|Drain Punch|p2a: Talonflame\n|-resisted|p2a: Talonflame\n|-crit|p2a: Talonflame\n|-damage|p2a: Talonflame|147\/241\n|-heal|p1a: Toxicroak|254\/254|[from] drain|[of] p2a: Talonflame\n|-damage|p1a: Toxicroak|229\/254|[from] item: Life Orb\n|\n|turn|9\n|choice|move 1|move 1\n|\n|move|p2a: Talonflame|Brave Bird|p1a: Toxicroak\n|-supereffective|p1a: Toxicroak\n|-damage|p1a: Toxicroak|0 fnt\n|-damage|p2a: Talonflame|71\/241|[from] recoil|[of] p1a: Toxicroak\n|faint|p1a: Toxicroak\n|\n|choice|switch 3|\n|\n|switch|p1a: Yanmega|Yanmega, L78, M|261\/261\n|turn|10\n|choice|move 2|move 2\n|\n|move|p1a: Yanmega|Protect|p1a: Yanmega\n|-singleturn|p1a: Yanmega|Protect\n|move|p2a: Talonflame|Roost|p2a: Talonflame\n|-heal|p2a: Talonflame|192\/241\n|\n|-ability|p1a: Yanmega|Speed Boost|boost\n|-boost|p1a: Yanmega|spe|1\n|turn|11\n|choice|move 4|move 1\n|\n|move|p2a: Talonflame|Brave Bird|p1a: Yanmega\n|-supereffective|p1a: Yanmega\n|-damage|p1a: Yanmega|0 fnt\n|-damage|p2a: Talonflame|106\/241|[from] recoil|[of] p1a: Yanmega\n|faint|p1a: Yanmega\n|\n|choice|switch 4|\n|\n|switch|p1a: Relicanth|Relicanth, L83, F|302\/302\n|-item|p1a: Relicanth|Air Balloon\n|turn|12\n|choice|move 4|move 1\n|\n|move|p2a: Talonflame|Brave Bird|p1a: Relicanth\n|-resisted|p1a: Relicanth\n|-damage|p1a: Relicanth|216\/302\n|-enditem|p1a: Relicanth|Air Balloon\n|-damage|p2a: Talonflame|78\/241|[from] recoil|[of] p1a: Relicanth\n|move|p1a: Relicanth|Head Smash|p2a: Talonflame|[miss]\n|-miss|p1a: Relicanth|p2a: Talonflame\n|\n|turn|13\n|choice|move 4|move 4\n|\n|move|p2a: Talonflame|Flare Blitz|p1a: Relicanth\n|-resisted|p1a: Relicanth\n|-damage|p1a: Relicanth|185\/302\n|-damage|p2a: Talonflame|68\/241|[from] recoil|[of] p1a: Relicanth\n|move|p1a: Relicanth|Head Smash|p2a: Talonflame\n|-supereffective|p2a: Talonflame\n|-damage|p2a: Talonflame|0 fnt\n|faint|p2a: Talonflame\n|\n|choice||switch 4\n|\n|switch|p2a: Serperior|Serperior, L75, M|236\/236\n|-status|p2a: Serperior|psn\n|-activate|p2a: Serperior|move: Sticky Web\n|-boost|p2a: Serperior|spe|1\n|turn|14\n|choice|move 4|move 4\n|\n|move|p2a: Serperior|Leaf Storm|p1a: Relicanth\n|-supereffective|p1a: Relicanth\n|-damage|p1a: Relicanth|0 fnt\n|-boost|p2a: Serperior|spa|2\n|-damage|p2a: Serperior|213\/236 psn|[from] item: Life Orb\n|faint|p1a: Relicanth\n|\n|-damage|p2a: Serperior|184\/236 psn|[from] psn\n|choice|switch 2|\n|\n|switch|p1a: Linoone|Linoone, L82, M|262\/262\n|turn|15\n|choice|move 1|move 4\n|\n|move|p2a: Serperior|Leaf Storm|p1a: Linoone\n|-damage|p1a: Linoone|0 fnt\n|-boost|p2a: Serperior|spa|2\n|-damage|p2a: Serperior|161\/236 psn|[from] item: Life Orb\n|faint|p1a: Linoone\n|\n|win|aquinoxx\n|player|p1\n|player|p2\n|l|therockcena\n|raw|therockcena's rating: 1318 &rarr; <strong>1300<\/strong><br \/>(-18 for losing)\n|raw|aquinoxx's rating: 1345 &rarr; <strong>1364<\/strong><br \/>(+19 for winning)","inputlog":null,"uploadtime":1460225241,"views":0,"p1id":"therockcena","p2id":"aquinoxx","formatid":"randombattle","rating":1300,"private":0,"password":null}