{"id":"randombattle-249342875","p1":"The Teal Scizor","p2":"Elite Four Damion","format":"randombattle","log":"|join|The Teal Scizor\n|join|Elite Four Damion\n|player|p1|The Teal Scizor|99\n|player|p2|Elite Four Damion|101\n|gametype|singles\n|gen|6\n|tier|Random Battle\n|rule|Sleep Clause Mod: Limit one foe put to sleep\n|rule|HP Percentage Mod: HP is shown in percentages\n|\n|start\n|switch|p1a: Rotom-Wash|Rotom-Wash, L75|199\/199\n|switch|p2a: Eelektross|Eelektross, L79, F|264\/264\n|turn|1\n|\n|switch|p2a: Gourgeist-Small|Gourgeist-Small, L83, M|227\/227\n|move|p1a: Rotom-Wash|Trick|p2a: Gourgeist-Small\n|-activate|p1a: Rotom-Wash|move: Trick|[of] p2a: Gourgeist-Small\n|-item|p2a: Gourgeist-Small|Choice Scarf|[from] move: Trick\n|-item|p1a: Rotom-Wash|Leftovers|[from] move: Trick\n|\n|turn|2\n|\n|switch|p1a: Hydreigon|Hydreigon, L77, M|268\/268\n|move|p2a: Gourgeist-Small|Seed Bomb|p1a: Hydreigon\n|-resisted|p1a: Hydreigon\n|-damage|p1a: Hydreigon|224\/268\n|\n|turn|3\n|\n|switch|p2a: Eelektross|Eelektross, L79, F|264\/264\n|move|p1a: Hydreigon|Dragon Pulse|p2a: Eelektross\n|-damage|p2a: Eelektross|124\/264\n|-damage|p1a: Hydreigon|198\/268|[from] item: Life Orb\n|\n|turn|4\n|\n|move|p1a: Hydreigon|Dragon Pulse|p2a: Eelektross\n|-damage|p2a: Eelektross|0 fnt\n|-damage|p1a: Hydreigon|172\/268|[from] item: Life Orb\n|faint|p2a: Eelektross\n|\n|\n|switch|p2a: Vivillon|Vivillon, L81, M|261\/261\n|turn|5\n|\n|move|p1a: Hydreigon|Fire Blast|p2a: Vivillon\n|-supereffective|p2a: Vivillon\n|-damage|p2a: Vivillon|0 fnt\n|-damage|p1a: Hydreigon|146\/268|[from] item: Life Orb\n|faint|p2a: Vivillon\n|\n|\n|switch|p2a: Watchog|Watchog, L83, F|235\/235\n|turn|6\n|\n|move|p1a: Hydreigon|Superpower|p2a: Watchog\n|-supereffective|p2a: Watchog\n|-damage|p2a: Watchog|0 fnt\n|-unboost|p1a: Hydreigon|atk|1\n|-unboost|p1a: Hydreigon|def|1\n|-damage|p1a: Hydreigon|120\/268|[from] item: Life Orb\n|faint|p2a: Watchog\n|\n|\n|switch|p2a: Manaphy|Manaphy, L75|274\/274\n|turn|7\n|\n|switch|p1a: Rotom-Wash|Rotom-Wash, L75|199\/199\n|move|p2a: Manaphy|Tail Glow|p2a: Manaphy\n|-boost|p2a: Manaphy|spa|3\n|\n|turn|8\n|\n|move|p2a: Manaphy|Energy Ball|p1a: Rotom-Wash\n|-supereffective|p1a: Rotom-Wash\n|-damage|p1a: Rotom-Wash|0 fnt\n|faint|p1a: Rotom-Wash\n|\n|\n|switch|p1a: Jumpluff|Jumpluff, L83, M|259\/259\n|turn|9\n|\n|move|p1a: Jumpluff|Encore|p2a: Manaphy\n|-start|p2a: Manaphy|Encore\n|move|p2a: Manaphy|Energy Ball|p1a: Jumpluff\n|-resisted|p1a: Jumpluff\n|-damage|p1a: Jumpluff|228\/259\n|\n|turn|10\n|\n|move|p1a: Jumpluff|Sleep Powder|p2a: Manaphy\n|-status|p2a: Manaphy|slp\n|cant|p2a: Manaphy|slp\n|\n|turn|11\n|\n|switch|p1a: Hydreigon|Hydreigon, L77, M|120\/268\n|cant|p2a: Manaphy|slp\n|\n|-end|p2a: Manaphy|Encore\n|turn|12\n|\n|move|p1a: Hydreigon|Dragon Pulse|p2a: Manaphy\n|-damage|p2a: Manaphy|164\/274 slp\n|-damage|p1a: Hydreigon|94\/268|[from] item: Life Orb\n|cant|p2a: Manaphy|slp\n|\n|-heal|p2a: Manaphy|181\/274 slp|[from] item: Leftovers\n|turn|13\n|\n|move|p1a: Hydreigon|Dragon Pulse|p2a: Manaphy\n|-damage|p2a: Manaphy|59\/274 slp\n|-damage|p1a: Hydreigon|68\/268|[from] item: Life Orb\n|-curestatus|p2a: Manaphy|slp\n|move|p2a: Manaphy|Surf|p1a: Hydreigon\n|-resisted|p1a: Hydreigon\n|-damage|p1a: Hydreigon|0 fnt\n|faint|p1a: Hydreigon\n|\n|-heal|p2a: Manaphy|76\/274|[from] item: Leftovers\n|\n|switch|p1a: Jumpluff|Jumpluff, L83, M|228\/259\n|turn|14\n|\n|switch|p2a: Gourgeist-Small|Gourgeist-Small, L83, M|227\/227\n|move|p1a: Jumpluff|Acrobatics|p2a: Gourgeist-Small\n|-enditem|p1a: Jumpluff|Flying Gem|[from] gem|[move] Acrobatics\n|-supereffective|p2a: Gourgeist-Small\n|-damage|p2a: Gourgeist-Small|75\/227\n|\n|turn|15\n|\n|move|p2a: Gourgeist-Small|Will-O-Wisp|p1a: Jumpluff\n|-status|p1a: Jumpluff|brn\n|move|p1a: Jumpluff|Acrobatics|p2a: Gourgeist-Small\n|-supereffective|p2a: Gourgeist-Small\n|-damage|p2a: Gourgeist-Small|9\/227\n|\n|-damage|p1a: Jumpluff|196\/259 brn|[from] brn\n|turn|16\n|\n|switch|p2a: Musharna|Musharna, L81, F|321\/321\n|move|p1a: Jumpluff|Acrobatics|p2a: Musharna\n|-damage|p2a: Musharna|283\/321\n|\n|-heal|p2a: Musharna|303\/321|[from] item: Leftovers\n|-damage|p1a: Jumpluff|164\/259 brn|[from] brn\n|turn|17\n|\n|move|p1a: Jumpluff|Sleep Powder|p2a: Musharna|[miss]\n|-miss|p1a: Jumpluff|p2a: Musharna\n|move|p2a: Musharna|Calm Mind|p2a: Musharna\n|-boost|p2a: Musharna|spa|1\n|-boost|p2a: Musharna|spd|1\n|\n|-heal|p2a: Musharna|321\/321|[from] item: Leftovers\n|-damage|p1a: Jumpluff|132\/259 brn|[from] brn\n|turn|18\n|\n|move|p1a: Jumpluff|Encore|p2a: Musharna\n|-start|p2a: Musharna|Encore\n|move|p2a: Musharna|Calm Mind|p2a: Musharna\n|-boost|p2a: Musharna|spa|1\n|-boost|p2a: Musharna|spd|1\n|\n|-damage|p1a: Jumpluff|100\/259 brn|[from] brn\n|turn|19\n|\n|switch|p1a: Gigalith|Gigalith, L83, F|277\/277\n|move|p2a: Musharna|Calm Mind|p2a: Musharna\n|-boost|p2a: Musharna|spa|1\n|-boost|p2a: Musharna|spd|1\n|\n|turn|20\n|\n|move|p2a: Musharna|Calm Mind|p2a: Musharna\n|-boost|p2a: Musharna|spa|1\n|-boost|p2a: Musharna|spd|1\n|move|p1a: Gigalith|Stone Edge|p2a: Musharna|[miss]\n|-miss|p1a: Gigalith|p2a: Musharna\n|\n|-end|p2a: Musharna|Encore\n|turn|21\n|\n|move|p2a: Musharna|Psyshock|p1a: Gigalith\n|-damage|p1a: Gigalith|84\/277\n|move|p1a: Gigalith|Stealth Rock|p2a: Musharna\n|-sidestart|p2: Elite Four Damion|move: Stealth Rock\n|\n|turn|22\n|\n|move|p2a: Musharna|Psyshock|p1a: Gigalith\n|-damage|p1a: Gigalith|0 fnt\n|faint|p1a: Gigalith\n|\n|\n|switch|p1a: Jellicent|Jellicent, L79, M|288\/288\n|turn|23\n|\n|move|p1a: Jellicent|Scald|p2a: Musharna\n|-damage|p2a: Musharna|296\/321\n|-status|p2a: Musharna|brn\n|-status|p1a: Jellicent|brn\n|move|p2a: Musharna|Signal Beam|p1a: Jellicent\n|-resisted|p1a: Jellicent\n|-damage|p1a: Jellicent|217\/288 brn\n|\n|-heal|p1a: Jellicent|235\/288 brn|[from] item: Leftovers\n|-heal|p2a: Musharna|316\/321 brn|[from] item: Leftovers\n|-damage|p1a: Jellicent|199\/288 brn|[from] brn\n|-damage|p2a: Musharna|276\/321 brn|[from] brn\n|turn|24\n|\n|move|p1a: Jellicent|Scald|p2a: Musharna\n|-damage|p2a: Musharna|254\/321 brn\n|move|p2a: Musharna|Psyshock|p1a: Jellicent\n|-damage|p1a: Jellicent|0 fnt\n|faint|p1a: Jellicent\n|\n|-heal|p2a: Musharna|274\/321 brn|[from] item: Leftovers\n|-damage|p2a: Musharna|234\/321 brn|[from] brn\n|\n|switch|p1a: Jumpluff|Jumpluff, L83, M|100\/259 brn\n|turn|25\n|\n|move|p1a: Jumpluff|Acrobatics|p2a: Musharna\n|-damage|p2a: Musharna|192\/321 brn\n|move|p2a: Musharna|Psyshock|p1a: Jumpluff\n|-damage|p1a: Jumpluff|0 fnt\n|faint|p1a: Jumpluff\n|\n|-heal|p2a: Musharna|212\/321 brn|[from] item: Leftovers\n|-damage|p2a: Musharna|172\/321 brn|[from] brn\n|\n|switch|p1a: Donphan|Donphan, L77, F|265\/265\n|turn|26\n|\n|move|p1a: Donphan|Earthquake|p2a: Musharna\n|-damage|p2a: Musharna|58\/321 brn\n|move|p2a: Musharna|Moonlight|p2a: Musharna\n|-heal|p2a: Musharna|218\/321 brn\n|\n|-heal|p2a: Musharna|238\/321 brn|[from] item: Leftovers\n|-damage|p2a: Musharna|198\/321 brn|[from] brn\n|turn|27\n|\n|move|p1a: Donphan|Earthquake|p2a: Musharna\n|-damage|p2a: Musharna|81\/321 brn\n|move|p2a: Musharna|Psyshock|p1a: Donphan\n|-crit|p1a: Donphan\n|-activate|p1a: Donphan|Sturdy\n|-damage|p1a: Donphan|1\/265\n|\n|-heal|p1a: Donphan|17\/265|[from] item: Leftovers\n|-heal|p2a: Musharna|101\/321 brn|[from] item: Leftovers\n|-damage|p2a: Musharna|61\/321 brn|[from] brn\n|turn|28\n|\n|move|p1a: Donphan|Earthquake|p2a: Musharna\n|-damage|p2a: Musharna|0 fnt\n|faint|p2a: Musharna\n|\n|-heal|p1a: Donphan|33\/265|[from] item: Leftovers\n|\n|switch|p2a: Manaphy|Manaphy, L75|76\/274\n|-damage|p2a: Manaphy|42\/274|[from] Stealth Rock\n|turn|29\n|\n|move|p1a: Donphan|Ice Shard|p2a: Manaphy\n|-resisted|p2a: Manaphy\n|-damage|p2a: Manaphy|28\/274\n|move|p2a: Manaphy|Surf|p1a: Donphan\n|-supereffective|p1a: Donphan\n|-damage|p1a: Donphan|0 fnt\n|faint|p1a: Donphan\n|\n|win|Elite Four Damion\n|leave|Elite Four Damion\n|player|p2","inputlog":null,"uploadtime":1436819702,"views":1,"p1id":"thetealscizor","p2id":"elitefourdamion","formatid":"randombattle","rating":0,"private":0,"password":null}