{"id":"ru-343817170","p1":"HauntersNightmare","p2":"luciferrrr","format":"ru","log":"|j|HauntersNightmare\n|j|luciferrrr\n|player|p1|HauntersNightmare|153\n|player|p2|luciferrrr|1\n|gametype|singles\n|gen|6\n|tier|RU\n|rated\n|seed|\n|rule|Sleep Clause Mod: Limit one foe put to sleep\n|rule|Species Clause: Limit one of each Pok\u00e9mon\n|rule|OHKO Clause: OHKO moves are banned\n|rule|Moody Clause: Moody is banned\n|rule|Evasion Moves Clause: Evasion moves are banned\n|rule|Endless Battle Clause: Forcing endless battles is banned\n|rule|HP Percentage Mod: HP is shown in percentages\n|clearpoke\n|poke|p1|Slowking, F|item\n|poke|p1|Articuno, shiny|item\n|poke|p1|Hitmontop, M, shiny|item\n|poke|p1|Zangoose, M, shiny|item\n|poke|p1|Steelix, F|item\n|poke|p1|Rotom-Mow|item\n|poke|p2|Glalie, F|item\n|poke|p2|Hitmontop, M|item\n|poke|p2|Durant, F|item\n|poke|p2|Dugtrio, M|item\n|poke|p2|Clawitzer, F|item\n|poke|p2|Ambipom, F|item\n|rule|Swagger Clause: Swagger is banned\n|rule|Baton Pass Clause: Limit one Baton Passer, can't pass Spe and other stats simultaneously\n|teampreview\n|choice||\n|\n|start\n|switch|p1a: Hitmontop|Hitmontop, M, shiny|100\/100\n|switch|p2a: Ambipom|Ambipom, F|100\/100\n|-ability|p1a: Hitmontop|Intimidate|boost\n|-unboost|p2a: Ambipom|atk|1\n|turn|1\n|choice||\n|\n|switch|p1a: Steelix|Steelix, F|100\/100\n|move|p2a: Ambipom|Fake Out|p1a: Steelix\n|-resisted|p1a: Steelix\n|-damage|p1a: Steelix|95\/100\n|\n|turn|2\n|choice||\n|\n|switch|p2a: Clawitzer|Clawitzer, F|100\/100\n|detailschange|p1a: Steelix|Steelix-Mega, F\n|-mega|p1a: Steelix|Steelix|Steelixite\n|move|p1a: Steelix|Earthquake|p2a: Clawitzer\n|-damage|p2a: Clawitzer|28\/100\n|\n|turn|3\n|choice||\n|\n|switch|p1a: Articuno|Articuno, shiny|100\/100\n|-ability|p1a: Articuno|Pressure\n|move|p2a: Clawitzer|Water Pulse|p1a: Articuno\n|-damage|p1a: Articuno|55\/100\n|\n|turn|4\n|choice||\n|\n|switch|p2a: Ambipom|Ambipom, F|100\/100\n|move|p1a: Articuno|Ice Beam|p2a: Ambipom\n|-crit|p2a: Ambipom\n|-damage|p2a: Ambipom|0 fnt\n|-damage|p1a: Articuno|45\/100|[from] item: Life Orb\n|faint|p2a: Ambipom\n|\n|choice||\n|\n|switch|p2a: Hitmontop|Hitmontop, M|100\/100\n|turn|5\n|choice||\n|\n|move|p2a: Hitmontop|Fake Out|p1a: Articuno\n|-damage|p1a: Articuno|27\/100\n|cant|p1a: Articuno|flinch\n|\n|turn|6\n|choice||\n|\n|switch|p1a: Slowking|Slowking, F|100\/100\n|move|p2a: Hitmontop|Mach Punch|p1a: Slowking\n|-resisted|p1a: Slowking\n|-damage|p1a: Slowking|90\/100\n|\n|-heal|p1a: Slowking|96\/100|[from] item: Leftovers\n|turn|7\n|choice||\n|\n|switch|p2a: Clawitzer|Clawitzer, F|28\/100\n|move|p1a: Slowking|Trick Room|p1a: Slowking\n|-fieldstart|move: Trick Room|[of] p1a: Slowking\n|\n|-heal|p1a: Slowking|100\/100|[from] item: Leftovers\n|turn|8\n|choice||\n|\n|move|p1a: Slowking|Psyshock|p2a: Clawitzer\n|-damage|p2a: Clawitzer|0 fnt\n|faint|p2a: Clawitzer\n|\n|choice||\n|\n|switch|p2a: Hitmontop|Hitmontop, M|100\/100\n|turn|9\n|choice||\n|\n|switch|p1a: Hitmontop|Hitmontop, M, shiny|100\/100\n|-ability|p1a: Hitmontop|Intimidate|boost\n|-unboost|p2a: Hitmontop|atk|1\n|move|p2a: Hitmontop|Fake Out|p1a: Hitmontop\n|-damage|p1a: Hitmontop|86\/100\n|\n|-heal|p1a: Hitmontop|92\/100|[from] item: Leftovers\n|turn|10\n|choice||\n|\n|move|p2a: Hitmontop|Mach Punch|p1a: Hitmontop\n|-damage|p1a: Hitmontop|69\/100\n|move|p1a: Hitmontop|Toxic|p2a: Hitmontop|[miss]\n|-miss|p1a: Hitmontop|p2a: Hitmontop\n|\n|-heal|p1a: Hitmontop|75\/100|[from] item: Leftovers\n|turn|11\n|choice||\n|\n|switch|p2a: Durant|Durant, F|100\/100\n|move|p1a: Hitmontop|Close Combat|p2a: Durant\n|-damage|p2a: Durant|38\/100\n|-unboost|p1a: Hitmontop|def|1\n|-unboost|p1a: Hitmontop|spd|1\n|\n|-heal|p1a: Hitmontop|82\/100|[from] item: Leftovers\n|-fieldend|move: Trick Room\n|turn|12\n|choice||\n|\n|switch|p1a: Steelix|Steelix-Mega, F|95\/100\n|move|p2a: Durant|Entrainment|p1a: Steelix\n|-ability|p1a: Steelix|Truant|[from] move: Entrainment\n|\n|turn|13\n|choice||\n|\n|switch|p1a: Zangoose|Zangoose, M, shiny|100\/100\n|cant|p2a: Durant|ability: Truant|Entrainment\n|\n|-status|p1a: Zangoose|tox|[from] item: Toxic Orb\n|turn|14\n|choice||\n|\n|switch|p1a: Steelix|Steelix-Mega, F|95\/100\n|move|p2a: Durant|Entrainment|p1a: Steelix\n|-ability|p1a: Steelix|Truant|[from] move: Entrainment\n|\n|turn|15\n|choice||\n|\n|switch|p1a: Rotom|Rotom-Mow|100\/100\n|cant|p2a: Durant|ability: Truant|Entrainment\n|\n|turn|16\n|choice||\n|\n|move|p2a: Durant|Entrainment|p1a: Rotom\n|-ability|p1a: Rotom|Truant|[from] move: Entrainment\n|move|p1a: Rotom|Shadow Ball|p2a: Durant\n|-damage|p2a: Durant|0 fnt\n|faint|p2a: Durant\n|\n|choice||\n|\n|switch|p2a: Dugtrio|Dugtrio, M|100\/100\n|turn|17\n|choice||\n|\n|cant|p1a: Rotom|ability: Truant|Shadow Ball\n|move|p2a: Dugtrio|Hone Claws|p2a: Dugtrio\n|-boost|p2a: Dugtrio|atk|1\n|-boost|p2a: Dugtrio|accuracy|1\n|\n|turn|18\n|choice||\n|\n|move|p2a: Dugtrio|Protect|p2a: Dugtrio\n|-singleturn|p2a: Dugtrio|Protect\n|move|p1a: Rotom|Shadow Ball|p2a: Dugtrio\n|-activate|p2a: Dugtrio|Protect\n|\n|turn|19\n|choice||\n|\n|cant|p1a: Rotom|ability: Truant|Shadow Ball\n|move|p2a: Dugtrio|Hone Claws|p2a: Dugtrio\n|-boost|p2a: Dugtrio|atk|1\n|-boost|p2a: Dugtrio|accuracy|1\n|\n|turn|20\n|choice||\n|\n|move|p2a: Dugtrio|Protect|p2a: Dugtrio\n|-singleturn|p2a: Dugtrio|Protect\n|move|p1a: Rotom|Shadow Ball|p2a: Dugtrio\n|-activate|p2a: Dugtrio|Protect\n|\n|turn|21\n|choice||\n|\n|cant|p1a: Rotom|ability: Truant|Shadow Ball\n|move|p2a: Dugtrio|Hone Claws|p2a: Dugtrio\n|-boost|p2a: Dugtrio|atk|1\n|-boost|p2a: Dugtrio|accuracy|1\n|\n|turn|22\n|choice||\n|\n|move|p2a: Dugtrio|Protect|p2a: Dugtrio\n|-singleturn|p2a: Dugtrio|Protect\n|move|p1a: Rotom|Shadow Ball|p2a: Dugtrio\n|-activate|p2a: Dugtrio|Protect\n|\n|turn|23\n|choice||\n|\n|cant|p1a: Rotom|ability: Truant|Shadow Ball\n|move|p2a: Dugtrio|Hone Claws|p2a: Dugtrio\n|-boost|p2a: Dugtrio|atk|1\n|-boost|p2a: Dugtrio|accuracy|1\n|\n|turn|24\n|choice||\n|\n|move|p2a: Dugtrio|Protect|p2a: Dugtrio\n|-singleturn|p2a: Dugtrio|Protect\n|move|p1a: Rotom|Shadow Ball|p2a: Dugtrio\n|-activate|p2a: Dugtrio|Protect\n|\n|turn|25\n|choice||\n|\n|cant|p1a: Rotom|ability: Truant|Shadow Ball\n|move|p2a: Dugtrio|Hone Claws|p2a: Dugtrio\n|-boost|p2a: Dugtrio|atk|1\n|-boost|p2a: Dugtrio|accuracy|1\n|\n|turn|26\n|choice||\n|\n|move|p2a: Dugtrio|Protect|p2a: Dugtrio\n|-singleturn|p2a: Dugtrio|Protect\n|move|p1a: Rotom|Shadow Ball|p2a: Dugtrio\n|-activate|p2a: Dugtrio|Protect\n|\n|turn|27\n|choice||\n|\n|cant|p1a: Rotom|ability: Truant|Shadow Ball\n|move|p2a: Dugtrio|Hone Claws|p2a: Dugtrio\n|-boost|p2a: Dugtrio|atk|1\n|-boost|p2a: Dugtrio|accuracy|1\n|\n|turn|28\n|c|\u2605HauntersNightmare|you won't rage though right?\n|choice||\n|\n|move|p2a: Dugtrio|Protect|p2a: Dugtrio\n|-singleturn|p2a: Dugtrio|Protect\n|move|p1a: Rotom|Shadow Ball|p2a: Dugtrio\n|-activate|p2a: Dugtrio|Protect\n|\n|turn|29\n|choice||\n|\n|cant|p1a: Rotom|ability: Truant|Shadow Ball\n|move|p2a: Dugtrio|Earthquake|p1a: Rotom\n|-damage|p1a: Rotom|0 fnt\n|faint|p1a: Rotom\n|\n|c|\u2605luciferrrr|rage?]\n|choice||\n|\n|switch|p1a: Hitmontop|Hitmontop, M, shiny|82\/100\n|-ability|p1a: Hitmontop|Intimidate|boost\n|-unboost|p2a: Dugtrio|atk|1\n|turn|30\n|c|\u2605HauntersNightmare|yeah\n|choice||\n|\n|move|p2a: Dugtrio|Protect|p2a: Dugtrio\n|-singleturn|p2a: Dugtrio|Protect\n|move|p1a: Hitmontop|Sucker Punch|p2a: Dugtrio|[still]\n|-fail|p1a: Hitmontop\n|\n|-heal|p1a: Hitmontop|88\/100|[from] item: Leftovers\n|turn|31\n|choice||\n|\n|move|p1a: Hitmontop|Sucker Punch|p2a: Dugtrio\n|-damage|p2a: Dugtrio|38\/100\n|move|p2a: Dugtrio|Earthquake|p1a: Hitmontop\n|-damage|p1a: Hitmontop|0 fnt\n|faint|p1a: Hitmontop\n|\n|choice||\n|\n|switch|p1a: Zangoose|Zangoose, M, shiny|100\/100 tox\n|turn|32\n|choice||\n|\n|move|p2a: Dugtrio|Protect|p2a: Dugtrio\n|-singleturn|p2a: Dugtrio|Protect\n|move|p1a: Zangoose|Quick Attack|p2a: Dugtrio\n|-activate|p2a: Dugtrio|Protect\n|\n|-damage|p1a: Zangoose|95\/100 tox|[from] psn\n|turn|33\n|choice||\n|\n|move|p1a: Zangoose|Quick Attack|p2a: Dugtrio\n|-damage|p2a: Dugtrio|0 fnt\n|faint|p2a: Dugtrio\n|\n|-damage|p1a: Zangoose|83\/100 tox|[from] psn\n|choice||\n|\n|switch|p2a: Hitmontop|Hitmontop, M|100\/100\n|turn|34\n|choice||\n|\n|switch|p1a: Slowking|Slowking, F|100\/100\n|move|p2a: Hitmontop|Fake Out|p1a: Slowking\n|-crit|p1a: Slowking\n|-damage|p1a: Slowking|80\/100\n|\n|-heal|p1a: Slowking|86\/100|[from] item: Leftovers\n|turn|35\n|choice||\n|\n|move|p2a: Hitmontop|Close Combat|p1a: Slowking\n|-resisted|p1a: Slowking\n|-damage|p1a: Slowking|65\/100\n|-unboost|p2a: Hitmontop|def|1\n|-unboost|p2a: Hitmontop|spd|1\n|move|p1a: Slowking|Trick Room|p1a: Slowking\n|-fieldstart|move: Trick Room|[of] p1a: Slowking\n|\n|-heal|p1a: Slowking|71\/100|[from] item: Leftovers\n|turn|36\n|-message|luciferrrr forfeited.\n|\n|win|HauntersNightmare\n|player|p1\n|player|p2\n|l|luciferrrr\n|raw|HauntersNightmare's rating: 1301 &rarr; <strong>1311<\/strong><br \/>(+10 for winning)\n|raw|luciferrrr's rating: 1091 &rarr; <strong>1080<\/strong><br \/>(-11 for losing)\n|c|\u2605HauntersNightmare|yup\n|c|\u2605HauntersNightmare|he raged","inputlog":null,"uploadtime":1457861660,"views":0,"p1id":"hauntersnightmare","p2id":"luciferrrr","formatid":"ru","rating":1080,"private":0,"password":null}