{"id":"rususpecttest-334638225","p1":"Suspects Are","p2":"HauntersNightmare","format":"rususpecttest","log":"|j|Suspects Are\n|j|HauntersNightmare\n|player|p1|Suspects Are|15\n|player|p2|HauntersNightmare|153\n|gametype|singles\n|gen|6\n|tier|RU (suspect test)\n|rated\n|seed|\n|rule|Sleep Clause Mod: Limit one foe put to sleep\n|rule|Species Clause: Limit one of each Pok\u00e9mon\n|rule|OHKO Clause: OHKO moves are banned\n|rule|Moody Clause: Moody is banned\n|rule|Evasion Moves Clause: Evasion moves are banned\n|rule|Endless Battle Clause: Forcing endless battles is banned\n|rule|HP Percentage Mod: HP is shown in percentages\n|clearpoke\n|poke|p1|Alomomola, F|item\n|poke|p1|Aromatisse, M|item\n|poke|p1|Mantine, F|item\n|poke|p1|Amoonguss, F, shiny|item\n|poke|p1|Steelix, F|item\n|poke|p1|Spiritomb, F|item\n|poke|p2|Steelix, F|item\n|poke|p2|Slowking, M|item\n|poke|p2|Sigilyph, F|item\n|poke|p2|Absol, M|item\n|poke|p2|Hitmontop, M|item\n|poke|p2|Rotom-Mow|item\n|rule|Swagger Clause: Swagger is banned\n|rule|Baton Pass Clause: Limit one Baton Passer, can't pass Spe and other stats simultaneously\n|teampreview\n|j|Tempest 209\n|choice||\n|\n|start\n|switch|p1a: Spiritomb|Spiritomb, F|100\/100\n|switch|p2a: Rotom|Rotom-Mow|100\/100\n|turn|1\n|choice||\n|\n|switch|p1a: Steelix|Steelix, F|100\/100\n|move|p2a: Rotom|Trick|p1a: Steelix\n|-fail|p1a: Steelix\n|\n|turn|2\n|choice||\n|\n|switch|p2a: Hitmontop|Hitmontop, M|100\/100\n|-ability|p2a: Hitmontop|Intimidate|boost\n|-unboost|p1a: Steelix|atk|1\n|detailschange|p1a: Steelix|Steelix-Mega, F\n|-mega|p1a: Steelix|Steelix|Steelixite\n|move|p1a: Steelix|Stealth Rock|p2a: Hitmontop\n|-sidestart|p2: HauntersNightmare|move: Stealth Rock\n|\n|turn|3\n|choice||\n|\n|switch|p1a: Spiritomb|Spiritomb, F|100\/100\n|move|p2a: Hitmontop|Toxic|p1a: Spiritomb\n|-status|p1a: Spiritomb|tox\n|\n|-damage|p1a: Spiritomb|95\/100 tox|[from] psn\n|turn|4\n|j|EG CTC\n|l|EG CTC\n|choice||\n|\n|switch|p2a: Sigilyph|Sigilyph, F|100\/100\n|move|p1a: Spiritomb|Will-O-Wisp|p2a: Sigilyph\n|-status|p2a: Sigilyph|brn\n|\n|-damage|p1a: Spiritomb|83\/100 tox|[from] psn\n|turn|5\n|choice||\n|\n|switch|p2a: Absol|Absol, M|100\/100\n|-damage|p2a: Absol|88\/100|[from] Stealth Rock\n|move|p1a: Spiritomb|Sucker Punch|p2a: Absol\n|-fail|p1a: Spiritomb\n|\n|-damage|p1a: Spiritomb|65\/100 tox|[from] psn\n|turn|6\n|choice||\n|\n|switch|p1a: Steelix|Steelix-Mega, F|100\/100\n|move|p2a: Absol|Swords Dance|p2a: Absol\n|-boost|p2a: Absol|atk|2\n|\n|turn|7\n|choice||\n|\n|move|p2a: Absol|Sucker Punch|p1a: Steelix\n|-damage|p1a: Steelix|53\/100\n|-damage|p2a: Absol|78\/100|[from] item: Life Orb\n|move|p1a: Steelix|Heavy Slam|p2a: Absol\n|-damage|p2a: Absol|0 fnt\n|faint|p2a: Absol\n|\n|choice||\n|\n|switch|p2a: Hitmontop|Hitmontop, M|100\/100\n|-damage|p2a: Hitmontop|94\/100|[from] Stealth Rock\n|-ability|p2a: Hitmontop|Intimidate|boost\n|-unboost|p1a: Steelix|atk|1\n|turn|8\n|choice||\n|\n|switch|p1a: Spiritomb|Spiritomb, F|65\/100 tox\n|move|p2a: Hitmontop|Rapid Spin|p1a: Spiritomb\n|-immune|p1a: Spiritomb|[msg]\n|\n|-heal|p2a: Hitmontop|100\/100|[from] item: Leftovers\n|-damage|p1a: Spiritomb|59\/100 tox|[from] psn\n|turn|9\n|choice||\n|\n|move|p2a: Hitmontop|Sucker Punch|p1a: Spiritomb\n|-damage|p1a: Spiritomb|34\/100 tox\n|move|p1a: Spiritomb|Shadow Sneak|p2a: Hitmontop\n|-damage|p2a: Hitmontop|79\/100\n|\n|-heal|p2a: Hitmontop|85\/100|[from] item: Leftovers\n|-damage|p1a: Spiritomb|22\/100 tox|[from] psn\n|turn|10\n|choice||\n|\n|switch|p2a: Sigilyph|Sigilyph, F|100\/100 brn\n|switch|p1a: Amoonguss|Amoonguss, F, shiny|100\/100\n|\n|turn|11\n|choice||\n|\n|switch|p1a: Aromatisse|Aromatisse, M|100\/100\n|move|p2a: Sigilyph|Calm Mind|p2a: Sigilyph\n|-boost|p2a: Sigilyph|spa|1\n|-boost|p2a: Sigilyph|spd|1\n|\n|turn|12\n|j|MonadoX\n|choice||\n|\n|move|p2a: Sigilyph|Calm Mind|p2a: Sigilyph\n|-boost|p2a: Sigilyph|spa|1\n|-boost|p2a: Sigilyph|spd|1\n|move|p1a: Aromatisse|Aromatherapy|p1a: Aromatisse\n|-cureteam|p1a: Aromatisse|[from] move: Aromatherapy\n|\n|turn|13\n|choice||\n|\n|move|p2a: Sigilyph|Psycho Shift|p1a: Aromatisse\n|-status|p1a: Aromatisse|brn\n|-curestatus|p2a: Sigilyph|brn\n|move|p1a: Aromatisse|Wish|p1a: Aromatisse\n|\n|-damage|p1a: Aromatisse|88\/100 brn|[from] brn\n|-status|p2a: Sigilyph|brn|[from] item: Flame Orb\n|turn|14\n|choice||\n|\n|switch|p1a: Steelix|Steelix-Mega, F|53\/100\n|move|p2a: Sigilyph|Psycho Shift|p1a: Steelix\n|-status|p1a: Steelix|brn\n|-curestatus|p2a: Sigilyph|brn\n|\n|-heal|p1a: Steelix|100\/100 brn|[from] move: Wish|[wisher] Aromatisse\n|-damage|p1a: Steelix|88\/100 brn|[from] brn\n|-status|p2a: Sigilyph|brn|[from] item: Flame Orb\n|turn|15\n|choice||\n|\n|move|p2a: Sigilyph|Air Slash|p1a: Steelix\n|-resisted|p1a: Steelix\n|-crit|p1a: Steelix\n|-damage|p1a: Steelix|58\/100 brn\n|cant|p1a: Steelix|flinch\n|\n|-damage|p1a: Steelix|46\/100 brn|[from] brn\n|turn|16\n|j|AD impish john\n|choice||\n|\n|switch|p1a: Mantine|Mantine, F|100\/100\n|move|p2a: Sigilyph|Air Slash|p1a: Mantine\n|-damage|p1a: Mantine|67\/100\n|\n|-heal|p1a: Mantine|73\/100|[from] item: Leftovers\n|turn|17\n|choice||\n|\n|switch|p1a: Aromatisse|Aromatisse, M|88\/100 brn\n|move|p2a: Sigilyph|Air Slash|p1a: Aromatisse\n|-damage|p1a: Aromatisse|51\/100 brn\n|\n|-heal|p1a: Aromatisse|57\/100 brn|[from] item: Leftovers\n|-damage|p1a: Aromatisse|45\/100 brn|[from] brn\n|turn|18\n|choice||\n|\n|move|p2a: Sigilyph|Calm Mind|p2a: Sigilyph\n|-boost|p2a: Sigilyph|spa|1\n|-boost|p2a: Sigilyph|spd|1\n|move|p1a: Aromatisse|Aromatherapy|p1a: Aromatisse\n|-cureteam|p1a: Aromatisse|[from] move: Aromatherapy\n|\n|-heal|p1a: Aromatisse|51\/100|[from] item: Leftovers\n|turn|19\n|choice||\n|\n|move|p2a: Sigilyph|Calm Mind|p2a: Sigilyph\n|-boost|p2a: Sigilyph|spa|1\n|-boost|p2a: Sigilyph|spd|1\n|move|p1a: Aromatisse|Wish|p1a: Aromatisse\n|\n|-heal|p1a: Aromatisse|57\/100|[from] item: Leftovers\n|turn|20\n|choice||\n|\n|switch|p1a: Steelix|Steelix-Mega, F|46\/100\n|move|p2a: Sigilyph|Psycho Shift|p1a: Steelix\n|-status|p1a: Steelix|brn\n|-curestatus|p2a: Sigilyph|brn\n|\n|-heal|p1a: Steelix|100\/100 brn|[from] move: Wish|[wisher] Aromatisse\n|-damage|p1a: Steelix|88\/100 brn|[from] brn\n|-status|p2a: Sigilyph|brn|[from] item: Flame Orb\n|turn|21\n|choice||\n|\n|move|p2a: Sigilyph|Air Slash|p1a: Steelix\n|-resisted|p1a: Steelix\n|-damage|p1a: Steelix|60\/100 brn\n|move|p1a: Steelix|Roar|p2a: Sigilyph\n|drag|p2a: Slowking|Slowking, M|100\/100\n|-damage|p2a: Slowking|88\/100|[from] Stealth Rock\n|\n|-heal|p2a: Slowking|94\/100|[from] item: Leftovers\n|-damage|p1a: Steelix|48\/100 brn|[from] brn\n|turn|22\n|choice||\n|\n|switch|p1a: Mantine|Mantine, F|73\/100\n|move|p2a: Slowking|Trick Room|p2a: Slowking\n|-fieldstart|move: Trick Room|[of] p2a: Slowking\n|\n|-heal|p2a: Slowking|99\/100|[from] item: Leftovers\n|-heal|p1a: Mantine|79\/100|[from] item: Leftovers\n|turn|23\n|choice||\n|\n|move|p2a: Slowking|Psyshock|p1a: Mantine\n|-damage|p1a: Mantine|38\/100\n|move|p1a: Mantine|Toxic|p2a: Slowking\n|-status|p2a: Slowking|tox\n|\n|-heal|p2a: Slowking|100\/100 tox|[from] item: Leftovers\n|-heal|p1a: Mantine|44\/100|[from] item: Leftovers\n|-damage|p2a: Slowking|94\/100 tox|[from] psn\n|turn|24\n|l|Tempest 209\n|choice||\n|\n|switch|p2a: Rotom|Rotom-Mow|100\/100\n|-damage|p2a: Rotom|88\/100|[from] Stealth Rock\n|switch|p1a: Alomomola|Alomomola, F|100\/100\n|\n|turn|25\n|choice||\n|\n|switch|p2a: Hitmontop|Hitmontop, M|85\/100\n|-damage|p2a: Hitmontop|79\/100|[from] Stealth Rock\n|-ability|p2a: Hitmontop|Intimidate|boost\n|-unboost|p1a: Alomomola|atk|1\n|move|p1a: Alomomola|Protect|p1a: Alomomola\n|-fail|p1a: Alomomola\n|\n|-heal|p2a: Hitmontop|85\/100|[from] item: Leftovers\n|turn|26\n|j|Tempest 209\n|choice||\n|\n|move|p1a: Alomomola|Wish|p1a: Alomomola\n|move|p2a: Hitmontop|Rapid Spin|p1a: Alomomola\n|-damage|p1a: Alomomola|96\/100\n|-sideend|p2: HauntersNightmare|Stealth Rock|[from] move: Rapid Spin|[of] p2a: Hitmontop\n|\n|-heal|p1a: Alomomola|100\/100|[from] item: Leftovers\n|-heal|p2a: Hitmontop|91\/100|[from] item: Leftovers\n|-fieldend|move: Trick Room\n|turn|27\n|choice||\n|\n|switch|p2a: Sigilyph|Sigilyph, F|100\/100 brn\n|switch|p1a: Aromatisse|Aromatisse, M|57\/100\n|\n|-heal|p1a: Aromatisse|100\/100|[from] move: Wish|[wisher] Alomomola\n|turn|28\n|choice||\n|\n|move|p2a: Sigilyph|Calm Mind|p2a: Sigilyph\n|-boost|p2a: Sigilyph|spa|1\n|-boost|p2a: Sigilyph|spd|1\n|move|p1a: Aromatisse|Wish|p1a: Aromatisse\n|\n|turn|29\n|choice||\n|\n|switch|p1a: Steelix|Steelix-Mega, F|48\/100 brn\n|move|p2a: Sigilyph|Calm Mind|p2a: Sigilyph\n|-boost|p2a: Sigilyph|spa|1\n|-boost|p2a: Sigilyph|spd|1\n|\n|-heal|p1a: Steelix|100\/100 brn|[from] move: Wish|[wisher] Aromatisse\n|-damage|p1a: Steelix|88\/100 brn|[from] brn\n|turn|30\n|choice||\n|\n|move|p2a: Sigilyph|Air Slash|p1a: Steelix\n|-resisted|p1a: Steelix\n|-damage|p1a: Steelix|67\/100 brn\n|move|p1a: Steelix|Roar|p2a: Sigilyph\n|drag|p2a: Hitmontop|Hitmontop, M|91\/100\n|-ability|p2a: Hitmontop|Intimidate|boost\n|-unboost|p1a: Steelix|atk|1\n|\n|-heal|p2a: Hitmontop|98\/100|[from] item: Leftovers\n|-damage|p1a: Steelix|55\/100 brn|[from] brn\n|turn|31\n|choice||\n|\n|switch|p2a: Sigilyph|Sigilyph, F|100\/100 brn\n|switch|p1a: Aromatisse|Aromatisse, M|100\/100\n|\n|turn|32\n|choice||\n|\n|move|p2a: Sigilyph|Calm Mind|p2a: Sigilyph\n|-boost|p2a: Sigilyph|spa|1\n|-boost|p2a: Sigilyph|spd|1\n|move|p1a: Aromatisse|Aromatherapy|p1a: Aromatisse\n|-cureteam|p1a: Aromatisse|[from] move: Aromatherapy\n|\n|turn|33\n|choice||\n|\n|move|p2a: Sigilyph|Psycho Shift|p1a: Aromatisse\n|-status|p1a: Aromatisse|brn\n|-curestatus|p2a: Sigilyph|brn\n|move|p1a: Aromatisse|Wish|p1a: Aromatisse\n|\n|-damage|p1a: Aromatisse|88\/100 brn|[from] brn\n|-status|p2a: Sigilyph|brn|[from] item: Flame Orb\n|turn|34\n|choice||\n|\n|switch|p1a: Steelix|Steelix-Mega, F|55\/100\n|move|p2a: Sigilyph|Psycho Shift|p1a: Steelix\n|-status|p1a: Steelix|brn\n|-curestatus|p2a: Sigilyph|brn\n|\n|-heal|p1a: Steelix|100\/100 brn|[from] move: Wish|[wisher] Aromatisse\n|-damage|p1a: Steelix|88\/100 brn|[from] brn\n|-status|p2a: Sigilyph|brn|[from] item: Flame Orb\n|turn|35\n|j|EG CTC\n|choice||\n|\n|switch|p1a: Spiritomb|Spiritomb, F|22\/100\n|move|p2a: Sigilyph|Air Slash|p1a: Spiritomb\n|-damage|p1a: Spiritomb|0 fnt\n|faint|p1a: Spiritomb\n|\n|choice||\n|\n|switch|p1a: Alomomola|Alomomola, F|100\/100\n|turn|36\n|choice||\n|\n|move|p2a: Sigilyph|Calm Mind|p2a: Sigilyph\n|-boost|p2a: Sigilyph|spa|1\n|-boost|p2a: Sigilyph|spd|1\n|move|p1a: Alomomola|Wish|p1a: Alomomola\n|\n|turn|37\n|choice||\n|\n|move|p2a: Sigilyph|Calm Mind|p2a: Sigilyph\n|-boost|p2a: Sigilyph|spa|1\n|-boost|p2a: Sigilyph|spd|1\n|move|p1a: Alomomola|Mirror Coat|p2a: Sigilyph\n|-fail|p2a: Sigilyph\n|\n|turn|38\n|choice||\n|\n|move|p2a: Sigilyph|Calm Mind|p2a: Sigilyph\n|-boost|p2a: Sigilyph|spa|1\n|-boost|p2a: Sigilyph|spd|1\n|move|p1a: Alomomola|Wish|p1a: Alomomola\n|\n|turn|39\n|choice||\n|\n|switch|p1a: Steelix|Steelix-Mega, F|88\/100 brn\n|move|p2a: Sigilyph|Calm Mind|p2a: Sigilyph\n|-boost|p2a: Sigilyph|spa|1\n|-boost|p2a: Sigilyph|spd|1\n|\n|-heal|p1a: Steelix|100\/100 brn|[from] move: Wish|[wisher] Alomomola\n|-damage|p1a: Steelix|88\/100 brn|[from] brn\n|turn|40\n|choice||\n|\n|move|p2a: Sigilyph|Air Slash|p1a: Steelix\n|-resisted|p1a: Steelix\n|-damage|p1a: Steelix|51\/100 brn\n|move|p1a: Steelix|Roar|p2a: Sigilyph\n|drag|p2a: Rotom|Rotom-Mow|88\/100\n|\n|-damage|p1a: Steelix|39\/100 brn|[from] brn\n|turn|41\n|c| EG CTC|toon\n|choice||\n|\n|switch|p1a: Amoonguss|Amoonguss, F, shiny|100\/100\n|move|p2a: Rotom|Trick|p1a: Amoonguss\n|-activate|p2a: Rotom|move: Trick|[of] p1a: Amoonguss\n|-item|p1a: Amoonguss|Choice Scarf|[from] move: Trick\n|-item|p2a: Rotom|Black Sludge|[from] move: Trick\n|\n|-damage|p2a: Rotom|76\/100|[from] item: Black Sludge\n|turn|42\n|c| EG CTC|how do you beat that\n|c|\u2605Suspects Are|this is so annoying :[\n|c|\u2605Suspects Are|i dont know\n|choice||\n|\n|switch|p1a: Alomomola|Alomomola, F|100\/100\n|move|p2a: Rotom|Volt Switch|p1a: Alomomola\n|-supereffective|p1a: Alomomola\n|-damage|p1a: Alomomola|53\/100\n|choice||\n|\n|switch|p2a: Sigilyph|Sigilyph, F|100\/100 brn\n|\n|-heal|p1a: Alomomola|59\/100|[from] item: Leftovers\n|turn|43\n|choice||\n|\n|move|p2a: Sigilyph|Calm Mind|p2a: Sigilyph\n|-boost|p2a: Sigilyph|spa|1\n|-boost|p2a: Sigilyph|spd|1\n|move|p1a: Alomomola|Wish|p1a: Alomomola\n|\n|-heal|p1a: Alomomola|65\/100|[from] item: Leftovers\n|turn|44\n|choice||\n|\n|switch|p1a: Steelix|Steelix-Mega, F|39\/100 brn\n|move|p2a: Sigilyph|Calm Mind|p2a: Sigilyph\n|-boost|p2a: Sigilyph|spa|1\n|-boost|p2a: Sigilyph|spd|1\n|\n|-heal|p1a: Steelix|100\/100 brn|[from] move: Wish|[wisher] Alomomola\n|-damage|p1a: Steelix|88\/100 brn|[from] brn\n|turn|45\n|choice||\n|\n|move|p2a: Sigilyph|Air Slash|p1a: Steelix\n|-resisted|p1a: Steelix\n|-damage|p1a: Steelix|68\/100 brn\n|move|p1a: Steelix|Roar|p2a: Sigilyph\n|drag|p2a: Steelix|Steelix, F|100\/100\n|\n|-damage|p1a: Steelix|56\/100 brn|[from] brn\n|turn|46\n|choice||\n|\n|switch|p1a: Alomomola|Alomomola, F|98\/100\n|detailschange|p2a: Steelix|Steelix-Mega, F\n|-mega|p2a: Steelix|Steelix|Steelixite\n|move|p2a: Steelix|Stealth Rock|p1a: Alomomola\n|-sidestart|p1: Suspects Are|move: Stealth Rock\n|\n|-heal|p1a: Alomomola|100\/100|[from] item: Leftovers\n|turn|47\n|choice||\n|\n|switch|p2a: Sigilyph|Sigilyph, F|100\/100 brn\n|move|p1a: Alomomola|Wish|p1a: Alomomola\n|\n|turn|48\n|choice||\n|\n|switch|p1a: Steelix|Steelix-Mega, F|56\/100 brn\n|-damage|p1a: Steelix|53\/100 brn|[from] Stealth Rock\n|move|p2a: Sigilyph|Calm Mind|p2a: Sigilyph\n|-boost|p2a: Sigilyph|spa|1\n|-boost|p2a: Sigilyph|spd|1\n|\n|-heal|p1a: Steelix|100\/100 brn|[from] move: Wish|[wisher] Alomomola\n|-damage|p1a: Steelix|88\/100 brn|[from] brn\n|turn|49\n|choice||\n|\n|switch|p2a: Hitmontop|Hitmontop, M|98\/100\n|-ability|p2a: Hitmontop|Intimidate|boost\n|-unboost|p1a: Steelix|atk|1\n|move|p1a: Steelix|Roar|p2a: Hitmontop\n|drag|p2a: Sigilyph|Sigilyph, F|100\/100 brn\n|\n|-damage|p1a: Steelix|76\/100 brn|[from] brn\n|turn|50\n|choice||\n|\n|move|p2a: Sigilyph|Air Slash|p1a: Steelix\n|-resisted|p1a: Steelix\n|-damage|p1a: Steelix|65\/100 brn\n|move|p1a: Steelix|Roar|p2a: Sigilyph\n|drag|p2a: Steelix|Steelix-Mega, F|100\/100\n|\n|-damage|p1a: Steelix|52\/100 brn|[from] brn\n|turn|51\n|choice||\n|\n|switch|p1a: Alomomola|Alomomola, F|100\/100\n|-damage|p1a: Alomomola|88\/100|[from] Stealth Rock\n|move|p2a: Steelix|Earthquake|p1a: Alomomola\n|-damage|p1a: Alomomola|48\/100\n|\n|-heal|p1a: Alomomola|54\/100|[from] item: Leftovers\n|turn|52\n|choice||\n|\n|switch|p2a: Sigilyph|Sigilyph, F|100\/100 brn\n|move|p1a: Alomomola|Wish|p1a: Alomomola\n|\n|-heal|p1a: Alomomola|60\/100|[from] item: Leftovers\n|turn|53\n|choice||\n|\n|switch|p2a: Hitmontop|Hitmontop, M|98\/100\n|-ability|p2a: Hitmontop|Intimidate|boost\n|-unboost|p1a: Alomomola|atk|1\n|switch|p1a: Steelix|Steelix-Mega, F|52\/100 brn\n|-damage|p1a: Steelix|49\/100 brn|[from] Stealth Rock\n|\n|-heal|p1a: Steelix|100\/100 brn|[from] move: Wish|[wisher] Alomomola\n|-heal|p2a: Hitmontop|100\/100|[from] item: Leftovers\n|-damage|p1a: Steelix|88\/100 brn|[from] brn\n|turn|54\n|choice||\n|\n|switch|p2a: Sigilyph|Sigilyph, F|100\/100 brn\n|switch|p1a: Aromatisse|Aromatisse, M|88\/100 brn\n|-damage|p1a: Aromatisse|76\/100 brn|[from] Stealth Rock\n|\n|-heal|p1a: Aromatisse|82\/100 brn|[from] item: Leftovers\n|-damage|p1a: Aromatisse|70\/100 brn|[from] brn\n|turn|55\n|choice||\n|\n|move|p2a: Sigilyph|Calm Mind|p2a: Sigilyph\n|-boost|p2a: Sigilyph|spa|1\n|-boost|p2a: Sigilyph|spd|1\n|move|p1a: Aromatisse|Wish|p1a: Aromatisse\n|\n|-heal|p1a: Aromatisse|76\/100 brn|[from] item: Leftovers\n|-damage|p1a: Aromatisse|64\/100 brn|[from] brn\n|turn|56\n|choice||\n|\n|switch|p1a: Steelix|Steelix-Mega, F|88\/100 brn\n|-damage|p1a: Steelix|85\/100 brn|[from] Stealth Rock\n|move|p2a: Sigilyph|Air Slash|p1a: Steelix\n|-resisted|p1a: Steelix\n|-damage|p1a: Steelix|71\/100 brn\n|\n|-heal|p1a: Steelix|100\/100 brn|[from] move: Wish|[wisher] Aromatisse\n|-damage|p1a: Steelix|88\/100 brn|[from] brn\n|turn|57\n|choice||\n|\n|switch|p2a: Hitmontop|Hitmontop, M|100\/100\n|-ability|p2a: Hitmontop|Intimidate|boost\n|-unboost|p1a: Steelix|atk|1\n|move|p1a: Steelix|Stealth Rock|p2a: Hitmontop\n|-sidestart|p2: HauntersNightmare|move: Stealth Rock\n|\n|-damage|p1a: Steelix|76\/100 brn|[from] brn\n|turn|58\n|choice||\n|\n|switch|p1a: Alomomola|Alomomola, F|94\/100\n|-damage|p1a: Alomomola|81\/100|[from] Stealth Rock\n|move|p2a: Hitmontop|Rapid Spin|p1a: Alomomola\n|-damage|p1a: Alomomola|77\/100\n|-sideend|p2: HauntersNightmare|Stealth Rock|[from] move: Rapid Spin|[of] p2a: Hitmontop\n|\n|-heal|p1a: Alomomola|83\/100|[from] item: Leftovers\n|turn|59\n|choice||\n|\n|move|p2a: Hitmontop|Toxic|p1a: Alomomola\n|-status|p1a: Alomomola|tox\n|move|p1a: Alomomola|Wish|p1a: Alomomola\n|\n|-heal|p1a: Alomomola|90\/100 tox|[from] item: Leftovers\n|-damage|p1a: Alomomola|83\/100 tox|[from] psn\n|turn|60\n|choice||\n|\n|switch|p2a: Steelix|Steelix-Mega, F|100\/100\n|move|p1a: Alomomola|Scald|p2a: Steelix\n|-supereffective|p2a: Steelix\n|-damage|p2a: Steelix|75\/100\n|\n|-heal|p1a: Alomomola|100\/100 tox|[from] move: Wish|[wisher] Alomomola\n|-damage|p1a: Alomomola|88\/100 tox|[from] psn\n|turn|61\n|choice||\n|\n|move|p1a: Alomomola|Scald|p2a: Steelix\n|-supereffective|p2a: Steelix\n|-damage|p2a: Steelix|48\/100\n|-status|p2a: Steelix|brn\n|move|p2a: Steelix|Earthquake|p1a: Alomomola\n|-damage|p1a: Alomomola|69\/100 tox\n|\n|-heal|p1a: Alomomola|76\/100 tox|[from] item: Leftovers\n|-damage|p1a: Alomomola|57\/100 tox|[from] psn\n|-damage|p2a: Steelix|35\/100 brn|[from] brn\n|turn|62\n|choice||\n|\n|move|p1a: Alomomola|Wish|p1a: Alomomola\n|move|p2a: Steelix|Dragon Tail|p1a: Alomomola\n|-damage|p1a: Alomomola|49\/100 tox\n|drag|p1a: Amoonguss|Amoonguss, F, shiny|100\/100\n|-damage|p1a: Amoonguss|88\/100|[from] Stealth Rock\n|\n|-damage|p2a: Steelix|23\/100 brn|[from] brn\n|turn|63\n|c| EG CTC|btw toon\n|c|\u2605Suspects Are|yeah\n|choice||\n|\n|move|p1a: Amoonguss|Giga Drain|p2a: Steelix\n|-damage|p2a: Steelix|0 fnt\n|-heal|p1a: Amoonguss|97\/100|[from] drain|[of] p2a: Steelix\n|faint|p2a: Steelix\n|\n|-heal|p1a: Amoonguss|100\/100|[from] move: Wish|[wisher] Alomomola\n|c| EG CTC|when am i battling in the team tour?\n|c|\u2605Suspects Are|ill go check\n|c| EG CTC|okie\n|c|\u2605Suspects Are|after this battle\n|choice||\n|\n|switch|p2a: Rotom|Rotom-Mow|76\/100\n|turn|64\n|j|Yuipo\n|choice||\n|\n|move|p2a: Rotom|Volt Switch|p1a: Amoonguss\n|-resisted|p1a: Amoonguss\n|-damage|p1a: Amoonguss|88\/100\n|choice||\n|\n|switch|p2a: Sigilyph|Sigilyph, F|100\/100 brn\n|move|p1a: Amoonguss|Giga Drain|p2a: Sigilyph\n|-resisted|p2a: Sigilyph\n|-damage|p2a: Sigilyph|86\/100 brn\n|-heal|p1a: Amoonguss|94\/100|[from] drain|[of] p2a: Sigilyph\n|\n|turn|65\n|choice||\n|\n|switch|p1a: Aromatisse|Aromatisse, M|64\/100 brn\n|-damage|p1a: Aromatisse|51\/100 brn|[from] Stealth Rock\n|move|p2a: Sigilyph|Air Slash|p1a: Aromatisse\n|-damage|p1a: Aromatisse|35\/100 brn\n|\n|-heal|p1a: Aromatisse|41\/100 brn|[from] item: Leftovers\n|-damage|p1a: Aromatisse|29\/100 brn|[from] brn\n|turn|66\n|choice||\n|\n|move|p2a: Sigilyph|Air Slash|p1a: Aromatisse\n|-damage|p1a: Aromatisse|11\/100 brn\n|move|p1a: Aromatisse|Wish|p1a: Aromatisse\n|\n|-heal|p1a: Aromatisse|17\/100 brn|[from] item: Leftovers\n|-damage|p1a: Aromatisse|5\/100 brn|[from] brn\n|turn|67\n|choice||\n|\n|move|p1a: Aromatisse|Protect|p1a: Aromatisse\n|-singleturn|p1a: Aromatisse|Protect\n|move|p2a: Sigilyph|Calm Mind|p2a: Sigilyph\n|-boost|p2a: Sigilyph|spa|1\n|-boost|p2a: Sigilyph|spd|1\n|\n|-heal|p1a: Aromatisse|55\/100 brn|[from] move: Wish|[wisher] Aromatisse\n|-heal|p1a: Aromatisse|61\/100 brn|[from] item: Leftovers\n|-damage|p1a: Aromatisse|49\/100 brn|[from] brn\n|turn|68\n|choice||\n|\n|move|p2a: Sigilyph|Air Slash|p1a: Aromatisse\n|-crit|p1a: Aromatisse\n|-damage|p1a: Aromatisse|9\/100 brn\n|cant|p1a: Aromatisse|flinch\n|\n|-heal|p1a: Aromatisse|15\/100 brn|[from] item: Leftovers\n|-damage|p1a: Aromatisse|3\/100 brn|[from] brn\n|turn|69\n|c|\u2605Suspects Are|UGH\n|choice||\n|\n|switch|p1a: Steelix|Steelix-Mega, F|76\/100 brn\n|-damage|p1a: Steelix|72\/100 brn|[from] Stealth Rock\n|move|p2a: Sigilyph|Air Slash|p1a: Steelix\n|-resisted|p1a: Steelix\n|-damage|p1a: Steelix|58\/100 brn\n|\n|-damage|p1a: Steelix|45\/100 brn|[from] brn\n|turn|70\n|c|\u2605Suspects Are|that is so annoying\n|choice||\n|\n|move|p2a: Sigilyph|Air Slash|p1a: Steelix\n|-resisted|p1a: Steelix\n|-damage|p1a: Steelix|29\/100 brn\n|move|p1a: Steelix|Roar|p2a: Sigilyph\n|drag|p2a: Slowking|Slowking, M|100\/100 tox\n|\n|-damage|p1a: Steelix|17\/100 brn|[from] brn\n|-damage|p2a: Slowking|94\/100 tox|[from] psn\n|turn|71\n|choice||\n|\n|switch|p1a: Alomomola|Alomomola, F|83\/100 tox\n|-damage|p1a: Alomomola|70\/100 tox|[from] Stealth Rock\n|switch|p2a: Sigilyph|Sigilyph, F|86\/100 brn\n|\n|-heal|p1a: Alomomola|76\/100 tox|[from] item: Leftovers\n|-damage|p1a: Alomomola|70\/100 tox|[from] psn\n|turn|72\n|choice||\n|\n|move|p2a: Sigilyph|Calm Mind|p2a: Sigilyph\n|-boost|p2a: Sigilyph|spa|1\n|-boost|p2a: Sigilyph|spd|1\n|move|p1a: Alomomola|Wish|p1a: Alomomola\n|\n|-heal|p1a: Alomomola|76\/100 tox|[from] item: Leftovers\n|-damage|p1a: Alomomola|64\/100 tox|[from] psn\n|turn|73\n|choice||\n|\n|move|p2a: Sigilyph|Air Slash|p1a: Alomomola\n|-damage|p1a: Alomomola|30\/100 tox\n|move|p1a: Alomomola|Mirror Coat|p2a: Sigilyph\n|-damage|p2a: Sigilyph|0 fnt\n|faint|p2a: Sigilyph\n|\n|-heal|p1a: Alomomola|80\/100 tox|[from] move: Wish|[wisher] Alomomola\n|-heal|p1a: Alomomola|87\/100 tox|[from] item: Leftovers\n|-damage|p1a: Alomomola|68\/100 tox|[from] psn\n|c|\u2605Suspects Are|YES\n|c|\u2605HauntersNightmare|ugh\n|c|\u2605Suspects Are|GG\n|l|MonadoX\n|choice||\n|\n|switch|p2a: Rotom|Rotom-Mow|76\/100\n|turn|74\n|choice||\n|\n|move|p2a: Rotom|Leaf Storm|p1a: Alomomola\n|-supereffective|p1a: Alomomola\n|-damage|p1a: Alomomola|0 fnt\n|-unboost|p2a: Rotom|spa|2\n|faint|p1a: Alomomola\n|\n|-damage|p2a: Rotom|63\/100|[from] item: Black Sludge\n|c|\u2605Suspects Are|rip\n|choice||\n|\n|switch|p1a: Amoonguss|Amoonguss, F, shiny|100\/100\n|-damage|p1a: Amoonguss|88\/100|[from] Stealth Rock\n|turn|75\n|choice||\n|\n|switch|p2a: Slowking|Slowking, M|100\/100 tox\n|move|p1a: Amoonguss|Spore|p2a: Slowking\n|-fail|p2a: Slowking\n|\n|-damage|p2a: Slowking|94\/100 tox|[from] psn\n|turn|76\n|choice||\n|\n|switch|p1a: Aromatisse|Aromatisse, M|3\/100 brn\n|-damage|p1a: Aromatisse|0 fnt|[from] Stealth Rock\n|faint|p1a: Aromatisse\n|move|p2a: Slowking|Trick Room|p2a: Slowking\n|-fieldstart|move: Trick Room|[of] p2a: Slowking\n|\n|-heal|p2a: Slowking|100\/100 tox|[from] item: Leftovers\n|-damage|p2a: Slowking|88\/100 tox|[from] psn\n|choice||\n|\n|switch|p1a: Amoonguss|Amoonguss, F, shiny|100\/100\n|-damage|p1a: Amoonguss|88\/100|[from] Stealth Rock\n|turn|77\n|choice||\n|\n|move|p2a: Slowking|Psyshock|p1a: Amoonguss\n|-supereffective|p1a: Amoonguss\n|-damage|p1a: Amoonguss|43\/100\n|move|p1a: Amoonguss|Giga Drain|p2a: Slowking\n|-supereffective|p2a: Slowking\n|-damage|p2a: Slowking|51\/100 tox\n|-heal|p1a: Amoonguss|60\/100|[from] drain|[of] p2a: Slowking\n|\n|-heal|p2a: Slowking|57\/100 tox|[from] item: Leftovers\n|-damage|p2a: Slowking|39\/100 tox|[from] psn\n|turn|78\n|choice||\n|\n|move|p2a: Slowking|Psyshock|p1a: Amoonguss\n|-supereffective|p1a: Amoonguss\n|-damage|p1a: Amoonguss|18\/100\n|move|p1a: Amoonguss|Giga Drain|p2a: Slowking\n|-supereffective|p2a: Slowking\n|-damage|p2a: Slowking|2\/100 tox\n|-heal|p1a: Amoonguss|35\/100|[from] drain|[of] p2a: Slowking\n|\n|-heal|p2a: Slowking|8\/100 tox|[from] item: Leftovers\n|-damage|p2a: Slowking|0 fnt|[from] psn\n|faint|p2a: Slowking\n|c|\u2605HauntersNightmare|that might have been dumb\n|choice||\n|\n|switch|p2a: Rotom|Rotom-Mow|63\/100\n|turn|79\n|c| EG CTC|hauntersnightmare\n|c|\u2605HauntersNightmare|yea\n|choice||\n|\n|switch|p1a: Steelix|Steelix-Mega, F|17\/100 brn\n|-damage|p1a: Steelix|14\/100 brn|[from] Stealth Rock\n|move|p2a: Rotom|Discharge|p1a: Steelix\n|-immune|p1a: Steelix|[msg]\n|\n|-damage|p2a: Rotom|51\/100|[from] item: Black Sludge\n|-damage|p1a: Steelix|1\/100 brn|[from] brn\n|turn|80\n|c| EG CTC|how did you lose you had sig which reqs him\n|c|\u2605HauntersNightmare|i fucked up\n|c| EG CTC|i see\n|c|\u2605HauntersNightmare|i forgot he had mirror shot\n|choice||\n|\n|move|p1a: Steelix|Stealth Rock|p2a: Rotom\n|-sidestart|p2: HauntersNightmare|move: Stealth Rock\n|move|p2a: Rotom|Leaf Storm|p1a: Steelix\n|-damage|p1a: Steelix|0 fnt\n|-unboost|p2a: Rotom|spa|2\n|faint|p1a: Steelix\n|\n|-damage|p2a: Rotom|39\/100|[from] item: Black Sludge\n|-fieldend|move: Trick Room\n|choice||\n|\n|switch|p1a: Amoonguss|Amoonguss, F, shiny|69\/100\n|-damage|p1a: Amoonguss|56\/100|[from] Stealth Rock\n|turn|81\n|c| Yuipo|wow toon\n|c|\u2605Suspects Are|ikr\n|choice||\n|\n|move|p2a: Rotom|Volt Switch|p1a: Amoonguss\n|-resisted|p1a: Amoonguss\n|-damage|p1a: Amoonguss|49\/100\n|c|\u2605Suspects Are|i pulled it off\n|choice||\n|\n|switch|p2a: Hitmontop|Hitmontop, M|100\/100\n|-damage|p2a: Hitmontop|94\/100|[from] Stealth Rock\n|-ability|p2a: Hitmontop|Intimidate|boost\n|-unboost|p1a: Amoonguss|atk|1\n|move|p1a: Amoonguss|Sludge Bomb|p2a: Hitmontop\n|-damage|p2a: Hitmontop|70\/100\n|\n|-heal|p2a: Hitmontop|76\/100|[from] item: Leftovers\n|turn|82\n|c| Yuipo|you must be so good at stall now\n|choice||\n|\n|move|p2a: Hitmontop|Sucker Punch|p1a: Amoonguss\n|-damage|p1a: Amoonguss|32\/100\n|move|p1a: Amoonguss|Sludge Bomb|p2a: Hitmontop\n|-damage|p2a: Hitmontop|49\/100\n|\n|-heal|p2a: Hitmontop|55\/100|[from] item: Leftovers\n|turn|83\n|choice||\n|\n|switch|p1a: Mantine|Mantine, F|44\/100\n|-damage|p1a: Mantine|19\/100|[from] Stealth Rock\n|move|p2a: Hitmontop|Toxic|p1a: Mantine\n|-status|p1a: Mantine|tox\n|\n|-heal|p1a: Mantine|25\/100 tox|[from] item: Leftovers\n|-heal|p2a: Hitmontop|61\/100|[from] item: Leftovers\n|-damage|p1a: Mantine|19\/100 tox|[from] psn\n|turn|84\n|choice||\n|\n|move|p1a: Mantine|Defog|p2a: Hitmontop\n|-unboost|p2a: Hitmontop|evasion|1\n|-sideend|p2: HauntersNightmare|Stealth Rock|[from] move: Defog|[of] p2a: Hitmontop\n|-sideend|p1: Suspects Are|Stealth Rock|[from] move: Defog|[of] p1a: Mantine\n|move|p2a: Hitmontop|Close Combat|p1a: Mantine\n|-resisted|p1a: Mantine\n|-damage|p1a: Mantine|0 fnt\n|-unboost|p2a: Hitmontop|def|1\n|-unboost|p2a: Hitmontop|spd|1\n|faint|p1a: Mantine\n|\n|-heal|p2a: Hitmontop|68\/100|[from] item: Leftovers\n|choice||\n|\n|switch|p1a: Amoonguss|Amoonguss, F, shiny|65\/100\n|turn|85\n|c| EG CTC|you have rest?\n|c| EG CTC|oh\n|c|\u2605Suspects Are|no\n|c| EG CTC|i use rest\n|c|\u2605Suspects Are|do i lose\n|choice||\n|\n|move|p2a: Hitmontop|Sucker Punch|p1a: Amoonguss\n|-damage|p1a: Amoonguss|48\/100\n|move|p1a: Amoonguss|Giga Drain|p2a: Hitmontop\n|-damage|p2a: Hitmontop|34\/100\n|-heal|p1a: Amoonguss|60\/100|[from] drain|[of] p2a: Hitmontop\n|\n|-heal|p2a: Hitmontop|40\/100|[from] item: Leftovers\n|turn|86\n|c| EG CTC|no\n|c| Yuipo|no\n|choice||\n|\n|switch|p2a: Rotom|Rotom-Mow|39\/100\n|move|p1a: Amoonguss|Giga Drain|p2a: Rotom\n|-resisted|p2a: Rotom\n|-damage|p2a: Rotom|23\/100\n|-heal|p1a: Amoonguss|65\/100|[from] drain|[of] p2a: Rotom\n|\n|-damage|p2a: Rotom|11\/100|[from] item: Black Sludge\n|turn|87\n|c|\u2605Suspects Are|ok good\n|choice||\n|\n|move|p2a: Rotom|Discharge|p1a: Amoonguss\n|-resisted|p1a: Amoonguss\n|-damage|p1a: Amoonguss|50\/100\n|move|p1a: Amoonguss|Giga Drain|p2a: Rotom\n|-resisted|p2a: Rotom\n|-damage|p2a: Rotom|0 fnt\n|-heal|p1a: Amoonguss|53\/100|[from] drain|[of] p2a: Rotom\n|faint|p2a: Rotom\n|\n|c|\u2605HauntersNightmare|gg man\n|c|\u2605Suspects Are|gg.\n|c|\u2605Suspects Are|that was hella close\n|c|\u2605Suspects Are|phew.\n|c|\u2605HauntersNightmare|yeah\n|-message|HauntersNightmare forfeited.\n|\n|win|Suspects Are\n|player|p1\n|player|p2\n|c|\u2605Suspects Are|sigi is so annoying","inputlog":null,"uploadtime":1456190895,"views":0,"p1id":"suspectsare","p2id":"hauntersnightmare","formatid":"rususpecttest","rating":0,"private":0,"password":null}