{"id":"rususpecttest-332894455","p1":"HauntersNightmare","p2":"Uniquadrasicorn","format":"rususpecttest","log":"|j|HauntersNightmare\n|j|Uniquadrasicorn\n|player|p1|HauntersNightmare|153\n|player|p2|Uniquadrasicorn|108\n|gametype|singles\n|gen|6\n|tier|RU (suspect test)\n|rated\n|seed|\n|rule|Sleep Clause Mod: Limit one foe put to sleep\n|rule|Species Clause: Limit one of each Pok\u00e9mon\n|rule|OHKO Clause: OHKO moves are banned\n|rule|Moody Clause: Moody is banned\n|rule|Evasion Moves Clause: Evasion moves are banned\n|rule|Endless Battle Clause: Forcing endless battles is banned\n|rule|HP Percentage Mod: HP is shown in percentages\n|clearpoke\n|poke|p1|Durant, M|item\n|poke|p1|Accelgor, M|item\n|poke|p1|Rhyperior, F|item\n|poke|p1|Granbull, F|item\n|poke|p1|Samurott, F|item\n|poke|p1|Abomasnow, F|item\n|poke|p2|Sneasel, M|item\n|poke|p2|Manectric, M|item\n|poke|p2|Combusken, M|item\n|poke|p2|Trevenant, M|item\n|poke|p2|Ludicolo, M|item\n|poke|p2|Exploud, F|item\n|rule|Swagger Clause: Swagger is banned\n|rule|Baton Pass Clause: Limit one Baton Passer, can't pass Spe and other stats simultaneously\n|teampreview\n|choice||\n|\n|start\n|switch|p1a: Rhyperior|Rhyperior, F|100\/100\n|switch|p2a: Kamaitachi|Sneasel, M|100\/100\n|turn|1\n|choice||\n|\n|move|p2a: Kamaitachi|Fake Out|p1a: Rhyperior\n|-resisted|p1a: Rhyperior\n|-damage|p1a: Rhyperior|97\/100\n|cant|p1a: Rhyperior|flinch\n|\n|-heal|p1a: Rhyperior|100\/100|[from] item: Leftovers\n|turn|2\n|choice||\n|\n|move|p2a: Kamaitachi|Beat Up|p1a: Rhyperior\n|-damage|p1a: Rhyperior|97\/100\n|-damage|p1a: Rhyperior|93\/100\n|-damage|p1a: Rhyperior|90\/100\n|-damage|p1a: Rhyperior|85\/100\n|-damage|p1a: Rhyperior|82\/100\n|-damage|p1a: Rhyperior|78\/100\n|-hitcount|p1a: Rhyperior|6\n|cant|p1a: Rhyperior|flinch\n|\n|-heal|p1a: Rhyperior|84\/100|[from] item: Leftovers\n|turn|3\n|choice||\n|\n|move|p2a: Kamaitachi|Beat Up|p1a: Rhyperior\n|-damage|p1a: Rhyperior|80\/100\n|-damage|p1a: Rhyperior|77\/100\n|-damage|p1a: Rhyperior|73\/100\n|-damage|p1a: Rhyperior|69\/100\n|-damage|p1a: Rhyperior|65\/100\n|-damage|p1a: Rhyperior|62\/100\n|-hitcount|p1a: Rhyperior|6\n|cant|p1a: Rhyperior|flinch\n|\n|-heal|p1a: Rhyperior|68\/100|[from] item: Leftovers\n|turn|4\n|choice||\n|\n|switch|p1a: Granbull|Granbull, F|100\/100\n|-ability|p1a: Granbull|Intimidate|boost\n|-unboost|p2a: Kamaitachi|atk|1\n|move|p2a: Kamaitachi|Beat Up|p1a: Granbull\n|-resisted|p1a: Granbull\n|-damage|p1a: Granbull|98\/100\n|-resisted|p1a: Granbull\n|-damage|p1a: Granbull|96\/100\n|-resisted|p1a: Granbull\n|-damage|p1a: Granbull|94\/100\n|-resisted|p1a: Granbull\n|-damage|p1a: Granbull|91\/100\n|-resisted|p1a: Granbull\n|-damage|p1a: Granbull|89\/100\n|-resisted|p1a: Granbull\n|-damage|p1a: Granbull|87\/100\n|-hitcount|p1a: Granbull|6\n|\n|turn|5\n|choice||\n|\n|switch|p2a: Jubokko|Trevenant, M|100\/100\n|switch|p1a: Durant|Durant, M|100\/100\n|\n|turn|6\n|choice||\n|\n|move|p1a: Durant|X-Scissor|p2a: Jubokko\n|-damage|p2a: Jubokko|61\/100\n|-damage|p1a: Durant|91\/100|[from] item: Life Orb\n|move|p2a: Jubokko|Drain Punch|p1a: Durant\n|-damage|p1a: Durant|67\/100\n|-heal|p2a: Jubokko|70\/100|[from] drain|[of] p1a: Durant\n|\n|-heal|p2a: Jubokko|76\/100|[from] item: Leftovers\n|turn|7\n|choice||\n|\n|move|p1a: Durant|Iron Head|p2a: Jubokko\n|-damage|p2a: Jubokko|39\/100\n|-damage|p1a: Durant|57\/100|[from] item: Life Orb\n|move|p2a: Jubokko|Leech Seed|p1a: Durant\n|-start|p1a: Durant|move: Leech Seed\n|\n|-heal|p2a: Jubokko|45\/100|[from] item: Leftovers\n|-damage|p1a: Durant|44\/100|[from] Leech Seed|[of] p2a: Jubokko\n|-heal|p2a: Jubokko|54\/100|[silent]\n|turn|8\n|choice||\n|\n|switch|p1a: Abomasnow|Abomasnow, F|100\/100\n|move|p2a: Jubokko|Drain Punch|p1a: Abomasnow\n|-supereffective|p1a: Abomasnow\n|-damage|p1a: Abomasnow|43\/100\n|-heal|p2a: Jubokko|79\/100|[from] drain|[of] p1a: Abomasnow\n|\n|-heal|p2a: Jubokko|85\/100|[from] item: Leftovers\n|turn|9\n|choice||\n|\n|switch|p2a: Kamaitachi|Sneasel, M|100\/100\n|detailschange|p1a: Abomasnow|Abomasnow-Mega, F\n|-mega|p1a: Abomasnow|Abomasnow|Abomasite\n|-weather|Hail|[from] ability: Snow Warning|[of] p1a: Abomasnow\n|move|p1a: Abomasnow|Blizzard|p2a: Kamaitachi\n|-resisted|p2a: Kamaitachi\n|-damage|p2a: Kamaitachi|47\/100\n|\n|-weather|Hail|[upkeep]\n|turn|10\n|choice||\n|\n|switch|p1a: Granbull|Granbull, F|87\/100\n|-ability|p1a: Granbull|Intimidate|boost\n|-unboost|p2a: Kamaitachi|atk|1\n|move|p2a: Kamaitachi|Fake Out|p1a: Granbull\n|-damage|p1a: Granbull|78\/100\n|\n|-weather|Hail|[upkeep]\n|-damage|p1a: Granbull|72\/100|[from] hail\n|turn|11\n|choice||\n|\n|switch|p2a: Jubokko|Trevenant, M|85\/100\n|switch|p1a: Durant|Durant, M|44\/100\n|\n|-weather|Hail|[upkeep]\n|-damage|p1a: Durant|38\/100|[from] hail\n|-damage|p2a: Jubokko|79\/100|[from] hail\n|-heal|p2a: Jubokko|85\/100|[from] item: Leftovers\n|turn|12\n|choice||\n|\n|switch|p1a: Accelgor|Accelgor, M|100\/100\n|move|p2a: Jubokko|Drain Punch|p1a: Accelgor\n|-resisted|p1a: Accelgor\n|-damage|p1a: Accelgor|77\/100\n|-heal|p2a: Jubokko|94\/100|[from] drain|[of] p1a: Accelgor\n|\n|-weather|Hail|[upkeep]\n|-damage|p1a: Accelgor|71\/100|[from] hail\n|-damage|p2a: Jubokko|88\/100|[from] hail\n|-heal|p2a: Jubokko|94\/100|[from] item: Leftovers\n|turn|13\n|choice||\n|\n|switch|p2a: Basan|Combusken, M|100\/100\n|move|p1a: Accelgor|Bug Buzz|p2a: Basan\n|-resisted|p2a: Basan\n|-damage|p2a: Basan|83\/100\n|-damage|p1a: Accelgor|62\/100|[from] item: Life Orb\n|\n|-weather|none\n|turn|14\n|choice||\n|\n|move|p1a: Accelgor|Spikes|p2a: Basan\n|-sidestart|p2: Uniquadrasicorn|Spikes\n|move|p2a: Basan|Work Up|p2a: Basan\n|-boost|p2a: Basan|atk|1\n|-boost|p2a: Basan|spa|1\n|\n|-ability|p2a: Basan|Speed Boost|boost\n|-boost|p2a: Basan|spe|1\n|turn|15\n|choice||\n|\n|move|p1a: Accelgor|Focus Blast|p2a: Basan\n|-damage|p2a: Basan|22\/100\n|-damage|p1a: Accelgor|52\/100|[from] item: Life Orb\n|move|p2a: Basan|Work Up|p2a: Basan\n|-boost|p2a: Basan|atk|1\n|-boost|p2a: Basan|spa|1\n|\n|-ability|p2a: Basan|Speed Boost|boost\n|-boost|p2a: Basan|spe|1\n|turn|16\n|choice||\n|\n|move|p2a: Basan|Protect|p2a: Basan\n|-singleturn|p2a: Basan|Protect\n|move|p1a: Accelgor|Bug Buzz|p2a: Basan\n|-activate|p2a: Basan|Protect\n|\n|-ability|p2a: Basan|Speed Boost|boost\n|-boost|p2a: Basan|spe|1\n|turn|17\n|choice||\n|\n|move|p2a: Basan|Flamethrower|p1a: Accelgor\n|-supereffective|p1a: Accelgor\n|-damage|p1a: Accelgor|0 fnt\n|faint|p1a: Accelgor\n|\n|-ability|p2a: Basan|Speed Boost|boost\n|-boost|p2a: Basan|spe|1\n|choice||\n|\n|switch|p1a: Samurott|Samurott, F|100\/100\n|turn|18\n|choice||\n|\n|move|p1a: Samurott|Aqua Jet|p2a: Basan\n|-supereffective|p2a: Basan\n|-damage|p2a: Basan|0 fnt\n|faint|p2a: Basan\n|\n|choice||\n|\n|switch|p2a: Jubokko|Trevenant, M|94\/100\n|-damage|p2a: Jubokko|82\/100|[from] Spikes\n|turn|19\n|choice||\n|\n|switch|p1a: Durant|Durant, M|38\/100\n|move|p2a: Jubokko|Drain Punch|p1a: Durant\n|-damage|p1a: Durant|13\/100\n|-heal|p2a: Jubokko|90\/100|[from] drain|[of] p1a: Durant\n|\n|-heal|p2a: Jubokko|96\/100|[from] item: Leftovers\n|turn|20\n|choice||\n|\n|move|p1a: Durant|Iron Head|p2a: Jubokko\n|-damage|p2a: Jubokko|57\/100\n|-damage|p1a: Durant|4\/100|[from] item: Life Orb\n|move|p2a: Jubokko|Drain Punch|p1a: Durant\n|-damage|p1a: Durant|0 fnt\n|-heal|p2a: Jubokko|58\/100|[from] drain|[of] p1a: Durant\n|faint|p1a: Durant\n|\n|-heal|p2a: Jubokko|64\/100|[from] item: Leftovers\n|choice||\n|\n|switch|p1a: Granbull|Granbull, F|72\/100\n|-ability|p1a: Granbull|Intimidate|boost\n|-unboost|p2a: Jubokko|atk|1\n|turn|21\n|choice||\n|\n|move|p2a: Jubokko|Leech Seed|p1a: Granbull\n|-start|p1a: Granbull|move: Leech Seed\n|move|p1a: Granbull|Play Rough|p2a: Jubokko\n|-damage|p2a: Jubokko|12\/100\n|\n|-heal|p2a: Jubokko|18\/100|[from] item: Leftovers\n|-damage|p1a: Granbull|59\/100|[from] Leech Seed|[of] p2a: Jubokko\n|-heal|p2a: Jubokko|30\/100|[silent]\n|turn|22\n|choice||\n|\n|switch|p2a: Kamaitachi|Sneasel, M|47\/100\n|-damage|p2a: Kamaitachi|35\/100|[from] Spikes\n|switch|p1a: Abomasnow|Abomasnow-Mega, F|43\/100\n|-weather|Hail|[from] ability: Snow Warning|[of] p1a: Abomasnow\n|\n|-weather|Hail|[upkeep]\n|turn|23\n|choice||\n|\n|switch|p1a: Granbull|Granbull, F|59\/100\n|-ability|p1a: Granbull|Intimidate|boost\n|-unboost|p2a: Kamaitachi|atk|1\n|move|p2a: Kamaitachi|Fake Out|p1a: Granbull\n|-damage|p1a: Granbull|51\/100\n|\n|-weather|Hail|[upkeep]\n|-damage|p1a: Granbull|45\/100|[from] hail\n|turn|24\n|choice||\n|\n|move|p2a: Kamaitachi|Beat Up|p1a: Granbull\n|-resisted|p1a: Granbull\n|-damage|p1a: Granbull|42\/100\n|-resisted|p1a: Granbull\n|-damage|p1a: Granbull|40\/100\n|-resisted|p1a: Granbull\n|-damage|p1a: Granbull|37\/100\n|-resisted|p1a: Granbull\n|-damage|p1a: Granbull|35\/100\n|-resisted|p1a: Granbull\n|-damage|p1a: Granbull|33\/100\n|-hitcount|p1a: Granbull|5\n|move|p1a: Granbull|Play Rough|p2a: Kamaitachi\n|-supereffective|p2a: Kamaitachi\n|-damage|p2a: Kamaitachi|0 fnt\n|faint|p2a: Kamaitachi\n|\n|-weather|Hail|[upkeep]\n|-damage|p1a: Granbull|27\/100|[from] hail\n|choice||\n|\n|switch|p2a: Uwan|Exploud, F|100\/100\n|-damage|p2a: Uwan|88\/100|[from] Spikes\n|turn|25\n|choice||\n|\n|switch|p1a: Abomasnow|Abomasnow-Mega, F|43\/100\n|move|p2a: Uwan|Boomburst|p1a: Abomasnow\n|-damage|p1a: Abomasnow|0 fnt\n|-damage|p2a: Uwan|78\/100|[from] item: Life Orb\n|faint|p1a: Abomasnow\n|\n|-weather|Hail|[upkeep]\n|-damage|p2a: Uwan|72\/100|[from] hail\n|choice||\n|\n|switch|p1a: Rhyperior|Rhyperior, F|68\/100\n|turn|26\n|choice||\n|\n|move|p2a: Uwan|Focus Blast|p1a: Rhyperior\n|-supereffective|p1a: Rhyperior\n|-damage|p1a: Rhyperior|2\/100\n|-damage|p2a: Uwan|62\/100|[from] item: Life Orb\n|move|p1a: Rhyperior|Stealth Rock|p2a: Uwan\n|-sidestart|p2: Uniquadrasicorn|move: Stealth Rock\n|\n|-weather|none\n|-heal|p1a: Rhyperior|8\/100|[from] item: Leftovers\n|turn|27\n|choice||\n|\n|move|p2a: Uwan|Boomburst|p1a: Rhyperior\n|-resisted|p1a: Rhyperior\n|-damage|p1a: Rhyperior|0 fnt\n|-damage|p2a: Uwan|52\/100|[from] item: Life Orb\n|faint|p1a: Rhyperior\n|\n|choice||\n|\n|switch|p1a: Samurott|Samurott, F|100\/100\n|turn|28\n|choice||\n|\n|move|p1a: Samurott|Waterfall|p2a: Uwan\n|-damage|p2a: Uwan|10\/100\n|move|p2a: Uwan|Rest|p2a: Uwan\n|-status|p2a: Uwan|slp\n|-heal|p2a: Uwan|100\/100 slp|[silent]\n|-status|p2a: Uwan|slp|[from] move: Rest\n|\n|turn|29\n|choice||\n|\n|move|p1a: Samurott|Swords Dance|p1a: Samurott\n|-boost|p1a: Samurott|atk|2\n|cant|p2a: Uwan|slp\n|move|p2a: Uwan|Sleep Talk|p2a: Uwan\n|move|p2a: Uwan|Boomburst|p1a: Samurott|[from]Sleep Talk\n|-crit|p1a: Samurott\n|-damage|p1a: Samurott|0 fnt\n|-damage|p2a: Uwan|91\/100 slp|[from] item: Life Orb\n|faint|p1a: Samurott\n|\n|-message|HauntersNightmare forfeited.\n|\n|win|Uniquadrasicorn\n|player|p1\n|player|p2\n|l|HauntersNightmare\n|raw|HauntersNightmare's rating: 1149 &rarr; <strong>1118<\/strong><br \/>(-31 for losing)\n|raw|Uniquadrasicorn's rating: 1065 &rarr; <strong>1102<\/strong><br \/>(+37 for winning)","inputlog":null,"uploadtime":1455856587,"views":0,"p1id":"hauntersnightmare","p2id":"uniquadrasicorn","formatid":"rususpecttest","rating":1102,"private":0,"password":null}