{"id":"smogtours-gen7ou-273366","p1":"Gotham Paladin","p2":"Finding True Love","format":"gen7ou","log":"|inactive|Battle timer is ON: inactive players will automatically lose when time's up.\n|J|Gotham Paladin\n|J|Finding True Love\n|player|p1|Gotham Paladin|283\n|player|p2|Finding True Love|130\n|gametype|singles\n|gen|7\n|tier|[Gen 7] OU\n|seed|62962,64326,48251,1298\n|clearpoke\n|poke|p1|Volcarona, F|item\n|poke|p1|Toxapex, F|item\n|poke|p1|Dugtrio, M|item\n|poke|p1|Landorus-Therian, M|item\n|poke|p1|Scizor, F|item\n|poke|p1|Tangrowth, F|item\n|poke|p2|Landorus-Therian, M|item\n|poke|p2|Ferrothorn, F|item\n|poke|p2|Mawile, F|item\n|poke|p2|Suicune|item\n|poke|p2|Zygarde|item\n|poke|p2|Gengar, F|item\n|rule|Baton Pass Clause: Limit one Baton Passer, can't pass Spe and other stats simultaneously\n|rule|Sleep Clause Mod: Limit one foe put to sleep\n|rule|Species Clause: Limit one of each Pok\u00e9mon\n|rule|OHKO Clause: OHKO moves are banned\n|rule|Moody Clause: Moody is banned\n|rule|Evasion Moves Clause: Evasion moves are banned\n|rule|Endless Battle Clause: Forcing endless battles is banned\n|rule|HP Percentage Mod: HP is shown in percentages\n|teampreview\n|c|\u2606Gotham Paladin|hf\n|c|\u2606Finding True Love|Have fun.\n|choice|team 1, team 2, team 3, team 4, team 5, team 6|team 1, team 2, team 3, team 4, team 5, team 6\n|\n|start\n|switch|p1a: Volcarona|Volcarona, F|311\/311\n|switch|p2a: Landorus|Landorus-Therian, M|319\/319\n|-ability|p2a: Landorus|Intimidate|boost\n|-unboost|p1a: Volcarona|atk|1\n|turn|1\n|choice|move hiddenpower|move stoneedge zmove\n|\n|move|p1a: Volcarona|Hidden Power|p2a: Landorus\n|-supereffective|p2a: Landorus\n|-damage|p2a: Landorus|0 fnt\n|faint|p2a: Landorus\n|\n|upkeep\n|c|\u2606Finding True Love|,\n|c|\u2606Finding True Love|NO \n|c|\u2606Finding True Love|alas \n|c|\u2606Finding True Love|I've been cteamd \n|J|Vai Lusa-\n|J|kory2600\n|c|\u2606Gotham Paladin|lol nah\n|c|\u2606Gotham Paladin|i just know\n|c|\u2606Gotham Paladin|volc beats everyone\n|c|\u2606Finding True Love|what kind of set is that ;-; \n|c|\u2606Gotham Paladin|:\/\n|choice||switch 5\n|\n|switch|p2a: Zygarde|Zygarde|407\/407\n|-ability|p2a: Zygarde|Aura Break\n|turn|2\n|choice|switch 6|move toxic\n|\n|switch|p1a: Tangrowth|Tangrowth, F|404\/404\n|move|p2a: Zygarde|Toxic|p1a: Tangrowth\n|-status|p1a: Tangrowth|tox\n|\n|-damage|p1a: Tangrowth|379\/404 tox|[from] psn\n|upkeep\n|turn|3\n|choice|move hiddenpower|move substitute\n|\n|move|p2a: Zygarde|Substitute|p2a: Zygarde\n|-start|p2a: Zygarde|Substitute\n|-damage|p2a: Zygarde|306\/407\n|move|p1a: Tangrowth|Hidden Power|p2a: Zygarde\n|-supereffective|p2a: Zygarde\n|-end|p2a: Zygarde|Substitute\n|\n|-heal|p2a: Zygarde|331\/407|[from] item: Leftovers\n|-damage|p1a: Tangrowth|329\/404 tox|[from] psn\n|upkeep\n|turn|4\n|choice|switch 4|switch 2\n|\n|switch|p2a: Ferrothorn|Ferrothorn, F|352\/352\n|switch|p1a: Landorus|Landorus-Therian, M|320\/320\n|-ability|p1a: Landorus|Intimidate|boost\n|-unboost|p2a: Ferrothorn|atk|1\n|\n|upkeep\n|turn|5\n|J|heavenhand\n|choice|switch 6|move leechseed\n|\n|switch|p1a: Volcarona|Volcarona, F|311\/311\n|move|p2a: Ferrothorn|Leech Seed|p1a: Volcarona\n|-start|p1a: Volcarona|move: Leech Seed\n|\n|-damage|p1a: Volcarona|273\/311|[from] Leech Seed|[of] p2a: Ferrothorn\n|upkeep\n|turn|6\n|choice|move quiverdance|move spikes\n|\n|move|p1a: Volcarona|Quiver Dance|p1a: Volcarona\n|-boost|p1a: Volcarona|spa|1\n|-boost|p1a: Volcarona|spd|1\n|-boost|p1a: Volcarona|spe|1\n|move|p2a: Ferrothorn|Spikes|p1a: Volcarona\n|-sidestart|p1: Gotham Paladin|Spikes\n|\n|-damage|p1a: Volcarona|235\/311|[from] Leech Seed|[of] p2a: Ferrothorn\n|upkeep\n|turn|7\n|c|\u2606Finding True Love|m\n|c|\u2606Finding True Love|,\n|choice|move fireblast|switch 6\n|\n|switch|p2a: Gengar|Gengar, F|261\/261\n|move|p1a: Volcarona|Fire Blast|p2a: Gengar\n|-damage|p2a: Gengar|0 fnt\n|-start|p1a: Volcarona|Disable|Fire Blast|[from] ability: Cursed Body|[of] p2a: Gengar\n|faint|p2a: Gengar\n|\n|upkeep\n|J|ToF\n|choice||switch 3\n|\n|switch|p2a: Mawile|Mawile, F|264\/264\n|-ability|p2a: Mawile|Intimidate|boost\n|-unboost|p1a: Volcarona|atk|1\n|turn|8\n|choice|move psychic zmove|move knockoff mega\n|\n|detailschange|p2a: Mawile|Mawile-Mega, F\n|-mega|p2a: Mawile|Mawile|Mawilite\n|-zpower|p1a: Volcarona\n|move|p1a: Volcarona|Shattered Psyche|p2a: Mawile|[zeffect]\n|-resisted|p2a: Mawile\n|-damage|p2a: Mawile|104\/264\n|move|p2a: Mawile|Knock Off|p1a: Volcarona\n|-damage|p1a: Volcarona|22\/311\n|\n|-damage|p1a: Volcarona|0 fnt|[from] Leech Seed|[of] p2a: Mawile\n|-heal|p2a: Mawile|126\/264|[silent]\n|upkeep\n|faint|p1a: Volcarona\n|choice|switch 6|\n|\n|switch|p1a: Landorus|Landorus-Therian, M|320\/320\n|-ability|p1a: Landorus|Intimidate|boost\n|-unboost|p2a: Mawile|atk|1\n|turn|9\n|choice|move earthquake|switch 4\n|\n|switch|p2a: Suicune|Suicune|404\/404\n|-ability|p2a: Suicune|Pressure\n|move|p1a: Landorus|Earthquake|p2a: Suicune\n|-damage|p2a: Suicune|248\/404\n|\n|-heal|p2a: Suicune|273\/404|[from] item: Leftovers\n|upkeep\n|turn|10\n|choice|move earthquake|move scald\n|\n|move|p1a: Landorus|Earthquake|p2a: Suicune\n|-damage|p2a: Suicune|107\/404\n|move|p2a: Suicune|Scald|p1a: Landorus\n|-supereffective|p1a: Landorus\n|-crit|p1a: Landorus\n|-damage|p1a: Landorus|0 fnt\n|faint|p1a: Landorus\n|\n|-heal|p2a: Suicune|132\/404|[from] item: Leftovers\n|upkeep\n|choice|switch 4|\n|\n|switch|p1a: Tangrowth|Tangrowth, F|404\/404 tox\n|-damage|p1a: Tangrowth|354\/404 tox|[from] Spikes\n|turn|11\n|J|Flaress\n|choice|move knockoff|move protect\n|\n|move|p2a: Suicune|Protect|p2a: Suicune\n|-singleturn|p2a: Suicune|Protect\n|move|p1a: Tangrowth|Knock Off|p2a: Suicune\n|-activate|p2a: Suicune|move: Protect\n|\n|-heal|p2a: Suicune|157\/404|[from] item: Leftovers\n|-damage|p1a: Tangrowth|329\/404 tox|[from] psn\n|upkeep\n|turn|12\n|choice|move gigadrain|move substitute\n|\n|move|p2a: Suicune|Substitute|p2a: Suicune\n|-start|p2a: Suicune|Substitute\n|-damage|p2a: Suicune|56\/404\n|move|p1a: Tangrowth|Giga Drain|p2a: Suicune\n|-supereffective|p2a: Suicune\n|-end|p2a: Suicune|Substitute\n|-heal|p1a: Tangrowth|380\/404 tox|[from] drain|[of] p2a: Suicune\n|\n|-heal|p2a: Suicune|81\/404|[from] item: Leftovers\n|-damage|p1a: Tangrowth|330\/404 tox|[from] psn\n|upkeep\n|turn|13\n|choice|move gigadrain|move protect\n|\n|move|p2a: Suicune|Protect|p2a: Suicune\n|-singleturn|p2a: Suicune|Protect\n|move|p1a: Tangrowth|Giga Drain|p2a: Suicune\n|-activate|p2a: Suicune|move: Protect\n|\n|-heal|p2a: Suicune|106\/404|[from] item: Leftovers\n|-damage|p1a: Tangrowth|255\/404 tox|[from] psn\n|upkeep\n|turn|14\n|choice|move gigadrain|switch 6\n|\n|switch|p2a: Ferrothorn|Ferrothorn, F|352\/352\n|move|p1a: Tangrowth|Giga Drain|p2a: Ferrothorn\n|-resisted|p2a: Ferrothorn\n|-damage|p2a: Ferrothorn|336\/352\n|-heal|p1a: Tangrowth|263\/404 tox|[from] drain|[of] p2a: Ferrothorn\n|\n|-heal|p2a: Ferrothorn|352\/352|[from] item: Leftovers\n|-damage|p1a: Tangrowth|163\/404 tox|[from] psn\n|upkeep\n|turn|15\n|choice|switch 5|move leechseed\n|\n|switch|p1a: Scizor|Scizor, F|343\/343\n|-damage|p1a: Scizor|301\/343|[from] Spikes\n|move|p2a: Ferrothorn|Leech Seed|p1a: Scizor\n|-start|p1a: Scizor|move: Leech Seed\n|\n|-damage|p1a: Scizor|259\/343|[from] Leech Seed|[of] p2a: Ferrothorn\n|upkeep\n|turn|16\n|choice|switch 2|switch 6\n|\n|switch|p1a: Toxapex|Toxapex, F|304\/304\n|-damage|p1a: Toxapex|266\/304|[from] Spikes\n|switch|p2a: Suicune|Suicune|106\/404\n|-ability|p2a: Suicune|Pressure\n|\n|-heal|p2a: Suicune|131\/404|[from] item: Leftovers\n|upkeep\n|turn|17\n|choice|move toxicspikes|switch 2\n|\n|switch|p2a: Zygarde|Zygarde|331\/407\n|-ability|p2a: Zygarde|Aura Break\n|move|p1a: Toxapex|Toxic Spikes|p2a: Zygarde\n|-sidestart|p2: Finding True Love|move: Toxic Spikes\n|\n|-heal|p2a: Zygarde|356\/407|[from] item: Leftovers\n|upkeep\n|turn|18\n|choice|switch 5|move substitute\n|\n|switch|p1a: Tangrowth|Tangrowth, F|297\/404 tox\n|-damage|p1a: Tangrowth|247\/404 tox|[from] Spikes\n|move|p2a: Zygarde|Substitute|p2a: Zygarde\n|-start|p2a: Zygarde|Substitute\n|-damage|p2a: Zygarde|255\/407\n|\n|-heal|p2a: Zygarde|280\/407|[from] item: Leftovers\n|-damage|p1a: Tangrowth|222\/404 tox|[from] psn\n|upkeep\n|turn|19\n|choice|move hiddenpower|move coil\n|\n|move|p2a: Zygarde|Coil|p2a: Zygarde\n|-boost|p2a: Zygarde|atk|1\n|-boost|p2a: Zygarde|def|1\n|-boost|p2a: Zygarde|accuracy|1\n|move|p1a: Tangrowth|Hidden Power|p2a: Zygarde\n|-supereffective|p2a: Zygarde\n|-end|p2a: Zygarde|Substitute\n|\n|-heal|p2a: Zygarde|305\/407|[from] item: Leftovers\n|-damage|p1a: Tangrowth|172\/404 tox|[from] psn\n|upkeep\n|turn|20\n|choice|move hiddenpower|move thousandarrows\n|\n|move|p2a: Zygarde|Thousand Arrows|p1a: Tangrowth\n|-resisted|p1a: Tangrowth\n|-damage|p1a: Tangrowth|101\/404 tox\n|move|p1a: Tangrowth|Hidden Power|p2a: Zygarde\n|-supereffective|p2a: Zygarde\n|-damage|p2a: Zygarde|161\/407\n|\n|-heal|p2a: Zygarde|186\/407|[from] item: Leftovers\n|-damage|p1a: Tangrowth|26\/404 tox|[from] psn\n|upkeep\n|turn|21\n|choice|move hiddenpower|move thousandarrows\n|\n|move|p2a: Zygarde|Thousand Arrows|p1a: Tangrowth\n|-resisted|p1a: Tangrowth\n|-damage|p1a: Tangrowth|0 fnt\n|faint|p1a: Tangrowth\n|\n|-heal|p2a: Zygarde|211\/407|[from] item: Leftovers\n|upkeep\n|choice|switch 3|\n|\n|switch|p1a: Dugtrio|Dugtrio, M|211\/211\n|-damage|p1a: Dugtrio|185\/211|[from] Spikes\n|turn|22\n|choice|move earthquake|move thousandarrows\n|\n|move|p1a: Dugtrio|Earthquake|p2a: Zygarde\n|-damage|p2a: Zygarde|130\/407\n|move|p2a: Zygarde|Thousand Arrows|p1a: Dugtrio\n|-damage|p1a: Dugtrio|0 fnt\n|faint|p1a: Dugtrio\n|\n|-heal|p2a: Zygarde|155\/407|[from] item: Leftovers\n|upkeep\n|choice|switch 2|\n|\n|switch|p1a: Scizor|Scizor, F|259\/343\n|-damage|p1a: Scizor|217\/343|[from] Spikes\n|turn|23\n|choice|move roost mega|move coil\n|\n|detailschange|p1a: Scizor|Scizor-Mega, F\n|-mega|p1a: Scizor|Scizor|Scizorite\n|move|p2a: Zygarde|Coil|p2a: Zygarde\n|-boost|p2a: Zygarde|atk|1\n|-boost|p2a: Zygarde|def|1\n|-boost|p2a: Zygarde|accuracy|1\n|move|p1a: Scizor|Roost|p1a: Scizor\n|-heal|p1a: Scizor|343\/343\n|\n|-heal|p2a: Zygarde|180\/407|[from] item: Leftovers\n|upkeep\n|turn|24\n|choice|move bulletpunch|move coil\n|\n|move|p1a: Scizor|Bullet Punch|p2a: Zygarde\n|-damage|p2a: Zygarde|137\/407\n|move|p2a: Zygarde|Coil|p2a: Zygarde\n|-boost|p2a: Zygarde|atk|1\n|-boost|p2a: Zygarde|def|1\n|-boost|p2a: Zygarde|accuracy|1\n|\n|-heal|p2a: Zygarde|162\/407|[from] item: Leftovers\n|upkeep\n|turn|25\n|choice|move bulletpunch|move thousandarrows\n|\n|move|p1a: Scizor|Bullet Punch|p2a: Zygarde\n|-damage|p2a: Zygarde|128\/407\n|move|p2a: Zygarde|Thousand Arrows|p1a: Scizor\n|-damage|p1a: Scizor|171\/343\n|\n|-heal|p2a: Zygarde|153\/407|[from] item: Leftovers\n|upkeep\n|turn|26\n|choice|move bulletpunch|move thousandarrows\n|\n|move|p1a: Scizor|Bullet Punch|p2a: Zygarde\n|-damage|p2a: Zygarde|120\/407\n|move|p2a: Zygarde|Thousand Arrows|p1a: Scizor\n|-damage|p1a: Scizor|5\/343\n|\n|-heal|p2a: Zygarde|145\/407|[from] item: Leftovers\n|upkeep\n|turn|27\n|choice|move bulletpunch|move thousandarrows\n|\n|move|p1a: Scizor|Bullet Punch|p2a: Zygarde\n|-damage|p2a: Zygarde|112\/407\n|move|p2a: Zygarde|Thousand Arrows|p1a: Scizor\n|-damage|p1a: Scizor|0 fnt\n|faint|p1a: Scizor\n|\n|-heal|p2a: Zygarde|137\/407|[from] item: Leftovers\n|upkeep\n|choice|switch 5|\n|\n|switch|p1a: Toxapex|Toxapex, F|304\/304\n|-damage|p1a: Toxapex|266\/304|[from] Spikes\n|turn|28\n|J|wanka\n|choice|move scald|move thousandarrows\n|\n|move|p2a: Zygarde|Thousand Arrows|p1a: Toxapex\n|-supereffective|p1a: Toxapex\n|-damage|p1a: Toxapex|0 fnt\n|faint|p1a: Toxapex\n|\n|win|Finding True Love","inputlog":null,"uploadtime":1492568107,"views":603,"p1id":"gothampaladin","p2id":"findingtruelove","formatid":"gen7ou","rating":0,"private":0,"password":null}