{"id":"smogtours-gen8nationaldex-646620","p1":"Faygos","p2":"hump","format":"gen8nationaldex","log":"|inactive|Battle timer is ON: inactive players will automatically lose when time's up.\n|t:|1662326876\n|gametype|singles\n|player|p1|Faygos|265|\n|player|p2|hump|dawn-masters|\n|teamsize|p1|6\n|teamsize|p2|6\n|gen|8\n|tier|[Gen 8] National Dex\n|rule|HP Percentage Mod: HP is shown in percentages\n|rule|Endless Battle Clause: Forcing endless battles is banned\n|rule|OHKO Clause: OHKO moves are banned\n|rule|Evasion Moves Clause: Evasion moves are banned\n|rule|Species Clause: Limit one of each Pok\u00e9mon\n|rule|Dynamax Clause: You cannot dynamax\n|rule|Sleep Clause Mod: Limit one foe put to sleep\n|clearpoke\n|poke|p1|Slowbro-Galar, F|\n|poke|p1|Greninja, M|\n|poke|p1|Landorus-Therian, M|\n|poke|p1|Tapu Lele|\n|poke|p1|Virizion|\n|poke|p1|Victini|\n|poke|p2|Moltres-Galar|\n|poke|p2|Jirachi|\n|poke|p2|Charizard, M|\n|poke|p2|Landorus-Therian, M|\n|poke|p2|Rotom-Wash|\n|poke|p2|Kartana|\n|teampreview\n|inactive|Faygos also wants the timer to be on.\n|inactive|hump also wants the timer to be on.\n|\n|t:|1662326895\n|start\n|switch|p1a: Tapu Lele|Tapu Lele|100\/100\n|switch|p2a: Jirachi|Jirachi|100\/100\n|-fieldstart|move: Psychic Terrain|[from] ability: Psychic Surge|[of] p1a: Tapu Lele\n|turn|1\n|\n|t:|1662326897\n|switch|p1a: Landorus|Landorus-Therian, M|100\/100\n|-ability|p1a: Landorus|Intimidate|boost\n|-unboost|p2a: Jirachi|atk|1\n|move|p2a: Jirachi|Stealth Rock|p1a: Landorus\n|-sidestart|p1: Faygos|move: Stealth Rock\n|\n|upkeep\n|turn|2\n|\n|t:|1662326899\n|move|p2a: Jirachi|U-turn|p1a: Landorus\n|-resisted|p1a: Landorus\n|-damage|p1a: Landorus|95\/100\n|-damage|p2a: Jirachi|84\/100|[from] item: Rocky Helmet|[of] p1a: Landorus\n|\n|t:|1662326901\n|switch|p2a: Rotom|Rotom-Wash|100\/100|[from]move: U-turn\n|move|p1a: Landorus|Stealth Rock|p2a: Rotom\n|-sidestart|p2: hump|move: Stealth Rock\n|\n|upkeep\n|turn|3\n|\n|t:|1662326905\n|switch|p1a: Virizion|Virizion|100\/100\n|-damage|p1a: Virizion|94\/100|[from] Stealth Rock\n|move|p2a: Rotom|Hydro Pump|p1a: Virizion\n|-resisted|p1a: Virizion\n|-damage|p1a: Virizion|76\/100\n|\n|upkeep\n|turn|4\n|\n|t:|1662326908\n|switch|p2a: Landorus|Landorus-Therian, M|100\/100\n|-damage|p2a: Landorus|88\/100|[from] Stealth Rock\n|-ability|p2a: Landorus|Intimidate|boost\n|-unboost|p1a: Virizion|atk|1\n|move|p1a: Virizion|Leaf Blade|p2a: Landorus\n|-damage|p2a: Landorus|72\/100\n|-damage|p1a: Virizion|60\/100|[from] item: Rocky Helmet|[of] p2a: Landorus\n|\n|upkeep\n|turn|5\n|\n|t:|1662326911\n|switch|p1a: Landorus|Landorus-Therian, M|95\/100\n|-damage|p1a: Landorus|83\/100|[from] Stealth Rock\n|-ability|p1a: Landorus|Intimidate|boost\n|-unboost|p2a: Landorus|atk|1\n|switch|p2a: Rotom|Rotom-Wash|100\/100\n|-damage|p2a: Rotom|88\/100|[from] Stealth Rock\n|\n|-heal|p2a: Rotom|94\/100|[from] item: Leftovers\n|-fieldend|move: Psychic Terrain\n|upkeep\n|turn|6\n|\n|t:|1662326916\n|move|p2a: Rotom|Hydro Pump|p1a: Landorus\n|-supereffective|p1a: Landorus\n|-damage|p1a: Landorus|0 fnt\n|faint|p1a: Landorus\n|\n|-heal|p2a: Rotom|100\/100|[from] item: Leftovers\n|upkeep\n|\n|t:|1662326922\n|switch|p1a: Tapu Lele|Tapu Lele|100\/100\n|-damage|p1a: Tapu Lele|88\/100|[from] Stealth Rock\n|-fieldstart|move: Psychic Terrain|[from] ability: Psychic Surge|[of] p1a: Tapu Lele\n|turn|7\n|\n|t:|1662326928\n|switch|p1a: Victini|Victini|100\/100\n|move|p2a: Rotom|Hydro Pump|p1a: Victini\n|-supereffective|p1a: Victini\n|-damage|p1a: Victini|19\/100\n|\n|upkeep\n|turn|8\n|\n|t:|1662326932\n|move|p1a: Victini|Expanding Force|p2a: Rotom\n|-damage|p2a: Rotom|44\/100\n|move|p2a: Rotom|Volt Switch|p1a: Victini\n|-damage|p1a: Victini|0 fnt\n|faint|p1a: Victini\n|\n|t:|1662326939\n|switch|p2a: Jirachi|Jirachi|84\/100|[from]move: Volt Switch\n|-damage|p2a: Jirachi|78\/100|[from] Stealth Rock\n|\n|upkeep\n|\n|t:|1662326945\n|switch|p1a: Slowbro|Slowbro-Galar, F|100\/100\n|-damage|p1a: Slowbro|88\/100|[from] Stealth Rock\n|turn|9\n|\n|t:|1662326949\n|move|p2a: Jirachi|Iron Head|p1a: Slowbro\n|-damage|p1a: Slowbro|65\/100\n|cant|p1a: Slowbro|flinch\n|\n|upkeep\n|turn|10\n|\n|t:|1662326951\n|move|p2a: Jirachi|Iron Head|p1a: Slowbro\n|-damage|p1a: Slowbro|38\/100\n|cant|p1a: Slowbro|flinch\n|\n|upkeep\n|turn|11\n|\n|t:|1662326956\n|move|p2a: Jirachi|Iron Head|p1a: Slowbro\n|-damage|p1a: Slowbro|12\/100\n|move|p1a: Slowbro|Slack Off|p1a: Slowbro\n|-heal|p1a: Slowbro|62\/100\n|\n|-fieldend|move: Psychic Terrain\n|upkeep\n|turn|12\n|\n|t:|1662326960\n|move|p2a: Jirachi|Iron Head|p1a: Slowbro\n|-damage|p1a: Slowbro|38\/100\n|cant|p1a: Slowbro|flinch\n|\n|upkeep\n|turn|13\n|\n|t:|1662326962\n|move|p2a: Jirachi|Iron Head|p1a: Slowbro\n|-crit|p1a: Slowbro\n|-damage|p1a: Slowbro|3\/100\n|cant|p1a: Slowbro|flinch\n|\n|upkeep\n|turn|14\n|\n|t:|1662326965\n|detailschange|p1a: Slowbro|Slowbro-Mega, F\n|-mega|p1a: Slowbro|Slowbro|Slowbronite\n|move|p2a: Jirachi|U-turn|p1a: Slowbro\n|-supereffective|p1a: Slowbro\n|-damage|p1a: Slowbro|0 fnt\n|faint|p1a: Slowbro\n|\n|t:|1662326972\n|switch|p2a: Kartana|Kartana|100\/100|[from]move: U-turn\n|-damage|p2a: Kartana|94\/100|[from] Stealth Rock\n|\n|upkeep\n|\n|t:|1662326975\n|switch|p1a: Greninja|Greninja, M|100\/100\n|-damage|p1a: Greninja|88\/100|[from] Stealth Rock\n|turn|15\n|\n|t:|1662326977\n|switch|p2a: Jirachi|Jirachi|78\/100\n|-damage|p2a: Jirachi|72\/100|[from] Stealth Rock\n|move|p1a: Greninja|Ice Beam|p2a: Jirachi\n|-start|p1a: Greninja|typechange|Ice|[from] ability: Protean\n|-resisted|p2a: Jirachi\n|-damage|p2a: Jirachi|56\/100\n|\n|upkeep\n|turn|16\n|\n|t:|1662326982\n|move|p1a: Greninja|Spikes|p2a: Jirachi\n|-start|p1a: Greninja|typechange|Ground|[from] ability: Protean\n|-sidestart|p2: hump|Spikes\n|move|p2a: Jirachi|Iron Head|p1a: Greninja\n|-damage|p1a: Greninja|28\/100\n|\n|upkeep\n|turn|17\n|\n|t:|1662326989\n|move|p1a: Greninja|Spikes|p2a: Jirachi\n|-sidestart|p2: hump|Spikes\n|move|p2a: Jirachi|Iron Head|p1a: Greninja\n|-damage|p1a: Greninja|0 fnt\n|faint|p1a: Greninja\n|\n|upkeep\n|\n|t:|1662326993\n|switch|p1a: Tapu Lele|Tapu Lele|88\/100\n|-damage|p1a: Tapu Lele|76\/100|[from] Stealth Rock\n|-fieldstart|move: Psychic Terrain|[from] ability: Psychic Surge|[of] p1a: Tapu Lele\n|turn|18\n|\n|t:|1662326996\n|move|p1a: Tapu Lele|Moonblast|p2a: Jirachi\n|-resisted|p2a: Jirachi\n|-damage|p2a: Jirachi|32\/100\n|move|p2a: Jirachi|Iron Head|p1a: Tapu Lele\n|-supereffective|p1a: Tapu Lele\n|-damage|p1a: Tapu Lele|0 fnt\n|faint|p1a: Tapu Lele\n|\n|upkeep\n|\n|t:|1662326998\n|switch|p1a: Virizion|Virizion|60\/100\n|-damage|p1a: Virizion|53\/100|[from] Stealth Rock\n|turn|19\n|\n|t:|1662327000\n|move|p1a: Virizion|Close Combat|p2a: Jirachi\n|-damage|p2a: Jirachi|0 fnt\n|-unboost|p1a: Virizion|def|1\n|-unboost|p1a: Virizion|spd|1\n|faint|p2a: Jirachi\n|\n|upkeep\n|\n|t:|1662327004\n|switch|p2a: Landorus|Landorus-Therian, M|72\/100\n|-damage|p2a: Landorus|60\/100|[from] Stealth Rock\n|-ability|p2a: Landorus|Intimidate|boost\n|-unboost|p1a: Virizion|atk|1\n|turn|20\n|\n|t:|1662327007\n|move|p1a: Virizion|Swords Dance|p1a: Virizion\n|-boost|p1a: Virizion|atk|2\n|move|p2a: Landorus|Explosion|p1a: Virizion\n|-damage|p1a: Virizion|0 fnt\n|faint|p2a: Landorus\n|faint|p1a: Virizion\n|\n|win|hump\n","uploadtime":1662327008,"views":23,"p1id":"faygos","p2id":"hump","formatid":"gen8nationaldex","rating":0,"private":0,"password":null}