{"id":"smogtours-gen6ou-651802","p1":"adel19","p2":"TyCarter","format":"gen6ou","log":"|inactive|Battle timer is ON: inactive players will automatically lose when time's up.\n|t:|1664629657\n|gametype|singles\n|player|p1|adel19|266|\n|player|p2|TyCarter|hilda-masters2|\n|teamsize|p1|6\n|teamsize|p2|6\n|gen|6\n|tier|[Gen 6] OU\n|rule|Sleep Clause Mod: Limit one foe put to sleep\n|rule|Species Clause: Limit one of each Pok\u00e9mon\n|rule|OHKO Clause: OHKO moves are banned\n|rule|Moody Clause: Moody is banned\n|rule|Evasion Items Clause: Evasion items are banned\n|rule|Evasion Moves Clause: Evasion moves are banned\n|rule|Endless Battle Clause: Forcing endless battles is banned\n|rule|HP Percentage Mod: HP is shown in percentages\n|rule|Swagger Clause: Swagger is banned\n|clearpoke\n|poke|p1|Metagross|item\n|poke|p1|Landorus-Therian, M|item\n|poke|p1|Garchomp, M|item\n|poke|p1|Mew|item\n|poke|p1|Rotom-Wash|item\n|poke|p1|Heatran, M|item\n|poke|p2|Lopunny, M|item\n|poke|p2|Weavile, M|item\n|poke|p2|Volcanion|item\n|poke|p2|Tornadus-Therian, M|item\n|poke|p2|Rotom-Wash|item\n|poke|p2|Excadrill, F|item\n|teampreview\n|c|\u2606adel19|hf\n|c|\u2606TyCarter|hf\n|\n|t:|1664629678\n|start\n|switch|p1a: Rotom|Rotom-Wash|100\/100\n|switch|p2a: Lopunny|Lopunny, M|100\/100\n|turn|1\n|\n|t:|1664629684\n|detailschange|p2a: Lopunny|Lopunny-Mega, M\n|-mega|p2a: Lopunny|Lopunny|Lopunnite\n|move|p2a: Lopunny|Fake Out|p1a: Rotom\n|-damage|p1a: Rotom|81\/100\n|cant|p1a: Rotom|flinch\n|\n|-heal|p1a: Rotom|87\/100|[from] item: Leftovers\n|upkeep\n|turn|2\n|\n|t:|1664629689\n|switch|p2a: Volcanion|Volcanion|100\/100\n|move|p1a: Rotom|Will-O-Wisp|p2a: Volcanion\n|-immune|p2a: Volcanion\n|\n|-heal|p1a: Rotom|93\/100|[from] item: Leftovers\n|upkeep\n|turn|3\n|\n|t:|1664629696\n|move|p1a: Rotom|Volt Switch|p2a: Volcanion\n|-supereffective|p2a: Volcanion\n|-damage|p2a: Volcanion|54\/100\n|\n|t:|1664629700\n|switch|p1a: Mew|Mew|100\/100|[from]move: Volt Switch\n|move|p2a: Volcanion|Toxic|p1a: Mew\n|-status|p1a: Mew|tox\n|-activate|p1a: Mew|ability: Synchronize\n|-status|p2a: Volcanion|tox\n|\n|-heal|p2a: Volcanion|60\/100 tox|[from] item: Leftovers\n|-damage|p1a: Mew|94\/100 tox|[from] psn\n|-damage|p2a: Volcanion|54\/100 tox|[from] psn\n|upkeep\n|turn|4\n|\n|t:|1664629707\n|switch|p2a: Excadrill|Excadrill, F|100\/100\n|-ability|p2a: Excadrill|Mold Breaker\n|move|p1a: Mew|Stealth Rock|p2a: Excadrill\n|-sidestart|p2: TyCarter|move: Stealth Rock\n|\n|-heal|p1a: Mew|100\/100 tox|[from] item: Leftovers\n|-damage|p1a: Mew|88\/100 tox|[from] psn\n|upkeep\n|turn|5\n|\n|t:|1664629711\n|move|p1a: Mew|U-turn|p2a: Excadrill\n|-resisted|p2a: Excadrill\n|-damage|p2a: Excadrill|90\/100\n|\n|t:|1664629717\n|switch|p1a: Landorus|Landorus-Therian, M|100\/100|[from]move: U-turn\n|-ability|p1a: Landorus|Intimidate|boost\n|-unboost|p2a: Excadrill|atk|1\n|move|p2a: Excadrill|Stealth Rock|p1a: Landorus\n|-sidestart|p1: adel19|move: Stealth Rock\n|\n|-heal|p2a: Excadrill|96\/100|[from] item: Leftovers\n|upkeep\n|turn|6\n|\n|t:|1664629727\n|switch|p2a: Rotom|Rotom-Wash|100\/100\n|-damage|p2a: Rotom|88\/100|[from] Stealth Rock\n|move|p1a: Landorus|Stone Edge|p2a: Rotom\n|-damage|p2a: Rotom|34\/100\n|\n|upkeep\n|turn|7\n|inactive|adel19 has 270 seconds left.\n|inactive|adel19 has 240 seconds left.\n|\n|t:|1664629798\n|switch|p2a: Excadrill|Excadrill, F|96\/100\n|-damage|p2a: Excadrill|94\/100|[from] Stealth Rock\n|-ability|p2a: Excadrill|Mold Breaker\n|switch|p1a: Mew|Mew|88\/100 tox\n|-damage|p1a: Mew|76\/100 tox|[from] Stealth Rock\n|\n|-heal|p1a: Mew|82\/100 tox|[from] item: Leftovers\n|-heal|p2a: Excadrill|99\/100|[from] item: Leftovers\n|-damage|p1a: Mew|76\/100 tox|[from] psn\n|upkeep\n|turn|8\n|\n|t:|1664629804\n|move|p1a: Mew|U-turn|p2a: Excadrill\n|-resisted|p2a: Excadrill\n|-crit|p2a: Excadrill\n|-damage|p2a: Excadrill|84\/100\n|\n|t:|1664629806\n|switch|p1a: Landorus|Landorus-Therian, M|100\/100|[from]move: U-turn\n|-damage|p1a: Landorus|88\/100|[from] Stealth Rock\n|-ability|p1a: Landorus|Intimidate|boost\n|-unboost|p2a: Excadrill|atk|1\n|move|p2a: Excadrill|Rapid Spin|p1a: Landorus\n|-damage|p1a: Landorus|83\/100\n|-sideend|p2: TyCarter|Stealth Rock|[from] move: Rapid Spin|[of] p2a: Excadrill\n|\n|-heal|p2a: Excadrill|90\/100|[from] item: Leftovers\n|upkeep\n|turn|9\n|\n|t:|1664629821\n|switch|p2a: Tornadus|Tornadus-Therian, M|100\/100\n|move|p1a: Landorus|Stone Edge|p2a: Tornadus|[miss]\n|-miss|p1a: Landorus|p2a: Tornadus\n|\n|upkeep\n|turn|10\n|inactive|TyCarter has 270 seconds left.\n|\n|t:|1664629865\n|switch|p2a: Excadrill|Excadrill, F|90\/100\n|-ability|p2a: Excadrill|Mold Breaker\n|move|p1a: Landorus|Stone Edge|p2a: Excadrill\n|-resisted|p2a: Excadrill\n|-damage|p2a: Excadrill|75\/100\n|\n|-heal|p2a: Excadrill|81\/100|[from] item: Leftovers\n|upkeep\n|turn|11\n|\n|t:|1664629871\n|move|p2a: Excadrill|Earthquake|p1a: Landorus\n|-immune|p1a: Landorus\n|move|p1a: Landorus|Earthquake|p2a: Excadrill\n|-supereffective|p2a: Excadrill\n|-damage|p2a: Excadrill|0 fnt\n|faint|p2a: Excadrill\n|\n|upkeep\n|inactive|TyCarter has 270 seconds left.\n|\n|t:|1664629879\n|switch|p2a: Weavile|Weavile, M|100\/100\n|-ability|p2a: Weavile|Pressure\n|turn|12\n|\n|t:|1664629905\n|move|p2a: Weavile|Knock Off|p1a: Landorus\n|-damage|p1a: Landorus|4\/100\n|-enditem|p1a: Landorus|Power Herb|[from] move: Knock Off|[of] p2a: Weavile\n|move|p1a: Landorus|Earthquake|p2a: Weavile\n|-damage|p2a: Weavile|0 fnt\n|faint|p2a: Weavile\n|\n|upkeep\n|\n|t:|1664629912\n|switch|p2a: Tornadus|Tornadus-Therian, M|100\/100\n|turn|13\n|\n|t:|1664629921\n|move|p2a: Tornadus|U-turn|p1a: Landorus\n|-resisted|p1a: Landorus\n|-damage|p1a: Landorus|0 fnt\n|faint|p1a: Landorus\n|\n|t:|1664629923\n|switch|p2a: Lopunny|Lopunny-Mega, M|100\/100|[from]move: U-turn\n|\n|upkeep\n|\n|t:|1664629946\n|switch|p1a: Garchomp|Garchomp, M|100\/100\n|-damage|p1a: Garchomp|94\/100|[from] Stealth Rock\n|turn|14\n|\n|t:|1664629957\n|move|p2a: Lopunny|Fake Out|p1a: Garchomp\n|-damage|p1a: Garchomp|72\/100\n|-damage|p2a: Lopunny|88\/100|[from] ability: Rough Skin|[of] p1a: Garchomp\n|cant|p1a: Garchomp|flinch\n|\n|upkeep\n|turn|15\n|\n|t:|1664629965\n|switch|p2a: Rotom|Rotom-Wash|34\/100\n|move|p1a: Garchomp|Outrage|p2a: Rotom\n|-damage|p2a: Rotom|0 fnt\n|faint|p2a: Rotom\n|\n|upkeep\n|\n|t:|1664629969\n|switch|p2a: Tornadus|Tornadus-Therian, M|100\/100\n|turn|16\n|\n|t:|1664629971\n|move|p1a: Garchomp|Outrage|p2a: Tornadus|[from]lockedmove\n|-damage|p2a: Tornadus|31\/100\n|-start|p1a: Garchomp|confusion|[fatigue]\n|move|p2a: Tornadus|Knock Off|p1a: Garchomp\n|-damage|p1a: Garchomp|51\/100\n|-damage|p2a: Tornadus|19\/100|[from] ability: Rough Skin|[of] p1a: Garchomp\n|-enditem|p1a: Garchomp|Choice Scarf|[from] move: Knock Off|[of] p2a: Tornadus\n|\n|upkeep\n|turn|17\n|\n|t:|1664629981\n|switch|p2a: Volcanion|Volcanion|54\/100 tox\n|-activate|p1a: Garchomp|confusion\n|move|p1a: Garchomp|Outrage|p2a: Volcanion\n|-damage|p2a: Volcanion|11\/100 tox\n|\n|-heal|p2a: Volcanion|17\/100 tox|[from] item: Leftovers\n|-damage|p2a: Volcanion|11\/100 tox|[from] psn\n|upkeep\n|turn|18\n|\n|t:|1664629984\n|-end|p1a: Garchomp|confusion\n|move|p1a: Garchomp|Outrage|p2a: Volcanion|[from]lockedmove\n|-damage|p2a: Volcanion|0 fnt\n|faint|p2a: Volcanion\n|-start|p1a: Garchomp|confusion|[fatigue]\n|\n|upkeep\n|\n|t:|1664629986\n|switch|p2a: Lopunny|Lopunny-Mega, M|88\/100\n|turn|19\n|\n|t:|1664629997\n|move|p2a: Lopunny|Ice Punch|p1a: Garchomp\n|-supereffective|p1a: Garchomp\n|-crit|p1a: Garchomp\n|-damage|p1a: Garchomp|0 fnt\n|-damage|p2a: Lopunny|76\/100|[from] ability: Rough Skin|[of] p1a: Garchomp\n|faint|p1a: Garchomp\n|\n|upkeep\n|\n|t:|1664630003\n|switch|p1a: Rotom|Rotom-Wash|93\/100\n|-damage|p1a: Rotom|81\/100|[from] Stealth Rock\n|turn|20\n|\n|t:|1664630031\n|move|p2a: Lopunny|High Jump Kick|p1a: Rotom\n|-damage|p1a: Rotom|23\/100\n|move|p1a: Rotom|Will-O-Wisp|p2a: Lopunny\n|-status|p2a: Lopunny|brn\n|\n|-heal|p1a: Rotom|29\/100|[from] item: Leftovers\n|-damage|p2a: Lopunny|64\/100 brn|[from] brn\n|upkeep\n|turn|21\n|\n|t:|1664630038\n|move|p2a: Lopunny|High Jump Kick|p1a: Rotom|[miss]\n|-miss|p2a: Lopunny|p1a: Rotom\n|-damage|p2a: Lopunny|14\/100 brn|[from] highjumpkick\n|move|p1a: Rotom|Volt Switch|p2a: Lopunny\n|-damage|p2a: Lopunny|0 fnt\n|faint|p2a: Lopunny\n|\n|t:|1664630042\n|switch|p1a: Heatran|Heatran, M|100\/100|[from]move: Volt Switch\n|-damage|p1a: Heatran|88\/100|[from] Stealth Rock\n|\n|-heal|p1a: Heatran|94\/100|[from] item: Leftovers\n|upkeep\n|\n|t:|1664630044\n|switch|p2a: Tornadus|Tornadus-Therian, M|52\/100\n|turn|22\n|\n|t:|1664630046\n|move|p2a: Tornadus|Knock Off|p1a: Heatran\n|-damage|p1a: Heatran|72\/100\n|-enditem|p1a: Heatran|Leftovers|[from] move: Knock Off|[of] p2a: Tornadus\n|move|p1a: Heatran|Lava Plume|p2a: Tornadus\n|-damage|p2a: Tornadus|22\/100\n|\n|upkeep\n|turn|23\n|\n|t:|1664630050\n|move|p2a: Tornadus|Hurricane|p1a: Heatran\n|-resisted|p1a: Heatran\n|-damage|p1a: Heatran|55\/100\n|move|p1a: Heatran|Lava Plume|p2a: Tornadus\n|-damage|p2a: Tornadus|0 fnt\n|faint|p2a: Tornadus\n|\n|win|adel19\n","uploadtime":1664630051,"views":28,"p1id":"adel19","p2id":"tycarter","formatid":"gen6ou","rating":0,"private":0,"password":null}