{"id":"smogtours-gen8cap-655699","p1":"toon arctozolt","p2":"Neon Nerd","format":"gen8cap","log":"|inactive|Battle timer is ON: inactive players will automatically lose when time's up.\n|t:|1665961655\n|gametype|singles\n|player|p1|toon arctozolt|1|\n|player|p2|Neon Nerd|clemont|\n|teamsize|p1|6\n|teamsize|p2|6\n|gen|8\n|tier|[Gen 8] CAP\n|rule|Sleep Clause Mod: Limit one foe put to sleep\n|rule|Species Clause: Limit one of each Pok\u00e9mon\n|rule|OHKO Clause: OHKO moves are banned\n|rule|Evasion Items Clause: Evasion items are banned\n|rule|Evasion Moves Clause: Evasion moves are banned\n|rule|Endless Battle Clause: Forcing endless battles is banned\n|rule|HP Percentage Mod: HP is shown in percentages\n|rule|Dynamax Clause: You cannot dynamax\n|clearpoke\n|poke|p1|Pelipper, M|\n|poke|p1|Inteleon, M|\n|poke|p1|Rillaboom, F|\n|poke|p1|Landorus-Therian, M|\n|poke|p1|Corviknight, M|\n|poke|p1|Nihilego|\n|poke|p2|Dragapult, M|\n|poke|p2|Heatran, F|\n|poke|p2|Melmetal|\n|poke|p2|Zapdos|\n|poke|p2|Colossoil, F|\n|poke|p2|Kerfluffle, M|\n|teampreview\n|c|\u2606Neon Nerd|glhf\n|inactive|toon arctozolt has 270 seconds left.\n|c|\u2606toon arctozolt|hf\n|inactive|toon arctozolt has 240 seconds left.\n|\n|t:|1665961716\n|start\n|switch|p1a: Pelipper|Pelipper, M|100\/100\n|switch|p2a: Zapdos|Zapdos|100\/100\n|-weather|RainDance|[from] ability: Drizzle|[of] p1a: Pelipper\n|turn|1\n|\n|t:|1665961730\n|switch|p1a: Nihilego|Nihilego|100\/100\n|move|p2a: Zapdos|Toxic|p1a: Nihilego\n|-immune|p1a: Nihilego\n|\n|-weather|RainDance|[upkeep]\n|upkeep\n|turn|2\n|\n|t:|1665961751\n|switch|p1a: Inteleon|Inteleon, M|100\/100\n|switch|p2a: Melmetal|Melmetal|100\/100\n|\n|-weather|RainDance|[upkeep]\n|upkeep\n|turn|3\n|\n|t:|1665961764\n|move|p1a: Inteleon|Hydro Cannon|p2a: Melmetal\n|-damage|p2a: Melmetal|0 fnt\n|-mustrecharge|p1a: Inteleon\n|faint|p2a: Melmetal\n|\n|-weather|RainDance|[upkeep]\n|upkeep\n|c|\u2606toon arctozolt|packwatch\n|\n|t:|1665961782\n|switch|p2a: Colossoil|Colossoil, F|100\/100\n|turn|4\n|\n|t:|1665961787\n|cant|p1a: Inteleon|recharge\n|move|p2a: Colossoil|Knock Off|p1a: Inteleon\n|-damage|p1a: Inteleon|25\/100\n|-enditem|p1a: Inteleon|Razor Claw|[from] move: Knock Off|[of] p2a: Colossoil\n|\n|-weather|RainDance|[upkeep]\n|-status|p2a: Colossoil|brn|[from] item: Flame Orb\n|upkeep\n|turn|5\n|\n|t:|1665961811\n|switch|p1a: Corviknight|Corviknight, M|100\/100\n|-ability|p1a: Corviknight|Pressure\n|switch|p2a: Heatran|Heatran, F|100\/100\n|-item|p2a: Heatran|Air Balloon\n|\n|-weather|none\n|upkeep\n|turn|6\n|\n|t:|1665961821\n|switch|p1a: Pelipper|Pelipper, M|100\/100\n|-weather|RainDance|[from] ability: Drizzle|[of] p1a: Pelipper\n|move|p2a: Heatran|Magma Storm|p1a: Pelipper\n|-resisted|p1a: Pelipper\n|-damage|p1a: Pelipper|78\/100\n|-activate|p1a: Pelipper|move: Magma Storm|[of] p2a: Heatran\n|\n|-weather|RainDance|[upkeep]\n|-damage|p1a: Pelipper|65\/100|[from] move: Magma Storm|[partiallytrapped]\n|upkeep\n|turn|7\n|\n|t:|1665961829\n|switch|p2a: Zapdos|Zapdos|100\/100\n|move|p1a: Pelipper|Weather Ball|p2a: Zapdos\n|-damage|p2a: Zapdos|40\/100\n|\n|-weather|RainDance|[upkeep]\n|-end|p1a: Pelipper|Magma Storm|[partiallytrapped]|[silent]\n|upkeep\n|turn|8\n|\n|t:|1665961843\n|move|p1a: Pelipper|Weather Ball|p2a: Zapdos\n|-damage|p2a: Zapdos|0 fnt\n|faint|p2a: Zapdos\n|\n|-weather|RainDance|[upkeep]\n|upkeep\n|inactive|Neon Nerd has 270 seconds left.\n|\n|t:|1665961873\n|switch|p2a: Dragapult|Dragapult, M|100\/100\n|turn|9\n|\n|t:|1665961881\n|switch|p1a: Corviknight|Corviknight, M|100\/100\n|-ability|p1a: Corviknight|Pressure\n|move|p2a: Dragapult|Shadow Ball|p1a: Corviknight\n|-damage|p1a: Corviknight|48\/100\n|\n|-weather|RainDance|[upkeep]\n|upkeep\n|turn|10\n|inactive|toon arctozolt has 270 seconds left.\n|\n|t:|1665961913\n|move|p2a: Dragapult|Shadow Ball|p1a: Corviknight\n|-damage|p1a: Corviknight|0 fnt\n|faint|p1a: Corviknight\n|\n|-weather|none\n|upkeep\n|inactive|toon arctozolt has 270 seconds left.\n|\n|t:|1665961922\n|switch|p1a: Landorus|Landorus-Therian, M|100\/100\n|-ability|p1a: Landorus|Intimidate|boost\n|-fail|p2a: Dragapult|unboost|[from] ability: Clear Body|[of] p2a: Dragapult\n|turn|11\n|inactive|toon arctozolt has 270 seconds left.\n|\n|t:|1665961948\n|switch|p2a: Heatran|Heatran, F|100\/100\n|-item|p2a: Heatran|Air Balloon\n|move|p1a: Landorus|Knock Off|p2a: Heatran\n|-damage|p2a: Heatran|68\/100\n|-enditem|p2a: Heatran|Air Balloon\n|\n|upkeep\n|turn|12\n|inactive|toon arctozolt has 270 seconds left.\n|inactive|Neon Nerd has 270 seconds left.\n|c|\u2606toon arctozolt|the mind can be a prison\n|\n|t:|1665961987\n|move|p2a: Heatran|Magma Storm|p1a: Landorus|[miss]\n|-miss|p2a: Heatran|p1a: Landorus\n|move|p1a: Landorus|Earthquake|p2a: Heatran\n|-supereffective|p2a: Heatran\n|-damage|p2a: Heatran|0 fnt\n|faint|p2a: Heatran\n|\n|upkeep\n|\n|t:|1665961995\n|switch|p2a: Dragapult|Dragapult, M|100\/100\n|turn|13\n|c|\u2606Neon Nerd|yeah im throwing ngl\n|\n|t:|1665962017\n|move|p2a: Dragapult|Shadow Ball|p1a: Landorus\n|-damage|p1a: Landorus|60\/100\n|move|p1a: Landorus|Knock Off|p2a: Dragapult\n|-supereffective|p2a: Dragapult\n|-damage|p2a: Dragapult|13\/100\n|-enditem|p2a: Dragapult|Choice Specs|[from] move: Knock Off|[of] p1a: Landorus\n|\n|upkeep\n|turn|14\n|c|\u2606toon arctozolt|plaque watch\n|c|\u2606toon arctozolt|for me\n|c|\u2606toon arctozolt|6 rings\n|\n|t:|1665962040\n|move|p2a: Dragapult|Draco Meteor|p1a: Landorus|[miss]\n|-miss|p2a: Dragapult|p1a: Landorus\n|move|p1a: Landorus|Knock Off|p2a: Dragapult\n|-supereffective|p2a: Dragapult\n|-damage|p2a: Dragapult|0 fnt\n|faint|p2a: Dragapult\n|\n|upkeep\n|c|\u2606toon arctozolt|sry\n|inactive|Neon Nerd has 240 seconds left.\n|c|\u2606Neon Nerd|its ok \n|\n|t:|1665962054\n|switch|p2a: Kerfluffle|Kerfluffle, M|100\/100\n|turn|15\n|c|\u2606toon arctozolt|call me los angeles bc i dodger\n|inactive|Neon Nerd has 240 seconds left.\n|\n|t:|1665962067\n|move|p2a: Kerfluffle|Moonblast|p1a: Landorus\n|-damage|p1a: Landorus|26\/100\n|move|p1a: Landorus|Earthquake|p2a: Kerfluffle\n|-damage|p2a: Kerfluffle|38\/100\n|\n|upkeep\n|turn|16\n|\n|t:|1665962072\n|move|p2a: Kerfluffle|Moonblast|p1a: Landorus\n|-damage|p1a: Landorus|0 fnt\n|faint|p1a: Landorus\n|\n|upkeep\n|\n|t:|1665962078\n|switch|p1a: Rillaboom|Rillaboom, F|100\/100\n|-fieldstart|move: Grassy Terrain|[from] ability: Grassy Surge|[of] p1a: Rillaboom\n|turn|17\n|\n|t:|1665962086\n|move|p1a: Rillaboom|Grassy Glide|p2a: Kerfluffle\n|-damage|p2a: Kerfluffle|0 fnt\n|faint|p2a: Kerfluffle\n|\n|upkeep\n|c|\u2606Neon Nerd|gg\n|\n|t:|1665962094\n|switch|p2a: Colossoil|Colossoil, F|100\/100 brn\n|turn|18\n|\n|t:|1665962100\n|switch|p1a: Pelipper|Pelipper, M|65\/100\n|-weather|RainDance|[from] ability: Drizzle|[of] p1a: Pelipper\n|move|p2a: Colossoil|Knock Off|p1a: Pelipper\n|-damage|p1a: Pelipper|0 fnt\n|-enditem|p1a: Pelipper|Choice Specs|[from] move: Knock Off|[of] p2a: Colossoil\n|faint|p1a: Pelipper\n|\n|-weather|RainDance|[upkeep]\n|-damage|p2a: Colossoil|94\/100 brn|[from] brn\n|upkeep\n|\n|t:|1665962103\n|switch|p1a: Inteleon|Inteleon, M|25\/100\n|turn|19\n|\n|t:|1665962112\n|move|p1a: Inteleon|Hydro Cannon|p2a: Colossoil\n|-supereffective|p2a: Colossoil\n|-damage|p2a: Colossoil|0 fnt\n|-mustrecharge|p1a: Inteleon\n|faint|p2a: Colossoil\n|\n|win|toon arctozolt\n|c|\u2606toon arctozolt|CANNON\n|c|\u2606Neon Nerd|lol\n|player|p1|toon arctozolt|1\n","uploadtime":1665962114,"views":30,"p1id":"toonarctozolt","p2id":"neonnerd","formatid":"gen8cap","rating":0,"private":0,"password":null}