{"id":"smogtours-gen8randombattle-600647","p1":"Hara Corleone","p2":"The Last Hero","format":"gen8randombattle","log":"|inactive|Battle timer is ON: inactive players will automatically lose when time's up.\n|t:|1641490032\n|gametype|singles\n|player|p1|Hara Corleone|roxanne|\n|player|p2|The Last Hero|acetrainersnow|\n|teamsize|p1|6\n|teamsize|p2|6\n|gen|8\n|tier|[Gen 8] Random Battle\n|rule|Species Clause: Limit one of each Pok\u00e9mon\n|rule|HP Percentage Mod: HP is shown in percentages\n|rule|Sleep Clause Mod: Limit one foe put to sleep\n|\n|t:|1641490032\n|start\n|switch|p1a: Oranguru|Oranguru, L86, M|295\/295\n|switch|p2a: Machamp|Machamp, L82, M|282\/282\n|turn|1\n|\n|t:|1641490046\n|switch|p1a: Crobat|Crobat, L82, M|274\/274\n|switch|p2a: Genesect|Genesect-Douse, L74|227\/227\n|-ability|p2a: Genesect|Download|boost\n|-boost|p2a: Genesect|spa|1\n|\n|upkeep\n|turn|2\n|\n|t:|1641490061\n|move|p1a: Crobat|Taunt|p2a: Genesect\n|-start|p2a: Genesect|move: Taunt\n|move|p2a: Genesect|Techno Blast|p1a: Crobat\n|-damage|p1a: Crobat|141\/274\n|\n|upkeep\n|turn|3\n|\n|t:|1641490077\n|move|p1a: Crobat|Roost|p1a: Crobat\n|-heal|p1a: Crobat|274\/274\n|-singleturn|p1a: Crobat|move: Roost\n|move|p2a: Genesect|Techno Blast|p1a: Crobat\n|-damage|p1a: Crobat|148\/274\n|\n|upkeep\n|turn|4\n|\n|t:|1641490092\n|switch|p1a: Hitmonlee|Hitmonlee, L84, M|221\/221\n|move|p2a: Genesect|Flamethrower|p1a: Hitmonlee\n|-damage|p1a: Hitmonlee|141\/221\n|-status|p1a: Hitmonlee|brn\n|\n|-damage|p1a: Hitmonlee|128\/221 brn|[from] brn\n|-end|p2a: Genesect|move: Taunt\n|upkeep\n|turn|5\n|\n|t:|1641490102\n|move|p1a: Hitmonlee|Close Combat|p2a: Genesect\n|-damage|p2a: Genesect|150\/227\n|-unboost|p1a: Hitmonlee|def|1\n|-unboost|p1a: Hitmonlee|spd|1\n|-enditem|p1a: Hitmonlee|White Herb\n|-clearnegativeboost|p1a: Hitmonlee|[silent]\n|move|p2a: Genesect|Iron Head|p1a: Hitmonlee\n|-damage|p1a: Hitmonlee|23\/221 brn\n|\n|-damage|p1a: Hitmonlee|10\/221 brn|[from] brn\n|upkeep\n|turn|6\n|\n|t:|1641490109\n|switch|p2a: Mesprit|Mesprit, L84|272\/272\n|move|p1a: Hitmonlee|Knock Off|p2a: Mesprit\n|-supereffective|p2a: Mesprit\n|-damage|p2a: Mesprit|202\/272\n|-enditem|p2a: Mesprit|Leftovers|[from] move: Knock Off|[of] p1a: Hitmonlee\n|\n|-damage|p1a: Hitmonlee|0 fnt|[from] brn\n|faint|p1a: Hitmonlee\n|upkeep\n|\n|t:|1641490124\n|switch|p1a: Crobat|Crobat, L82, M|148\/274\n|turn|7\n|\n|t:|1641490128\n|move|p1a: Crobat|Brave Bird|p2a: Mesprit\n|-damage|p2a: Mesprit|96\/272\n|-damage|p1a: Crobat|113\/274|[from] Recoil\n|move|p2a: Mesprit|Psychic|p1a: Crobat\n|-supereffective|p1a: Crobat\n|-damage|p1a: Crobat|0 fnt\n|faint|p1a: Crobat\n|\n|upkeep\n|\n|t:|1641490136\n|switch|p1a: Oranguru|Oranguru, L86, M|295\/295\n|turn|8\n|\n|t:|1641490140\n|move|p2a: Mesprit|Psychic|p1a: Oranguru\n|-resisted|p1a: Oranguru\n|-damage|p1a: Oranguru|250\/295\n|move|p1a: Oranguru|Nasty Plot|p1a: Oranguru\n|-boost|p1a: Oranguru|spa|2\n|\n|-heal|p1a: Oranguru|268\/295|[from] item: Leftovers\n|upkeep\n|turn|9\n|\n|t:|1641490143\n|move|p2a: Mesprit|Stealth Rock|p1a: Oranguru\n|-sidestart|p1: Hara Corleone|move: Stealth Rock\n|move|p1a: Oranguru|Thunderbolt|p2a: Mesprit\n|-damage|p2a: Mesprit|0 fnt\n|faint|p2a: Mesprit\n|\n|-heal|p1a: Oranguru|286\/295|[from] item: Leftovers\n|upkeep\n|\n|t:|1641490148\n|switch|p2a: Genesect|Genesect-Douse, L74|150\/227\n|-ability|p2a: Genesect|Download|boost\n|-boost|p2a: Genesect|atk|1\n|turn|10\n|\n|t:|1641490153\n|move|p2a: Genesect|U-turn|p1a: Oranguru\n|-supereffective|p1a: Oranguru\n|-damage|p1a: Oranguru|64\/295\n|\n|t:|1641490161\n|switch|p2a: Salazzle|Salazzle, L82, F|246\/246\n|move|p1a: Oranguru|Thunderbolt|p2a: Salazzle\n|-damage|p2a: Salazzle|80\/246\n|\n|-heal|p2a: Salazzle|95\/246|[from] item: Black Sludge\n|-heal|p1a: Oranguru|82\/295|[from] item: Leftovers\n|upkeep\n|turn|11\n|\n|t:|1641490168\n|move|p2a: Salazzle|Flamethrower|p1a: Oranguru\n|-damage|p1a: Oranguru|0 fnt\n|faint|p1a: Oranguru\n|\n|-heal|p2a: Salazzle|110\/246|[from] item: Black Sludge\n|upkeep\n|\n|t:|1641490174\n|switch|p1a: Omastar|Omastar, L82, M|249\/249\n|-damage|p1a: Omastar|218\/249|[from] Stealth Rock\n|turn|12\n|\n|t:|1641490182\n|move|p2a: Salazzle|Toxic|p1a: Omastar\n|-status|p1a: Omastar|tox\n|move|p1a: Omastar|Stealth Rock|p2a: Salazzle\n|-sidestart|p2: The Last Hero|move: Stealth Rock\n|\n|-heal|p2a: Salazzle|125\/246|[from] item: Black Sludge\n|-damage|p1a: Omastar|203\/249 tox|[from] psn\n|upkeep\n|turn|13\n|\n|t:|1641490189\n|-start|p1a: Omastar|Dynamax\n|-heal|p1a: Omastar|406\/498 tox|[silent]\n|move|p2a: Salazzle|Protect|p2a: Salazzle\n|-singleturn|p2a: Salazzle|Protect\n|move|p1a: Omastar|Max Geyser|p2a: Salazzle\n|-supereffective|p2a: Salazzle\n|-zbroken|p2a: Salazzle\n|-damage|p2a: Salazzle|0 fnt\n|-weather|RainDance\n|faint|p2a: Salazzle\n|-damage|p1a: Omastar|382\/498 tox|[from] item: Life Orb\n|\n|-weather|RainDance|[upkeep]\n|-damage|p1a: Omastar|352\/498 tox|[from] psn\n|upkeep\n|\n|t:|1641490196\n|switch|p2a: Lurantis|Lurantis, L86, F|261\/261\n|-damage|p2a: Lurantis|229\/261|[from] Stealth Rock\n|turn|14\n|\n|t:|1641490201\n|-start|p2a: Lurantis|Dynamax\n|-heal|p2a: Lurantis|458\/522|[silent]\n|move|p1a: Omastar|Max Hailstorm|p2a: Lurantis\n|-supereffective|p2a: Lurantis\n|-damage|p2a: Lurantis|201\/522\n|-weather|Hail\n|-damage|p1a: Omastar|328\/498 tox|[from] item: Life Orb\n|move|p2a: Lurantis|Max Overgrowth|p1a: Omastar\n|-supereffective|p1a: Omastar\n|-damage|p1a: Omastar|0 fnt\n|-fieldstart|move: Grassy Terrain\n|faint|p1a: Omastar\n|-damage|p2a: Lurantis|175\/522|[from] item: Life Orb\n|\n|-weather|Hail|[upkeep]\n|-damage|p2a: Lurantis|159\/522|[from] Hail\n|-heal|p2a: Lurantis|175\/522|[from] Grassy Terrain\n|upkeep\n|\n|t:|1641490204\n|switch|p1a: Escavalier|Escavalier, L84, F|255\/255\n|-damage|p1a: Escavalier|224\/255|[from] Stealth Rock\n|turn|15\n|\n|t:|1641490209\n|move|p2a: Lurantis|Max Darkness|p1a: Escavalier\n|-damage|p1a: Escavalier|123\/255\n|-unboost|p1a: Escavalier|spd|1\n|-damage|p2a: Lurantis|149\/522|[from] item: Life Orb\n|move|p1a: Escavalier|Megahorn|p2a: Lurantis\n|-supereffective|p2a: Lurantis\n|-damage|p2a: Lurantis|0 fnt\n|faint|p2a: Lurantis\n|\n|-weather|Hail|[upkeep]\n|-damage|p1a: Escavalier|108\/255|[from] Hail\n|-heal|p1a: Escavalier|123\/255|[from] Grassy Terrain\n|upkeep\n|\n|t:|1641490213\n|switch|p2a: Genesect|Genesect-Douse, L74|150\/227\n|-damage|p2a: Genesect|122\/227|[from] Stealth Rock\n|-ability|p2a: Genesect|Download|boost\n|-boost|p2a: Genesect|spa|1\n|turn|16\n|\n|t:|1641490217\n|move|p2a: Genesect|Flamethrower|p1a: Escavalier\n|-supereffective|p1a: Escavalier\n|-damage|p1a: Escavalier|0 fnt\n|faint|p1a: Escavalier\n|\n|-weather|Hail|[upkeep]\n|-damage|p2a: Genesect|108\/227|[from] Hail\n|-heal|p2a: Genesect|122\/227|[from] Grassy Terrain\n|upkeep\n|\n|t:|1641490220\n|switch|p1a: Crawdaunt|Crawdaunt, L84, F|243\/243\n|-damage|p1a: Crawdaunt|213\/243|[from] Stealth Rock\n|turn|17\n|\n|t:|1641490222\n|move|p2a: Genesect|U-turn|p1a: Crawdaunt\n|-supereffective|p1a: Crawdaunt\n|-damage|p1a: Crawdaunt|75\/243\n|\n|t:|1641490224\n|switch|p2a: Machamp|Machamp, L82, M|282\/282\n|-damage|p2a: Machamp|265\/282|[from] Stealth Rock\n|move|p1a: Crawdaunt|Crabhammer|p2a: Machamp\n|-damage|p2a: Machamp|3\/282\n|\n|-weather|Hail|[upkeep]\n|-damage|p1a: Crawdaunt|60\/243|[from] Hail\n|-damage|p2a: Machamp|0 fnt|[from] Hail\n|faint|p2a: Machamp\n|-heal|p1a: Crawdaunt|75\/243|[from] Grassy Terrain\n|upkeep\n|\n|t:|1641490226\n|switch|p2a: Genesect|Genesect-Douse, L74|122\/227\n|-damage|p2a: Genesect|94\/227|[from] Stealth Rock\n|-ability|p2a: Genesect|Download|boost\n|-boost|p2a: Genesect|spa|1\n|turn|18\n|\n|t:|1641490228\n|move|p2a: Genesect|U-turn|p1a: Crawdaunt\n|-supereffective|p1a: Crawdaunt\n|-damage|p1a: Crawdaunt|0 fnt\n|faint|p1a: Crawdaunt\n|\n|win|The Last Hero\n","inputlog":">version eb93b888755b43e2e7e090fc5a133c1240022351\n>start {\"formatid\":\"gen8randombattle\",\"seed\":[61004,20591,64356,38564]}\n>player p1 {\"name\":\"Hara Corleone\",\"avatar\":\"roxanne\",\"rating\":0,\"seed\":[18450,58177,3362,38806]}\n>player p2 {\"name\":\"The Last Hero\",\"avatar\":\"acetrainersnow\",\"rating\":0,\"seed\":[8600,47379,38218,42528]}\n>p1 switch 3\n>p2 switch 2\n>p1 move taunt\n>p2 move technoblast\n>p1 move roost\n>p2 move technoblast\n>p1 switch 2\n>p2 move flamethrower\n>p1 move closecombat\n>p2 move ironhead\n>p1 move knockoff\n>p2 switch 6\n>p1 switch 2\n>p1 move bravebird\n>p2 move psychic\n>p1 switch 3\n>p1 move nastyplot\n>p2 move psychic\n>p1 move thunderbolt\n>p2 move stealthrock\n>p2 switch 6\n>p1 move thunderbolt\n>p2 move uturn\n>p2 switch 4\n>p1 move psychic\n>p2 move flamethrower\n>p1 switch 6\n>p1 move stealthrock\n>p2 move toxic\n>p1 move hydropump dynamax\n>p2 move protect\n>p2 switch 3\n>p1 move icebeam dynamax\n>p2 move leafstorm dynamax\n>p1 switch 5\n>p1 move megahorn\n>p2 move knockoff dynamax\n>p2 switch 4\n>p1 move megahorn\n>p2 move flamethrower\n>p1 switch 4\n>p1 move crabhammer\n>p2 move uturn\n>p2 switch 2\n>p2 switch 2\n>p1 move crabhammer\n>p2 move uturn","uploadtime":1641490229,"views":11,"p1id":"haracorleone","p2id":"thelasthero","formatid":"gen8randombattle","rating":0,"private":0,"password":null}