{"id":"smogtours-gen6ou-652099","p1":"toytean","p2":"Pok et Glace","format":"gen6ou","log":"|inactive|Battle timer is ON: inactive players will automatically lose when time's up.\n|t:|1664655425\n|gametype|singles\n|player|p1|toytean|sage|\n|player|p2|Pok et Glace|102|\n|teamsize|p1|6\n|teamsize|p2|6\n|gen|6\n|tier|[Gen 6] OU\n|rule|Sleep Clause Mod: Limit one foe put to sleep\n|rule|Species Clause: Limit one of each Pok\u00e9mon\n|rule|OHKO Clause: OHKO moves are banned\n|rule|Moody Clause: Moody is banned\n|rule|Evasion Items Clause: Evasion items are banned\n|rule|Evasion Moves Clause: Evasion moves are banned\n|rule|Endless Battle Clause: Forcing endless battles is banned\n|rule|HP Percentage Mod: HP is shown in percentages\n|rule|Swagger Clause: Swagger is banned\n|clearpoke\n|poke|p1|Lopunny, F|item\n|poke|p1|Volcanion|item\n|poke|p1|Excadrill, F|item\n|poke|p1|Gastrodon-East, F|item\n|poke|p1|Clefable, M|item\n|poke|p1|Tornadus-Therian, M|item\n|poke|p2|Landorus-Therian, M|item\n|poke|p2|Bisharp, M|item\n|poke|p2|Garchomp, M|item\n|poke|p2|Diancie|item\n|poke|p2|Manaphy|item\n|poke|p2|Dragonite, M|item\n|teampreview\n|c|\u2606Pok et Glace|hf\n|c|\u2606toytean|hf\n|inactive|toytean has 270 seconds left.\n|\n|t:|1664655460\n|start\n|switch|p1a: Excadrill|Excadrill, F|100\/100\n|switch|p2a: Nancy Pelosi|Diancie, shiny|100\/100\n|-ability|p1a: Excadrill|Mold Breaker\n|turn|1\n|\n|t:|1664655468\n|switch|p2a: Bernie Landers|Landorus-Therian, M, shiny|100\/100\n|-ability|p2a: Bernie Landers|Intimidate|boost\n|-unboost|p1a: Excadrill|atk|1\n|move|p1a: Excadrill|Stealth Rock|p2a: Bernie Landers\n|-sidestart|p2: Pok et Glace|move: Stealth Rock\n|\n|upkeep\n|turn|2\n|\n|t:|1664655476\n|switch|p1a: Tornadus|Tornadus-Therian, M|100\/100\n|move|p2a: Bernie Landers|Stealth Rock|p1a: Tornadus\n|-sidestart|p1: toytean|move: Stealth Rock\n|\n|upkeep\n|turn|3\n|\n|t:|1664655487\n|switch|p2a: Nancy Pelosi|Diancie, shiny|100\/100\n|-damage|p2a: Nancy Pelosi|88\/100|[from] Stealth Rock\n|move|p1a: Tornadus|Hidden Power|p2a: Nancy Pelosi\n|-damage|p2a: Nancy Pelosi|73\/100\n|\n|upkeep\n|turn|4\n|\n|t:|1664655497\n|detailschange|p2a: Nancy Pelosi|Diancie-Mega, shiny\n|-mega|p2a: Nancy Pelosi|Diancie|Diancite\n|move|p1a: Tornadus|U-turn|p2a: Nancy Pelosi\n|-resisted|p2a: Nancy Pelosi\n|-damage|p2a: Nancy Pelosi|63\/100\n|\n|t:|1664655507\n|switch|p1a: Gastrodon|Gastrodon-East, F|100\/100|[from]move: U-turn\n|-damage|p1a: Gastrodon|94\/100|[from] Stealth Rock\n|move|p2a: Nancy Pelosi|Moonblast|p1a: Gastrodon\n|-damage|p1a: Gastrodon|43\/100\n|-unboost|p1a: Gastrodon|spa|1\n|\n|-heal|p1a: Gastrodon|49\/100|[from] item: Leftovers\n|upkeep\n|turn|5\n|\n|t:|1664655524\n|switch|p1a: Excadrill|Excadrill, F|100\/100\n|-damage|p1a: Excadrill|98\/100|[from] Stealth Rock\n|-ability|p1a: Excadrill|Mold Breaker\n|move|p2a: Nancy Pelosi|Moonblast|p1a: Excadrill\n|-resisted|p1a: Excadrill\n|-damage|p1a: Excadrill|60\/100\n|\n|-heal|p1a: Excadrill|67\/100|[from] item: Leftovers\n|upkeep\n|turn|6\n|inactive|Pok et Glace has 270 seconds left.\n|inactive|Pok et Glace has 240 seconds left.\n|inactive|Pok et Glace has 210 seconds left.\n|inactive|Pok et Glace has 180 seconds left.\n|\n|t:|1664655661\n|switch|p1a: Tornadus|Tornadus-Therian, M|100\/100\n|-damage|p1a: Tornadus|76\/100|[from] Stealth Rock\n|move|p2a: Nancy Pelosi|Hidden Power|p1a: Tornadus\n|-damage|p1a: Tornadus|57\/100\n|\n|upkeep\n|turn|7\n|\n|t:|1664655672\n|move|p2a: Nancy Pelosi|Protect|p2a: Nancy Pelosi\n|-singleturn|p2a: Nancy Pelosi|Protect\n|move|p1a: Tornadus|U-turn|p2a: Nancy Pelosi\n|-activate|p2a: Nancy Pelosi|move: Protect\n|\n|upkeep\n|turn|8\n|\n|t:|1664655680\n|move|p1a: Tornadus|U-turn|p2a: Nancy Pelosi\n|-resisted|p2a: Nancy Pelosi\n|-damage|p2a: Nancy Pelosi|52\/100\n|\n|t:|1664655688\n|switch|p1a: Excadrill|Excadrill, F|67\/100|[from]move: U-turn\n|-damage|p1a: Excadrill|64\/100|[from] Stealth Rock\n|-ability|p1a: Excadrill|Mold Breaker\n|move|p2a: Nancy Pelosi|Diamond Storm|p1a: Excadrill\n|-resisted|p1a: Excadrill\n|-damage|p1a: Excadrill|53\/100\n|\n|-heal|p1a: Excadrill|59\/100|[from] item: Leftovers\n|upkeep\n|turn|9\n|\n|t:|1664655717\n|move|p2a: Nancy Pelosi|Hidden Power|p1a: Excadrill\n|-supereffective|p1a: Excadrill\n|-damage|p1a: Excadrill|0 fnt\n|faint|p1a: Excadrill\n|\n|upkeep\n|\n|t:|1664655725\n|switch|p1a: Clefable|Clefable, M|100\/100\n|turn|10\n|\n|t:|1664655737\n|switch|p2a: Bernie Landers|Landorus-Therian, M, shiny|100\/100\n|-damage|p2a: Bernie Landers|88\/100|[from] Stealth Rock\n|-ability|p2a: Bernie Landers|Intimidate|boost\n|-unboost|p1a: Clefable|atk|1\n|move|p1a: Clefable|Moonblast|p2a: Bernie Landers\n|-damage|p2a: Bernie Landers|27\/100\n|\n|upkeep\n|turn|11\n|\n|t:|1664655752\n|switch|p1a: Gastrodon|Gastrodon-East, F|49\/100\n|-damage|p1a: Gastrodon|43\/100|[from] Stealth Rock\n|move|p2a: Bernie Landers|Explosion|p1a: Gastrodon\n|-enditem|p2a: Bernie Landers|Normal Gem|[from] gem\n|-damage|p1a: Gastrodon|0 fnt\n|faint|p2a: Bernie Landers\n|faint|p1a: Gastrodon\n|\n|upkeep\n|\n|t:|1664655768\n|switch|p2a: Maralago|Dragonite, M, shiny|100\/100\n|switch|p1a: Clefable|Clefable, M|100\/100\n|-damage|p2a: Maralago|76\/100|[from] Stealth Rock\n|turn|12\n|\n|t:|1664655774\n|move|p2a: Maralago|Earthquake|p1a: Clefable\n|-damage|p1a: Clefable|44\/100\n|move|p1a: Clefable|Ice Beam|p2a: Maralago\n|-supereffective|p2a: Maralago\n|-damage|p2a: Maralago|0 fnt\n|faint|p2a: Maralago\n|\n|upkeep\n|\n|t:|1664655783\n|switch|p2a: Dark Brandon|Bisharp, M, shiny|100\/100\n|-damage|p2a: Dark Brandon|95\/100|[from] Stealth Rock\n|turn|13\n|\n|t:|1664655793\n|move|p2a: Dark Brandon|Iron Head|p1a: Clefable\n|-supereffective|p1a: Clefable\n|-damage|p1a: Clefable|0 fnt\n|faint|p1a: Clefable\n|-damage|p2a: Dark Brandon|85\/100|[from] item: Life Orb\n|\n|upkeep\n|\n|t:|1664655797\n|switch|p1a: Lopunny|Lopunny, F|100\/100\n|-damage|p1a: Lopunny|88\/100|[from] Stealth Rock\n|turn|14\n|\n|t:|1664655804\n|switch|p2a: Last Hillary lover|Manaphy, shiny|100\/100\n|-damage|p2a: Last Hillary lover|88\/100|[from] Stealth Rock\n|detailschange|p1a: Lopunny|Lopunny-Mega, F\n|-mega|p1a: Lopunny|Lopunny|Lopunnite\n|move|p1a: Lopunny|High Jump Kick|p2a: Last Hillary lover\n|-damage|p2a: Last Hillary lover|42\/100\n|\n|-heal|p2a: Last Hillary lover|48\/100|[from] item: Leftovers\n|upkeep\n|turn|15\n|\n|t:|1664655812\n|move|p1a: Lopunny|High Jump Kick|p2a: Last Hillary lover\n|-damage|p2a: Last Hillary lover|0 fnt\n|faint|p2a: Last Hillary lover\n|\n|upkeep\n|\n|t:|1664655816\n|switch|p2a: The donald|Garchomp, M, shiny|100\/100\n|-damage|p2a: The donald|94\/100|[from] Stealth Rock\n|turn|16\n|\n|t:|1664655822\n|switch|p1a: Volcanion|Volcanion|100\/100\n|-damage|p1a: Volcanion|76\/100|[from] Stealth Rock\n|move|p2a: The donald|Outrage|p1a: Volcanion\n|-damage|p1a: Volcanion|28\/100\n|\n|-heal|p1a: Volcanion|34\/100|[from] item: Leftovers\n|upkeep\n|turn|17\n|\n|t:|1664655827\n|move|p2a: The donald|Outrage|p1a: Volcanion|[from]lockedmove\n|-damage|p1a: Volcanion|0 fnt\n|faint|p1a: Volcanion\n|-start|p2a: The donald|confusion|[fatigue]\n|\n|upkeep\n|\n|t:|1664655830\n|switch|p1a: Tornadus|Tornadus-Therian, M|91\/100\n|-damage|p1a: Tornadus|66\/100|[from] Stealth Rock\n|turn|18\n|\n|t:|1664655835\n|switch|p2a: Dark Brandon|Bisharp, M, shiny|85\/100\n|-damage|p2a: Dark Brandon|79\/100|[from] Stealth Rock\n|move|p1a: Tornadus|Hidden Power|p2a: Dark Brandon\n|-resisted|p2a: Dark Brandon\n|-damage|p2a: Dark Brandon|67\/100\n|\n|upkeep\n|turn|19\n|\n|t:|1664655844\n|move|p2a: Dark Brandon|Sucker Punch|p1a: Tornadus\n|-damage|p1a: Tornadus|4\/100\n|-damage|p2a: Dark Brandon|57\/100|[from] item: Life Orb\n|move|p1a: Tornadus|U-turn|p2a: Dark Brandon\n|-damage|p2a: Dark Brandon|37\/100\n|\n|t:|1664655847\n|switch|p1a: Lopunny|Lopunny-Mega, F|88\/100|[from]move: U-turn\n|-damage|p1a: Lopunny|82\/100|[from] Stealth Rock\n|\n|upkeep\n|turn|20\n|\n|t:|1664655853\n|move|p2a: Dark Brandon|Sucker Punch|p1a: Lopunny\n|-resisted|p1a: Lopunny\n|-damage|p1a: Lopunny|47\/100\n|-damage|p2a: Dark Brandon|27\/100|[from] item: Life Orb\n|move|p1a: Lopunny|High Jump Kick|p2a: Dark Brandon\n|-supereffective|p2a: Dark Brandon\n|-damage|p2a: Dark Brandon|0 fnt\n|faint|p2a: Dark Brandon\n|\n|upkeep\n|\n|t:|1664655858\n|switch|p2a: The donald|Garchomp, M, shiny|94\/100\n|-damage|p2a: The donald|88\/100|[from] Stealth Rock\n|turn|21\n|\n|t:|1664655869\n|move|p2a: The donald|Outrage|p1a: Lopunny\n|-damage|p1a: Lopunny|0 fnt\n|faint|p1a: Lopunny\n|\n|upkeep\n|c|\u2606Pok et Glace|gg\n|c|\u2606toytean|not rreally\n|c|\u2606toytean|gl\n|-message|toytean forfeited.\n|\n|win|Pok et Glace\n","uploadtime":1664655881,"views":13,"p1id":"toytean","p2id":"poketglace","formatid":"gen6ou","rating":0,"private":0,"password":null}