{"id":"smogtours-gen4pu-641720","p1":"Heysup","p2":"Skysolo \u2764","format":"gen4pu","log":"|inactive|Battle timer is ON: inactive players will automatically lose when time's up.\n|t:|1659544273\n|gametype|singles\n|player|p1|Heysup|#advpliiaquacordeanglerfish|\n|player|p2|Skysolo \u2764|#pspl2019ubers|\n|teamsize|p1|6\n|teamsize|p2|6\n|gen|4\n|tier|[Gen 4] PU\n|rule|Sleep Clause Mod: Limit one foe put to sleep\n|rule|Species Clause: Limit one of each Pok\u00e9mon\n|rule|OHKO Clause: OHKO moves are banned\n|rule|Evasion Moves Clause: Evasion moves are banned\n|rule|Endless Battle Clause: Forcing endless battles is banned\n|rule|HP Percentage Mod: HP is shown in percentages\n|rule|Baton Pass Clause: Limit one Baton Passer, can't pass Spe and other stats simultaneously\n|\n|t:|1659544273\n|start\n|switch|p1a: Golduck|Golduck, F|100\/100\n|switch|p2a: Misdreavus|Misdreavus, M|100\/100\n|turn|1\n|c|\u2606Skysolo \u2764|hf\n|inactive|Skysolo \u2764 has 270 seconds left.\n|\n|t:|1659544315\n|move|p2a: Misdreavus|Thunderbolt|p1a: Golduck\n|-supereffective|p1a: Golduck\n|-damage|p1a: Golduck|33\/100\n|move|p1a: Golduck|Calm Mind|p1a: Golduck\n|-boost|p1a: Golduck|spa|1\n|-boost|p1a: Golduck|spd|1\n|\n|upkeep\n|turn|2\n|\n|t:|1659544323\n|move|p2a: Misdreavus|Thunderbolt|p1a: Golduck\n|-supereffective|p1a: Golduck\n|-damage|p1a: Golduck|0 fnt\n|faint|p1a: Golduck\n|\n|upkeep\n|\n|t:|1659544326\n|switch|p1a: Rhydon|Rhydon, M|100\/100\n|turn|3\n|\n|t:|1659544333\n|switch|p2a: Quagsire|Quagsire, M, shiny|100\/100\n|move|p1a: Rhydon|Stealth Rock|p2a: Quagsire\n|-sidestart|p2: Skysolo \u2764|move: Stealth Rock\n|\n|upkeep\n|turn|4\n|\n|t:|1659544341\n|switch|p1a: Bellossom|Bellossom, M|100\/100\n|move|p2a: Quagsire|Toxic|p1a: Bellossom|[miss]\n|-miss|p2a: Quagsire|p1a: Bellossom\n|\n|upkeep\n|turn|5\n|\n|t:|1659544346\n|switch|p2a: Muk|Muk, F|100\/100\n|-damage|p2a: Muk|88\/100|[from] Stealth Rock\n|move|p1a: Bellossom|Sleep Powder|p2a: Muk\n|-status|p2a: Muk|slp|[from] move: Sleep Powder\n|\n|-heal|p2a: Muk|94\/100 slp|[from] item: Black Sludge\n|upkeep\n|turn|6\n|\n|t:|1659544355\n|switch|p1a: Rhydon|Rhydon, M|100\/100\n|cant|p2a: Muk|slp\n|move|p2a: Muk|Sleep Talk|p2a: Muk\n|move|p2a: Muk|Poison Jab|p1a: Rhydon|[from]move: Sleep Talk\n|-resisted|p1a: Rhydon\n|-damage|p1a: Rhydon|95\/100\n|\n|-heal|p2a: Muk|99\/100 slp|[from] item: Black Sludge\n|upkeep\n|turn|7\n|\n|t:|1659544360\n|switch|p2a: Misdreavus|Misdreavus, M|100\/100\n|-damage|p2a: Misdreavus|88\/100|[from] Stealth Rock\n|move|p1a: Rhydon|Earthquake|p2a: Misdreavus\n|-immune|p2a: Misdreavus|[from] ability: Levitate\n|\n|upkeep\n|turn|8\n|\n|t:|1659544368\n|move|p2a: Misdreavus|Will-O-Wisp|p1a: Rhydon|[miss]\n|-miss|p2a: Misdreavus|p1a: Rhydon\n|move|p1a: Rhydon|Stone Edge|p2a: Misdreavus\n|-damage|p2a: Misdreavus|0 fnt\n|faint|p2a: Misdreavus\n|\n|upkeep\n|\n|t:|1659544379\n|switch|p2a: Quagsire|Quagsire, M, shiny|100\/100\n|-damage|p2a: Quagsire|94\/100|[from] Stealth Rock\n|turn|9\n|\n|t:|1659544385\n|switch|p1a: Xatu|Xatu, F|100\/100\n|move|p2a: Quagsire|Toxic|p1a: Xatu|[miss]\n|-miss|p2a: Quagsire|p1a: Xatu\n|\n|-heal|p2a: Quagsire|100\/100|[from] item: Leftovers\n|upkeep\n|turn|10\n|c|\u2606Heysup|my b\n|\n|t:|1659544397\n|switch|p2a: Probopass|Probopass, F|100\/100\n|-damage|p2a: Probopass|94\/100|[from] Stealth Rock\n|move|p1a: Xatu|Heat Wave|p2a: Probopass|[miss]\n|-miss|p1a: Xatu|p2a: Probopass\n|\n|-heal|p2a: Probopass|100\/100|[from] item: Leftovers\n|upkeep\n|turn|11\n|\n|t:|1659544412\n|switch|p1a: Rhydon|Rhydon, M|95\/100\n|move|p2a: Probopass|Stealth Rock|p1a: Rhydon\n|-sidestart|p1: Heysup|move: Stealth Rock\n|\n|upkeep\n|turn|12\n|\n|t:|1659544416\n|switch|p2a: Quagsire|Quagsire, M, shiny|100\/100\n|-damage|p2a: Quagsire|94\/100|[from] Stealth Rock\n|move|p1a: Rhydon|Earthquake|p2a: Quagsire\n|-damage|p2a: Quagsire|56\/100\n|\n|-heal|p2a: Quagsire|62\/100|[from] item: Leftovers\n|upkeep\n|turn|13\n|\n|t:|1659544425\n|switch|p1a: Bellossom|Bellossom, M|100\/100\n|-damage|p1a: Bellossom|88\/100|[from] Stealth Rock\n|move|p2a: Quagsire|Recover|p2a: Quagsire\n|-heal|p2a: Quagsire|100\/100\n|\n|-heal|p1a: Bellossom|94\/100|[from] item: Leftovers\n|upkeep\n|turn|14\n|\n|t:|1659544432\n|switch|p1a: Rhydon|Rhydon, M|95\/100\n|-damage|p1a: Rhydon|89\/100|[from] Stealth Rock\n|switch|p2a: Probopass|Probopass, F|100\/100\n|-damage|p2a: Probopass|94\/100|[from] Stealth Rock\n|\n|-heal|p2a: Probopass|100\/100|[from] item: Leftovers\n|upkeep\n|turn|15\n|\n|t:|1659544439\n|switch|p2a: Quagsire|Quagsire, M, shiny|100\/100\n|-damage|p2a: Quagsire|94\/100|[from] Stealth Rock\n|move|p1a: Rhydon|Earthquake|p2a: Quagsire\n|-damage|p2a: Quagsire|54\/100\n|\n|-heal|p2a: Quagsire|60\/100|[from] item: Leftovers\n|upkeep\n|turn|16\n|\n|t:|1659544444\n|move|p1a: Rhydon|Earthquake|p2a: Quagsire\n|-damage|p2a: Quagsire|24\/100\n|move|p2a: Quagsire|Recover|p2a: Quagsire\n|-heal|p2a: Quagsire|74\/100\n|\n|-heal|p2a: Quagsire|80\/100|[from] item: Leftovers\n|upkeep\n|turn|17\n|\n|t:|1659544447\n|move|p1a: Rhydon|Earthquake|p2a: Quagsire\n|-damage|p2a: Quagsire|39\/100\n|move|p2a: Quagsire|Recover|p2a: Quagsire\n|-heal|p2a: Quagsire|89\/100\n|\n|-heal|p2a: Quagsire|95\/100|[from] item: Leftovers\n|upkeep\n|turn|18\n|\n|t:|1659544453\n|switch|p1a: Xatu|Xatu, F|100\/100\n|-damage|p1a: Xatu|76\/100|[from] Stealth Rock\n|move|p2a: Quagsire|Surf|p1a: Xatu\n|-damage|p1a: Xatu|41\/100\n|\n|-heal|p1a: Xatu|47\/100|[from] item: Leftovers\n|-heal|p2a: Quagsire|100\/100|[from] item: Leftovers\n|upkeep\n|turn|19\n|\n|t:|1659544458\n|switch|p2a: Probopass|Probopass, F|100\/100\n|-damage|p2a: Probopass|94\/100|[from] Stealth Rock\n|move|p1a: Xatu|Roost|p1a: Xatu\n|-heal|p1a: Xatu|97\/100\n|-singleturn|p1a: Xatu|move: Roost\n|\n|-heal|p1a: Xatu|100\/100|[from] item: Leftovers\n|-heal|p2a: Probopass|100\/100|[from] item: Leftovers\n|upkeep\n|turn|20\n|\n|t:|1659544464\n|switch|p1a: Bellossom|Bellossom, M|94\/100\n|-damage|p1a: Bellossom|82\/100|[from] Stealth Rock\n|move|p2a: Probopass|Toxic|p1a: Bellossom\n|-status|p1a: Bellossom|tox\n|\n|-heal|p1a: Bellossom|88\/100 tox|[from] item: Leftovers\n|-damage|p1a: Bellossom|82\/100 tox|[from] psn\n|upkeep\n|turn|21\n|\n|t:|1659544469\n|switch|p1a: Rhydon|Rhydon, M|89\/100\n|-damage|p1a: Rhydon|83\/100|[from] Stealth Rock\n|move|p2a: Probopass|Earth Power|p1a: Rhydon\n|-supereffective|p1a: Rhydon\n|-damage|p1a: Rhydon|35\/100\n|\n|upkeep\n|turn|22\n|\n|t:|1659544480\n|switch|p1a: Ampharos|Ampharos, F|100\/100\n|-damage|p1a: Ampharos|88\/100|[from] Stealth Rock\n|switch|p2a: Quagsire|Quagsire, M, shiny|100\/100\n|-damage|p2a: Quagsire|94\/100|[from] Stealth Rock\n|\n|-heal|p2a: Quagsire|100\/100|[from] item: Leftovers\n|upkeep\n|turn|23\n|\n|t:|1659544491\n|switch|p2a: Muk|Muk, F|99\/100 slp\n|-damage|p2a: Muk|88\/100 slp|[from] Stealth Rock\n|move|p1a: Ampharos|Heal Bell|p1a: Ampharos\n|-activate|p1a: Ampharos|move: Heal Bell\n|-curestatus|p1: Bellossom|tox|[silent]\n|\n|-heal|p2a: Muk|94\/100 slp|[from] item: Black Sludge\n|upkeep\n|turn|24\n|\n|t:|1659544496\n|switch|p1a: Rhydon|Rhydon, M|35\/100\n|-damage|p1a: Rhydon|29\/100|[from] Stealth Rock\n|-curestatus|p2a: Muk|slp|[msg]\n|move|p2a: Muk|Sleep Talk||[still]\n|-fail|p2a: Muk\n|\n|-heal|p2a: Muk|99\/100|[from] item: Black Sludge\n|upkeep\n|turn|25\n|\n|t:|1659544502\n|switch|p2a: Quagsire|Quagsire, M, shiny|100\/100\n|-damage|p2a: Quagsire|94\/100|[from] Stealth Rock\n|move|p1a: Rhydon|Earthquake|p2a: Quagsire\n|-damage|p2a: Quagsire|54\/100\n|\n|-heal|p2a: Quagsire|60\/100|[from] item: Leftovers\n|upkeep\n|turn|26\n|\n|t:|1659544513\n|move|p1a: Rhydon|Earthquake|p2a: Quagsire\n|-damage|p2a: Quagsire|19\/100\n|move|p2a: Quagsire|Recover|p2a: Quagsire\n|-heal|p2a: Quagsire|69\/100\n|\n|-heal|p2a: Quagsire|75\/100|[from] item: Leftovers\n|upkeep\n|turn|27\n|\n|t:|1659544518\n|move|p1a: Rhydon|Earthquake|p2a: Quagsire\n|-damage|p2a: Quagsire|39\/100\n|move|p2a: Quagsire|Recover|p2a: Quagsire\n|-heal|p2a: Quagsire|89\/100\n|\n|-heal|p2a: Quagsire|95\/100|[from] item: Leftovers\n|upkeep\n|turn|28\n|\n|t:|1659544522\n|switch|p1a: Xatu|Xatu, F|100\/100\n|-damage|p1a: Xatu|76\/100|[from] Stealth Rock\n|move|p2a: Quagsire|Toxic|p1a: Xatu\n|-status|p1a: Xatu|tox\n|-status|p2a: Quagsire|psn|[from] ability: Synchronize|[of] p1a: Xatu\n|\n|-heal|p1a: Xatu|82\/100 tox|[from] item: Leftovers\n|-damage|p1a: Xatu|76\/100 tox|[from] psn\n|-heal|p2a: Quagsire|100\/100 psn|[from] item: Leftovers\n|-damage|p2a: Quagsire|88\/100 psn|[from] psn\n|upkeep\n|turn|29\n|\n|t:|1659544535\n|switch|p1a: Rhydon|Rhydon, M|29\/100\n|-damage|p1a: Rhydon|23\/100|[from] Stealth Rock\n|switch|p2a: Probopass|Probopass, F|100\/100\n|-damage|p2a: Probopass|94\/100|[from] Stealth Rock\n|\n|-heal|p2a: Probopass|100\/100|[from] item: Leftovers\n|upkeep\n|turn|30\n|\n|t:|1659544539\n|move|p2a: Probopass|Protect|p2a: Probopass\n|-singleturn|p2a: Probopass|Protect\n|move|p1a: Rhydon|Earthquake|p2a: Probopass\n|-activate|p2a: Probopass|Protect\n|\n|upkeep\n|turn|31\n|\n|t:|1659544545\n|switch|p2a: Quagsire|Quagsire, M, shiny|88\/100 psn\n|-damage|p2a: Quagsire|82\/100 psn|[from] Stealth Rock\n|move|p1a: Rhydon|Earthquake|p2a: Quagsire\n|-damage|p2a: Quagsire|43\/100 psn\n|\n|-heal|p2a: Quagsire|49\/100 psn|[from] item: Leftovers\n|-damage|p2a: Quagsire|37\/100 psn|[from] psn\n|upkeep\n|turn|32\n|\n|t:|1659544548\n|move|p1a: Rhydon|Earthquake|p2a: Quagsire\n|-damage|p2a: Quagsire|0 fnt\n|faint|p2a: Quagsire\n|\n|upkeep\n|\n|t:|1659544558\n|switch|p2a: Magmar|Magmar, M|100\/100\n|-damage|p2a: Magmar|76\/100|[from] Stealth Rock\n|turn|33\n|\n|t:|1659544569\n|switch|p1a: Bellossom|Bellossom, M|82\/100\n|-damage|p1a: Bellossom|69\/100|[from] Stealth Rock\n|move|p2a: Magmar|Hidden Power|p1a: Bellossom\n|-resisted|p1a: Bellossom\n|-crit|p1a: Bellossom\n|-damage|p1a: Bellossom|50\/100\n|\n|-heal|p1a: Bellossom|56\/100|[from] item: Leftovers\n|upkeep\n|turn|34\n|\n|t:|1659544579\n|move|p2a: Magmar|Fire Blast|p1a: Bellossom\n|-supereffective|p1a: Bellossom\n|-crit|p1a: Bellossom\n|-damage|p1a: Bellossom|0 fnt\n|faint|p1a: Bellossom\n|\n|upkeep\n|\n|t:|1659544583\n|switch|p1a: Ampharos|Ampharos, F|88\/100\n|-damage|p1a: Ampharos|76\/100|[from] Stealth Rock\n|turn|35\n|\n|t:|1659544590\n|switch|p2a: Muk|Muk, F|99\/100\n|-damage|p2a: Muk|88\/100|[from] Stealth Rock\n|move|p1a: Ampharos|Thunderbolt|p2a: Muk\n|-damage|p2a: Muk|58\/100\n|-status|p2a: Muk|par\n|\n|-heal|p2a: Muk|64\/100 par|[from] item: Black Sludge\n|upkeep\n|turn|36\n|\n|t:|1659544606\n|move|p1a: Ampharos|Thunderbolt|p2a: Muk\n|-damage|p2a: Muk|36\/100 par\n|move|p2a: Muk|Payback|p1a: Ampharos\n|-damage|p1a: Ampharos|46\/100\n|\n|-heal|p2a: Muk|43\/100 par|[from] item: Black Sludge\n|upkeep\n|turn|37\n|\n|t:|1659544610\n|move|p1a: Ampharos|Thunderbolt|p2a: Muk\n|-crit|p2a: Muk\n|-damage|p2a: Muk|0 fnt\n|faint|p2a: Muk\n|\n|upkeep\n|\n|t:|1659544616\n|switch|p2a: Probopass|Probopass, F|100\/100\n|-damage|p2a: Probopass|94\/100|[from] Stealth Rock\n|turn|38\n|\n|t:|1659544635\n|move|p1a: Ampharos|Thunderbolt|p2a: Probopass\n|-crit|p2a: Probopass\n|-damage|p2a: Probopass|35\/100\n|-status|p2a: Probopass|par\n|cant|p2a: Probopass|par\n|\n|-heal|p2a: Probopass|41\/100 par|[from] item: Leftovers\n|upkeep\n|turn|39\n|\n|t:|1659544645\n|move|p1a: Ampharos|Thunderbolt|p2a: Probopass\n|-damage|p2a: Probopass|10\/100 par\n|cant|p2a: Probopass|par\n|\n|-heal|p2a: Probopass|17\/100 par|[from] item: Leftovers\n|upkeep\n|turn|40\n|c|\u2606Skysolo \u2764|dude\n|\n|t:|1659544652\n|move|p1a: Ampharos|Thunderbolt|p2a: Probopass\n|-damage|p2a: Probopass|0 fnt\n|faint|p2a: Probopass\n|\n|upkeep\n|c|\u2606Heysup|man i am so sorry\n|\n|t:|1659544657\n|switch|p2a: Purugly|Purugly, F|100\/100\n|-damage|p2a: Purugly|88\/100|[from] Stealth Rock\n|turn|41\n|\n|t:|1659544673\n|switch|p1a: Rhydon|Rhydon, M|23\/100\n|-damage|p1a: Rhydon|16\/100|[from] Stealth Rock\n|move|p2a: Purugly|Fake Out|p1a: Rhydon\n|-resisted|p1a: Rhydon\n|-damage|p1a: Rhydon|10\/100\n|\n|upkeep\n|turn|42\n|\n|t:|1659544683\n|move|p2a: Purugly|Sucker Punch|p1a: Rhydon\n|-damage|p1a: Rhydon|0 fnt\n|faint|p1a: Rhydon\n|\n|upkeep\n|\n|t:|1659544688\n|switch|p1a: Electabuzz|Electabuzz, M|100\/100\n|-damage|p1a: Electabuzz|88\/100|[from] Stealth Rock\n|turn|43\n|\n|t:|1659544695\n|move|p1a: Electabuzz|Focus Blast|p2a: Purugly|[miss]\n|-miss|p1a: Electabuzz|p2a: Purugly\n|move|p2a: Purugly|U-turn|p1a: Electabuzz\n|-damage|p1a: Electabuzz|55\/100\n|\n|t:|1659544701\n|switch|p2a: Magmar|Magmar, M|76\/100|[from]move: U-turn\n|-damage|p2a: Magmar|51\/100|[from] Stealth Rock\n|\n|upkeep\n|turn|44\n|inactive|Heysup has 270 seconds left.\n|inactive|Skysolo \u2764 has 270 seconds left.\n|\n|t:|1659544768\n|move|p1a: Electabuzz|Focus Blast|p2a: Magmar\n|-damage|p2a: Magmar|0 fnt\n|faint|p2a: Magmar\n|\n|upkeep\n|\n|t:|1659544776\n|switch|p2a: Purugly|Purugly, F|88\/100\n|-damage|p2a: Purugly|76\/100|[from] Stealth Rock\n|turn|45\n|\n|t:|1659544781\n|switch|p1a: Xatu|Xatu, F|76\/100 tox\n|-damage|p1a: Xatu|51\/100 tox|[from] Stealth Rock\n|move|p2a: Purugly|Fake Out|p1a: Xatu\n|-damage|p1a: Xatu|25\/100 tox\n|\n|-heal|p1a: Xatu|31\/100 tox|[from] item: Leftovers\n|-damage|p1a: Xatu|25\/100 tox|[from] psn\n|upkeep\n|turn|46\n|\n|t:|1659544785\n|move|p2a: Purugly|Return|p1a: Xatu\n|-damage|p1a: Xatu|0 fnt\n|faint|p1a: Xatu\n|\n|upkeep\n|\n|t:|1659544790\n|switch|p1a: Electabuzz|Electabuzz, M|55\/100\n|-damage|p1a: Electabuzz|43\/100|[from] Stealth Rock\n|turn|47\n|\n|t:|1659544796\n|move|p2a: Purugly|Sucker Punch|p1a: Electabuzz\n|-crit|p1a: Electabuzz\n|-damage|p1a: Electabuzz|0 fnt\n|faint|p1a: Electabuzz\n|\n|upkeep\n|\n|t:|1659544798\n|switch|p1a: Ampharos|Ampharos, F|46\/100\n|-damage|p1a: Ampharos|33\/100|[from] Stealth Rock\n|turn|48\n|c|\u2606Skysolo \u2764|ok this game is a mess\n|c|\u2606Heysup|ur too goated \n|inactive|Skysolo \u2764 has 270 seconds left.\n|\n|t:|1659544837\n|move|p2a: Purugly|Return|p1a: Ampharos\n|-damage|p1a: Ampharos|0 fnt\n|faint|p1a: Ampharos\n|\n|win|Skysolo \u2764\n","uploadtime":1659544838,"views":189,"p1id":"heysup","p2id":"skysolo","formatid":"gen4pu","rating":0,"private":0,"password":null}