{"id":"smogtours-gen6ou-620835","p1":"espeonagee","p2":"Ayante","format":"gen6ou","log":"|inactive|Battle timer is ON: inactive players will automatically lose when time's up.\n|t:|1650218962\n|gametype|singles\n|player|p1|espeonagee|169|\n|player|p2|Ayante|roark|\n|teamsize|p1|6\n|teamsize|p2|6\n|gen|6\n|tier|[Gen 6] OU\n|rule|Sleep Clause Mod: Limit one foe put to sleep\n|rule|Species Clause: Limit one of each Pok\u00e9mon\n|rule|OHKO Clause: OHKO moves are banned\n|rule|Moody Clause: Moody is banned\n|rule|Evasion Moves Clause: Evasion moves are banned\n|rule|Endless Battle Clause: Forcing endless battles is banned\n|rule|HP Percentage Mod: HP is shown in percentages\n|rule|Swagger Clause: Swagger is banned\n|clearpoke\n|poke|p1|Metagross|item\n|poke|p1|Clefable, M|item\n|poke|p1|Keldeo-Resolute|item\n|poke|p1|Excadrill, F|item\n|poke|p1|Rotom-Wash|item\n|poke|p1|Tornadus-Therian, M|item\n|poke|p2|Scizor, F|item\n|poke|p2|Garchomp, F|item\n|poke|p2|Rotom-Wash|item\n|poke|p2|Zapdos|item\n|poke|p2|Heatran, F|item\n|poke|p2|Slowbro, M|item\n|teampreview\n|c|\u2606espeonagee|glhf\n|inactive|espeonagee has 270 seconds left.\n|\n|t:|1650218996\n|start\n|switch|p1a: Keldeo|Keldeo-Resolute|100\/100\n|switch|p2a: Rotom|Rotom-Wash|100\/100\n|turn|1\n|\n|t:|1650219007\n|switch|p1a: Excadrill|Excadrill, F|100\/100\n|-ability|p1a: Excadrill|Mold Breaker\n|move|p2a: Rotom|Volt Switch|p1a: Excadrill\n|-immune|p1a: Excadrill\n|\n|upkeep\n|turn|2\n|\n|t:|1650219017\n|switch|p2a: Slowbro|Slowbro, M|100\/100\n|move|p1a: Excadrill|Stealth Rock|p2a: Slowbro\n|-sidestart|p2: Ayante|move: Stealth Rock\n|\n|upkeep\n|turn|3\n|\n|t:|1650219032\n|switch|p1a: Clefable|Clefable, M|100\/100\n|move|p2a: Slowbro|Scald|p1a: Clefable\n|-damage|p1a: Clefable|76\/100\n|\n|-heal|p1a: Clefable|82\/100|[from] item: Leftovers\n|upkeep\n|turn|4\n|\n|t:|1650219045\n|switch|p1a: Keldeo|Keldeo-Resolute|100\/100\n|move|p2a: Slowbro|Future Sight|p1a: Keldeo\n|-start|p2a: Slowbro|move: Future Sight\n|\n|upkeep\n|turn|5\n|\n|t:|1650219052\n|switch|p1a: Clefable|Clefable, M|82\/100\n|move|p2a: Slowbro|Toxic|p1a: Clefable\n|-status|p1a: Clefable|tox\n|\n|-heal|p1a: Clefable|88\/100 tox|[from] item: Leftovers\n|upkeep\n|turn|6\n|\n|t:|1650219056\n|move|p1a: Clefable|Calm Mind|p1a: Clefable\n|-boost|p1a: Clefable|spa|1\n|-boost|p1a: Clefable|spd|1\n|move|p2a: Slowbro|Scald|p1a: Clefable\n|-damage|p1a: Clefable|70\/100 tox\n|\n|-end|p1a: Clefable|move: Future Sight\n|-damage|p1a: Clefable|46\/100 tox\n|-heal|p1a: Clefable|52\/100 tox|[from] item: Leftovers\n|upkeep\n|turn|7\n|\n|t:|1650219062\n|switch|p2a: Heatran|Heatran, F|100\/100\n|-damage|p2a: Heatran|88\/100|[from] Stealth Rock\n|move|p1a: Clefable|Soft-Boiled|p1a: Clefable\n|-heal|p1a: Clefable|100\/100 tox\n|\n|-heal|p2a: Heatran|94\/100|[from] item: Leftovers\n|upkeep\n|turn|8\n|\n|t:|1650219069\n|switch|p1a: Keldeo|Keldeo-Resolute|100\/100\n|move|p2a: Heatran|Toxic|p1a: Keldeo\n|-status|p1a: Keldeo|tox\n|\n|-heal|p2a: Heatran|100\/100|[from] item: Leftovers\n|-damage|p1a: Keldeo|94\/100 tox|[from] psn\n|upkeep\n|turn|9\n|\n|t:|1650219077\n|switch|p2a: Slowbro|Slowbro, M|100\/100\n|-damage|p2a: Slowbro|88\/100|[from] Stealth Rock\n|move|p1a: Keldeo|Hydro Pump|p2a: Slowbro\n|-resisted|p2a: Slowbro\n|-damage|p2a: Slowbro|54\/100\n|\n|-damage|p1a: Keldeo|82\/100 tox|[from] psn\n|upkeep\n|turn|10\n|\n|t:|1650219095\n|switch|p1a: Tornadus|Tornadus-Therian, M|100\/100\n|move|p2a: Slowbro|Slack Off|p2a: Slowbro\n|-heal|p2a: Slowbro|100\/100\n|\n|upkeep\n|turn|11\n|\n|t:|1650219097\n|move|p1a: Tornadus|Knock Off|p2a: Slowbro\n|-supereffective|p2a: Slowbro\n|-damage|p2a: Slowbro|72\/100\n|-damage|p1a: Tornadus|84\/100|[from] item: Rocky Helmet|[of] p2a: Slowbro\n|-enditem|p2a: Slowbro|Rocky Helmet|[from] move: Knock Off|[of] p1a: Tornadus\n|move|p2a: Slowbro|Toxic|p1a: Tornadus\n|-status|p1a: Tornadus|tox\n|\n|-damage|p1a: Tornadus|78\/100 tox|[from] psn\n|upkeep\n|turn|12\n|\n|t:|1650219105\n|move|p1a: Tornadus|Hurricane|p2a: Slowbro\n|-damage|p2a: Slowbro|40\/100\n|move|p2a: Slowbro|Slack Off|p2a: Slowbro\n|-heal|p2a: Slowbro|90\/100\n|\n|-damage|p1a: Tornadus|66\/100 tox|[from] psn\n|upkeep\n|turn|13\n|\n|t:|1650219109\n|move|p1a: Tornadus|U-turn|p2a: Slowbro\n|-supereffective|p2a: Slowbro\n|-damage|p2a: Slowbro|70\/100\n|\n|t:|1650219112\n|switch|p1a: Clefable|Clefable, M|100\/100 tox|[from]move: U-turn\n|move|p2a: Slowbro|Future Sight|p1a: Clefable\n|-start|p2a: Slowbro|move: Future Sight\n|\n|upkeep\n|turn|14\n|\n|t:|1650219120\n|switch|p2a: Heatran|Heatran, F|100\/100\n|-damage|p2a: Heatran|88\/100|[from] Stealth Rock\n|move|p1a: Clefable|Calm Mind|p1a: Clefable\n|-boost|p1a: Clefable|spa|1\n|-boost|p1a: Clefable|spd|1\n|\n|-heal|p2a: Heatran|94\/100|[from] item: Leftovers\n|upkeep\n|turn|15\n|\n|t:|1650219127\n|move|p2a: Heatran|Magma Storm|p1a: Clefable|[miss]\n|-miss|p2a: Heatran|p1a: Clefable\n|move|p1a: Clefable|Ice Beam|p2a: Heatran\n|-resisted|p2a: Heatran\n|-damage|p2a: Heatran|89\/100\n|\n|-end|p1a: Clefable|move: Future Sight\n|-damage|p1a: Clefable|75\/100 tox\n|-heal|p2a: Heatran|96\/100|[from] item: Leftovers\n|-heal|p1a: Clefable|81\/100 tox|[from] item: Leftovers\n|upkeep\n|turn|16\n|\n|t:|1650219139\n|switch|p1a: Keldeo|Keldeo-Resolute|82\/100 tox\n|move|p2a: Heatran|Taunt|p1a: Keldeo\n|-start|p1a: Keldeo|move: Taunt\n|\n|-heal|p2a: Heatran|100\/100|[from] item: Leftovers\n|-damage|p1a: Keldeo|76\/100 tox|[from] psn\n|upkeep\n|turn|17\n|\n|t:|1650219143\n|switch|p2a: Slowbro|Slowbro, M|100\/100\n|-damage|p2a: Slowbro|88\/100|[from] Stealth Rock\n|move|p1a: Keldeo|Hidden Power|p2a: Slowbro\n|-supereffective|p2a: Slowbro\n|-damage|p2a: Slowbro|45\/100\n|\n|-damage|p1a: Keldeo|63\/100 tox|[from] psn\n|upkeep\n|turn|18\n|\n|t:|1650219162\n|switch|p1a: Excadrill|Excadrill, F|100\/100\n|-ability|p1a: Excadrill|Mold Breaker\n|switch|p2a: Zapdos|Zapdos|100\/100\n|-damage|p2a: Zapdos|75\/100|[from] Stealth Rock\n|-ability|p2a: Zapdos|Pressure\n|\n|-heal|p2a: Zapdos|82\/100|[from] item: Leftovers\n|upkeep\n|turn|19\n|\n|t:|1650219173\n|switch|p2a: Garchomp|Garchomp, F|100\/100\n|-damage|p2a: Garchomp|94\/100|[from] Stealth Rock\n|switch|p1a: Rotom|Rotom-Wash|100\/100\n|\n|-heal|p2a: Garchomp|100\/100|[from] item: Leftovers\n|upkeep\n|turn|20\n|\n|t:|1650219180\n|move|p2a: Garchomp|Stealth Rock|p1a: Rotom\n|-sidestart|p1: espeonagee|move: Stealth Rock\n|move|p1a: Rotom|Will-O-Wisp|p2a: Garchomp\n|-status|p2a: Garchomp|brn\n|\n|-damage|p2a: Garchomp|88\/100 brn|[from] brn\n|upkeep\n|turn|21\n|\n|t:|1650219197\n|switch|p2a: Zapdos|Zapdos|82\/100\n|-damage|p2a: Zapdos|57\/100|[from] Stealth Rock\n|-ability|p2a: Zapdos|Pressure\n|move|p1a: Rotom|Volt Switch|p2a: Zapdos\n|-damage|p2a: Zapdos|34\/100\n|inactive|espeonagee has 270 seconds left.\n|\n|t:|1650219244\n|switch|p1a: Keldeo|Keldeo-Resolute|63\/100 tox|[from]move: Volt Switch\n|-damage|p1a: Keldeo|57\/100 tox|[from] Stealth Rock\n|\n|-heal|p2a: Zapdos|40\/100|[from] item: Leftovers\n|-damage|p1a: Keldeo|51\/100 tox|[from] psn\n|upkeep\n|turn|22\n|\n|t:|1650219264\n|switch|p2a: Slowbro|Slowbro, M|78\/100\n|-damage|p2a: Slowbro|66\/100|[from] Stealth Rock\n|move|p1a: Keldeo|Scald|p2a: Slowbro\n|-resisted|p2a: Slowbro\n|-damage|p2a: Slowbro|44\/100\n|\n|-damage|p1a: Keldeo|39\/100 tox|[from] psn\n|upkeep\n|turn|23\n|\n|t:|1650219274\n|switch|p1a: Rotom|Rotom-Wash|100\/100\n|-damage|p1a: Rotom|88\/100|[from] Stealth Rock\n|move|p2a: Slowbro|Slack Off|p2a: Slowbro\n|-heal|p2a: Slowbro|94\/100\n|\n|-heal|p1a: Rotom|94\/100|[from] item: Leftovers\n|upkeep\n|turn|24\n|inactive|espeonagee has 270 seconds left.\n|\n|t:|1650219285\n|move|p1a: Rotom|Volt Switch|p2a: Slowbro\n|-supereffective|p2a: Slowbro\n|-damage|p2a: Slowbro|56\/100\n|\n|t:|1650219298\n|switch|p1a: Clefable|Clefable, M|81\/100 tox|[from]move: Volt Switch\n|move|p2a: Slowbro|Toxic|p1a: Clefable|[miss]\n|-miss|p2a: Slowbro|p1a: Clefable\n|\n|-heal|p1a: Clefable|87\/100 tox|[from] item: Leftovers\n|upkeep\n|turn|25\n|\n|t:|1650219310\n|switch|p1a: Rotom|Rotom-Wash|94\/100\n|-damage|p1a: Rotom|82\/100|[from] Stealth Rock\n|move|p2a: Slowbro|Future Sight|p1a: Rotom\n|-start|p2a: Slowbro|move: Future Sight\n|\n|-heal|p1a: Rotom|88\/100|[from] item: Leftovers\n|upkeep\n|turn|26\n|\n|t:|1650219319\n|move|p1a: Rotom|Will-O-Wisp|p2a: Slowbro\n|-status|p2a: Slowbro|brn\n|move|p2a: Slowbro|Slack Off|p2a: Slowbro\n|-heal|p2a: Slowbro|100\/100 brn\n|\n|-heal|p1a: Rotom|94\/100|[from] item: Leftovers\n|-damage|p2a: Slowbro|88\/100 brn|[from] brn\n|upkeep\n|turn|27\n|inactive|espeonagee has 270 seconds left.\n|\n|t:|1650219330\n|switch|p1a: Clefable|Clefable, M|87\/100 tox\n|move|p2a: Slowbro|Slack Off|p2a: Slowbro\n|-heal|p2a: Slowbro|100\/100 brn\n|\n|-end|p1a: Clefable|move: Future Sight\n|-damage|p1a: Clefable|48\/100 tox\n|-heal|p1a: Clefable|54\/100 tox|[from] item: Leftovers\n|-damage|p2a: Slowbro|88\/100 brn|[from] brn\n|upkeep\n|turn|28\n|\n|t:|1650219335\n|move|p1a: Clefable|Soft-Boiled|p1a: Clefable\n|-heal|p1a: Clefable|100\/100 tox\n|move|p2a: Slowbro|Future Sight|p1a: Clefable\n|-start|p2a: Slowbro|move: Future Sight\n|\n|-damage|p2a: Slowbro|76\/100 brn|[from] brn\n|upkeep\n|turn|29\n|\n|t:|1650219343\n|switch|p1a: Excadrill|Excadrill, F|100\/100\n|-damage|p1a: Excadrill|97\/100|[from] Stealth Rock\n|-ability|p1a: Excadrill|Mold Breaker\n|switch|p2a: Heatran|Heatran, F|100\/100\n|-damage|p2a: Heatran|88\/100|[from] Stealth Rock\n|\n|-heal|p1a: Excadrill|100\/100|[from] item: Leftovers\n|-heal|p2a: Heatran|94\/100|[from] item: Leftovers\n|upkeep\n|turn|30\n|inactive|espeonagee has 270 seconds left.\n|\n|t:|1650219369\n|switch|p2a: Scizor|Scizor, F|100\/100\n|-damage|p2a: Scizor|88\/100|[from] Stealth Rock\n|move|p1a: Excadrill|Rapid Spin|p2a: Scizor\n|-resisted|p2a: Scizor\n|-damage|p2a: Scizor|85\/100\n|-sideend|p1: espeonagee|Stealth Rock|[from] move: Rapid Spin|[of] p1a: Excadrill\n|\n|-end|p1a: Excadrill|move: Future Sight\n|-resisted|p1a: Excadrill\n|-damage|p1a: Excadrill|85\/100\n|-heal|p1a: Excadrill|91\/100|[from] item: Leftovers\n|upkeep\n|turn|31\n|inactive|espeonagee has 270 seconds left.\n|\n|t:|1650219382\n|switch|p1a: Tornadus|Tornadus-Therian, M|99\/100 tox\n|detailschange|p2a: Scizor|Scizor-Mega, F\n|-mega|p2a: Scizor|Scizor|Scizorite\n|move|p2a: Scizor|U-turn|p1a: Tornadus\n|-resisted|p1a: Tornadus\n|-damage|p1a: Tornadus|75\/100 tox\n|\n|t:|1650219405\n|switch|p2a: Rotom|Rotom-Wash|100\/100|[from]move: U-turn\n|-damage|p2a: Rotom|88\/100|[from] Stealth Rock\n|\n|-damage|p1a: Tornadus|69\/100 tox|[from] psn\n|upkeep\n|turn|32\n|\n|t:|1650219412\n|move|p2a: Rotom|Trick|p1a: Tornadus\n|-activate|p2a: Rotom|move: Trick|[of] p1a: Tornadus\n|-item|p1a: Tornadus|Choice Scarf|[from] move: Trick\n|-item|p2a: Rotom|Assault Vest|[from] move: Trick\n|move|p1a: Tornadus|U-turn|p2a: Rotom\n|-damage|p2a: Rotom|74\/100\n|inactive|espeonagee has 270 seconds left.\n|\n|t:|1650219427\n|switch|p1a: Excadrill|Excadrill, F|91\/100|[from]move: U-turn\n|-ability|p1a: Excadrill|Mold Breaker\n|\n|-heal|p1a: Excadrill|97\/100|[from] item: Leftovers\n|upkeep\n|turn|33\n|\n|t:|1650219435\n|switch|p2a: Zapdos|Zapdos|40\/100\n|-damage|p2a: Zapdos|15\/100|[from] Stealth Rock\n|-ability|p2a: Zapdos|Pressure\n|move|p1a: Excadrill|Earthquake|p2a: Zapdos\n|-immune|p2a: Zapdos\n|\n|-heal|p2a: Zapdos|22\/100|[from] item: Leftovers\n|-heal|p1a: Excadrill|100\/100|[from] item: Leftovers\n|upkeep\n|turn|34\n|inactive|espeonagee has 270 seconds left.\n|\n|t:|1650219476\n|switch|p1a: Keldeo|Keldeo-Resolute|39\/100 tox\n|move|p2a: Zapdos|Defog|p1a: Keldeo\n|-unboost|p1a: Keldeo|evasion|1\n|-sideend|p2: Ayante|Stealth Rock|[from] move: Defog|[of] p2a: Zapdos\n|\n|-heal|p2a: Zapdos|28\/100|[from] item: Leftovers\n|-damage|p1a: Keldeo|33\/100 tox|[from] psn\n|upkeep\n|turn|35\n|\n|t:|1650219491\n|switch|p1a: Rotom|Rotom-Wash|94\/100\n|switch|p2a: Slowbro|Slowbro, M|100\/100 brn\n|\n|-heal|p1a: Rotom|100\/100|[from] item: Leftovers\n|-damage|p2a: Slowbro|88\/100 brn|[from] brn\n|upkeep\n|turn|36\n|\n|t:|1650219497\n|move|p1a: Rotom|Volt Switch|p2a: Slowbro\n|-supereffective|p2a: Slowbro\n|-damage|p2a: Slowbro|49\/100 brn\n|inactive|espeonagee has 240 seconds left.\n|\n|t:|1650219523\n|switch|p1a: Metagross|Metagross|100\/100|[from]move: Volt Switch\n|move|p2a: Slowbro|Future Sight|p1a: Metagross\n|-start|p2a: Slowbro|move: Future Sight\n|\n|-damage|p2a: Slowbro|37\/100 brn|[from] brn\n|upkeep\n|turn|37\n|\n|t:|1650219530\n|-activate|p2a: Slowbro|move: Pursuit\n|detailschange|p1a: Metagross|Metagross-Mega\n|-mega|p1a: Metagross|Metagross|Metagrossite\n|move|p1a: Metagross|Pursuit|p2a: Slowbro|[from]Pursuit\n|-supereffective|p2a: Slowbro\n|-damage|p2a: Slowbro|0 fnt\n|faint|p2a: Slowbro\n|-hint|A Pokemon can't switch between when it runs out of HP and when it faints\n|\n|upkeep\n|\n|t:|1650219538\n|switch|p2a: Scizor|Scizor-Mega, F|85\/100\n|turn|38\n|inactive|espeonagee has 240 seconds left.\n|\n|t:|1650219564\n|move|p1a: Metagross|Thunder Punch|p2a: Scizor\n|-damage|p2a: Scizor|58\/100\n|move|p2a: Scizor|Swords Dance|p2a: Scizor\n|-boost|p2a: Scizor|atk|2\n|\n|-end|p1a: Metagross|move: Future Sight\n|-resisted|p1a: Metagross\n|-damage|p1a: Metagross|89\/100\n|upkeep\n|turn|39\n|\n|t:|1650219575\n|move|p1a: Metagross|Hammer Arm|p2a: Scizor\n|-damage|p2a: Scizor|23\/100\n|-unboost|p1a: Metagross|spe|1\n|move|p2a: Scizor|U-turn|p1a: Metagross\n|-damage|p1a: Metagross|27\/100\n|\n|t:|1650219592\n|switch|p2a: Rotom|Rotom-Wash|74\/100|[from]move: U-turn\n|\n|upkeep\n|turn|40\n|\n|t:|1650219622\n|switch|p1a: Rotom|Rotom-Wash|100\/100\n|move|p2a: Rotom|Volt Switch|p1a: Rotom\n|-damage|p1a: Rotom|75\/100\n|\n|t:|1650219628\n|switch|p2a: Garchomp|Garchomp, F|88\/100 brn|[from]move: Volt Switch\n|\n|-heal|p2a: Garchomp|94\/100 brn|[from] item: Leftovers\n|-heal|p1a: Rotom|82\/100|[from] item: Leftovers\n|-damage|p2a: Garchomp|82\/100 brn|[from] brn\n|upkeep\n|turn|41\n|\n|t:|1650219641\n|switch|p1a: Clefable|Clefable, M|100\/100 tox\n|move|p2a: Garchomp|Stealth Rock|p1a: Clefable\n|-sidestart|p1: espeonagee|move: Stealth Rock\n|\n|-heal|p2a: Garchomp|88\/100 brn|[from] item: Leftovers\n|-damage|p2a: Garchomp|76\/100 brn|[from] brn\n|upkeep\n|turn|42\n|inactive|espeonagee has 210 seconds left.\n|\n|t:|1650219663\n|switch|p2a: Scizor|Scizor-Mega, F|23\/100\n|switch|p1a: Keldeo|Keldeo-Resolute|33\/100 tox\n|-damage|p1a: Keldeo|26\/100 tox|[from] Stealth Rock\n|\n|-damage|p1a: Keldeo|20\/100 tox|[from] psn\n|upkeep\n|turn|43\n|inactive|espeonagee has 210 seconds left.\n|\n|t:|1650219675\n|switch|p2a: Rotom|Rotom-Wash|74\/100\n|move|p1a: Keldeo|Secret Sword|p2a: Rotom\n|-damage|p2a: Rotom|8\/100\n|\n|-damage|p1a: Keldeo|8\/100 tox|[from] psn\n|upkeep\n|turn|44\n|\n|t:|1650219684\n|move|p1a: Keldeo|Secret Sword|p2a: Rotom\n|-damage|p2a: Rotom|0 fnt\n|faint|p2a: Rotom\n|\n|-damage|p1a: Keldeo|0 fnt|[from] psn\n|faint|p1a: Keldeo\n|upkeep\n|inactive|espeonagee has 210 seconds left.\n|\n|t:|1650219707\n|switch|p1a: Metagross|Metagross-Mega|27\/100\n|switch|p2a: Zapdos|Zapdos|28\/100\n|-damage|p1a: Metagross|21\/100|[from] Stealth Rock\n|-ability|p2a: Zapdos|Pressure\n|turn|45\n|\n|t:|1650219736\n|switch|p2a: Garchomp|Garchomp, F|76\/100 brn\n|move|p1a: Metagross|Thunder Punch|p2a: Garchomp\n|-immune|p2a: Garchomp\n|\n|-heal|p2a: Garchomp|82\/100 brn|[from] item: Leftovers\n|-damage|p2a: Garchomp|70\/100 brn|[from] brn\n|upkeep\n|turn|46\n|inactive|espeonagee has 210 seconds left.\n|inactive|Ayante has 270 seconds left.\n|\n|t:|1650219763\n|switch|p1a: Tornadus|Tornadus-Therian, M|100\/100 tox\n|-damage|p1a: Tornadus|76\/100 tox|[from] Stealth Rock\n|move|p2a: Garchomp|Swords Dance|p2a: Garchomp\n|-boost|p2a: Garchomp|atk|2\n|\n|-heal|p2a: Garchomp|76\/100 brn|[from] item: Leftovers\n|-damage|p1a: Tornadus|70\/100 tox|[from] psn\n|-damage|p2a: Garchomp|64\/100 brn|[from] brn\n|upkeep\n|turn|47\n|inactive|espeonagee has 210 seconds left.\n|\n|t:|1650219784\n|move|p1a: Tornadus|Hurricane|p2a: Garchomp|[miss]\n|-miss|p1a: Tornadus|p2a: Garchomp\n|move|p2a: Garchomp|Stone Edge|p1a: Tornadus\n|-supereffective|p1a: Tornadus\n|-crit|p1a: Tornadus\n|-damage|p1a: Tornadus|0 fnt\n|faint|p1a: Tornadus\n|\n|-heal|p2a: Garchomp|70\/100 brn|[from] item: Leftovers\n|-damage|p2a: Garchomp|57\/100 brn|[from] brn\n|upkeep\n|\n|t:|1650219789\n|switch|p1a: Clefable|Clefable, M|100\/100 tox\n|turn|48\n|\n|t:|1650219800\n|switch|p2a: Heatran|Heatran, F|94\/100\n|move|p1a: Clefable|Ice Beam|p2a: Heatran\n|-resisted|p2a: Heatran\n|-damage|p2a: Heatran|91\/100\n|\n|-heal|p2a: Heatran|97\/100|[from] item: Leftovers\n|upkeep\n|turn|49\n|inactive|espeonagee has 210 seconds left.\n|\n|t:|1650219810\n|switch|p1a: Rotom|Rotom-Wash|82\/100\n|-damage|p1a: Rotom|69\/100|[from] Stealth Rock\n|move|p2a: Heatran|Toxic|p1a: Rotom\n|-status|p1a: Rotom|tox\n|\n|-heal|p2a: Heatran|100\/100|[from] item: Leftovers\n|-heal|p1a: Rotom|75\/100 tox|[from] item: Leftovers\n|-damage|p1a: Rotom|69\/100 tox|[from] psn\n|upkeep\n|turn|50\n|\n|t:|1650219815\n|switch|p2a: Garchomp|Garchomp, F|57\/100 brn\n|move|p1a: Rotom|Hydro Pump|p2a: Garchomp|[miss]\n|-miss|p1a: Rotom|p2a: Garchomp\n|\n|-heal|p2a: Garchomp|64\/100 brn|[from] item: Leftovers\n|-heal|p1a: Rotom|75\/100 tox|[from] item: Leftovers\n|-damage|p1a: Rotom|63\/100 tox|[from] psn\n|-damage|p2a: Garchomp|51\/100 brn|[from] brn\n|upkeep\n|turn|51\n|\n|t:|1650219826\n|switch|p1a: Clefable|Clefable, M|100\/100 tox\n|move|p2a: Garchomp|Swords Dance|p2a: Garchomp\n|-boost|p2a: Garchomp|atk|2\n|\n|-heal|p2a: Garchomp|57\/100 brn|[from] item: Leftovers\n|-damage|p2a: Garchomp|45\/100 brn|[from] brn\n|upkeep\n|turn|52\n|\n|t:|1650219839\n|switch|p2a: Scizor|Scizor-Mega, F|23\/100\n|move|p1a: Clefable|Ice Beam|p2a: Scizor\n|-resisted|p2a: Scizor\n|-crit|p2a: Scizor\n|-damage|p2a: Scizor|10\/100\n|-status|p2a: Scizor|frz\n|\n|upkeep\n|turn|53\n|inactive|espeonagee has 240 seconds left.\n|\n|t:|1650219845\n|cant|p2a: Scizor|frz\n|move|p1a: Clefable|Flamethrower|p2a: Scizor\n|-supereffective|p2a: Scizor\n|-damage|p2a: Scizor|0 fnt\n|faint|p2a: Scizor\n|\n|upkeep\n|\n|t:|1650219848\n|switch|p2a: Heatran|Heatran, F|100\/100\n|turn|54\n|inactive|espeonagee has 240 seconds left.\n|\n|t:|1650219869\n|switch|p1a: Rotom|Rotom-Wash|63\/100 tox\n|-damage|p1a: Rotom|50\/100 tox|[from] Stealth Rock\n|move|p2a: Heatran|Magma Storm|p1a: Rotom\n|-resisted|p1a: Rotom\n|-damage|p1a: Rotom|27\/100 tox\n|-activate|p1a: Rotom|move: Magma Storm|[of] p2a: Heatran\n|\n|-heal|p1a: Rotom|33\/100 tox|[from] item: Leftovers\n|-damage|p1a: Rotom|27\/100 tox|[from] psn\n|-damage|p1a: Rotom|14\/100 tox|[from] move: Magma Storm|[partiallytrapped]\n|upkeep\n|turn|55\n|inactive|espeonagee has 240 seconds left.\n|\n|t:|1650219880\n|switch|p2a: Garchomp|Garchomp, F|45\/100 brn\n|move|p1a: Rotom|Hydro Pump|p2a: Garchomp|[miss]\n|-miss|p1a: Rotom|p2a: Garchomp\n|\n|-heal|p2a: Garchomp|51\/100 brn|[from] item: Leftovers\n|-heal|p1a: Rotom|21\/100 tox|[from] item: Leftovers\n|-damage|p1a: Rotom|8\/100 tox|[from] psn\n|-damage|p2a: Garchomp|39\/100 brn|[from] brn\n|-end|p1a: Rotom|Magma Storm|[partiallytrapped]|[silent]\n|upkeep\n|turn|56\n|inactive|espeonagee has 240 seconds left.\n|\n|t:|1650219901\n|switch|p1a: Excadrill|Excadrill, F|100\/100\n|-damage|p1a: Excadrill|97\/100|[from] Stealth Rock\n|-ability|p1a: Excadrill|Mold Breaker\n|move|p2a: Garchomp|Stone Edge|p1a: Excadrill\n|-resisted|p1a: Excadrill\n|-damage|p1a: Excadrill|92\/100\n|\n|-heal|p2a: Garchomp|45\/100 brn|[from] item: Leftovers\n|-heal|p1a: Excadrill|98\/100|[from] item: Leftovers\n|-damage|p2a: Garchomp|33\/100 brn|[from] brn\n|upkeep\n|turn|57\n|\n|t:|1650219912\n|move|p2a: Garchomp|Earthquake|p1a: Excadrill\n|-supereffective|p1a: Excadrill\n|-damage|p1a: Excadrill|31\/100\n|move|p1a: Excadrill|Iron Head|p2a: Garchomp\n|-damage|p2a: Garchomp|0 fnt\n|-damage|p1a: Excadrill|19\/100|[from] ability: Rough Skin|[of] p2a: Garchomp\n|faint|p2a: Garchomp\n|\n|-heal|p1a: Excadrill|25\/100|[from] item: Leftovers\n|upkeep\n|\n|t:|1650219915\n|switch|p2a: Zapdos|Zapdos|28\/100\n|-ability|p2a: Zapdos|Pressure\n|turn|58\n|inactive|espeonagee has 240 seconds left.\n|\n|t:|1650219923\n|move|p2a: Zapdos|Roost|p2a: Zapdos\n|-heal|p2a: Zapdos|78\/100\n|-singleturn|p2a: Zapdos|move: Roost\n|move|p1a: Excadrill|Rapid Spin|p2a: Zapdos\n|-damage|p2a: Zapdos|72\/100\n|-sideend|p1: espeonagee|Stealth Rock|[from] move: Rapid Spin|[of] p1a: Excadrill\n|\n|-heal|p2a: Zapdos|78\/100|[from] item: Leftovers\n|-heal|p1a: Excadrill|31\/100|[from] item: Leftovers\n|upkeep\n|turn|59\n|\n|t:|1650219927\n|switch|p1a: Clefable|Clefable, M|100\/100 tox\n|move|p2a: Zapdos|Heat Wave|p1a: Clefable\n|-damage|p1a: Clefable|76\/100 tox\n|\n|-heal|p2a: Zapdos|85\/100|[from] item: Leftovers\n|-heal|p1a: Clefable|82\/100 tox|[from] item: Leftovers\n|upkeep\n|turn|60\n|\n|t:|1650219931\n|switch|p2a: Heatran|Heatran, F|100\/100\n|switch|p1a: Excadrill|Excadrill, F|31\/100\n|-ability|p1a: Excadrill|Mold Breaker\n|\n|-heal|p1a: Excadrill|37\/100|[from] item: Leftovers\n|upkeep\n|turn|61\n|\n|t:|1650219943\n|switch|p2a: Zapdos|Zapdos|85\/100\n|-ability|p2a: Zapdos|Pressure\n|move|p1a: Excadrill|Stealth Rock|p2a: Zapdos\n|-sidestart|p2: Ayante|move: Stealth Rock\n|\n|-heal|p2a: Zapdos|91\/100|[from] item: Leftovers\n|-heal|p1a: Excadrill|43\/100|[from] item: Leftovers\n|upkeep\n|turn|62\n|\n|t:|1650219960\n|switch|p1a: Clefable|Clefable, M|82\/100 tox\n|move|p2a: Zapdos|Defog|p1a: Clefable\n|-unboost|p1a: Clefable|evasion|1\n|-sideend|p2: Ayante|Stealth Rock|[from] move: Defog|[of] p2a: Zapdos\n|\n|-heal|p2a: Zapdos|97\/100|[from] item: Leftovers\n|-heal|p1a: Clefable|88\/100 tox|[from] item: Leftovers\n|upkeep\n|turn|63\n|\n|t:|1650219966\n|switch|p2a: Heatran|Heatran, F|100\/100\n|switch|p1a: Rotom|Rotom-Wash|8\/100 tox\n|\n|-heal|p1a: Rotom|14\/100 tox|[from] item: Leftovers\n|-damage|p1a: Rotom|8\/100 tox|[from] psn\n|upkeep\n|turn|64\n|\n|t:|1650219975\n|switch|p2a: Zapdos|Zapdos|97\/100\n|-ability|p2a: Zapdos|Pressure\n|move|p1a: Rotom|Pain Split|p2a: Zapdos\n|-sethp|p2a: Zapdos|52\/100|[from] move: Pain Split|[silent]\n|-sethp|p1a: Rotom|65\/100 tox|[from] move: Pain Split\n|\n|-heal|p2a: Zapdos|58\/100|[from] item: Leftovers\n|-heal|p1a: Rotom|72\/100 tox|[from] item: Leftovers\n|-damage|p1a: Rotom|59\/100 tox|[from] psn\n|upkeep\n|turn|65\n|inactive|espeonagee has 270 seconds left.\n|\n|t:|1650219991\n|switch|p1a: Clefable|Clefable, M|88\/100 tox\n|move|p2a: Zapdos|Roost|p2a: Zapdos\n|-heal|p2a: Zapdos|100\/100\n|-singleturn|p2a: Zapdos|move: Roost\n|\n|-heal|p1a: Clefable|94\/100 tox|[from] item: Leftovers\n|upkeep\n|turn|66\n|\n|t:|1650219995\n|switch|p1a: Rotom|Rotom-Wash|59\/100 tox\n|move|p2a: Zapdos|Volt Switch|p1a: Rotom\n|-damage|p1a: Rotom|25\/100 tox\n|\n|t:|1650219997\n|switch|p2a: Heatran|Heatran, F|100\/100|[from]move: Volt Switch\n|\n|-heal|p1a: Rotom|31\/100 tox|[from] item: Leftovers\n|-damage|p1a: Rotom|25\/100 tox|[from] psn\n|upkeep\n|turn|67\n|\n|t:|1650220001\n|switch|p2a: Zapdos|Zapdos|100\/100\n|-ability|p2a: Zapdos|Pressure\n|move|p1a: Rotom|Pain Split|p2a: Zapdos\n|-sethp|p2a: Zapdos|60\/100|[from] move: Pain Split|[silent]\n|-sethp|p1a: Rotom|76\/100 tox|[from] move: Pain Split\n|\n|-heal|p2a: Zapdos|66\/100|[from] item: Leftovers\n|-heal|p1a: Rotom|82\/100 tox|[from] item: Leftovers\n|-damage|p1a: Rotom|70\/100 tox|[from] psn\n|upkeep\n|turn|68\n|\n|t:|1650220011\n|move|p2a: Zapdos|Roost|p2a: Zapdos\n|-heal|p2a: Zapdos|100\/100\n|-singleturn|p2a: Zapdos|move: Roost\n|move|p1a: Rotom|Volt Switch|p2a: Zapdos\n|-resisted|p2a: Zapdos\n|-damage|p2a: Zapdos|88\/100\n|\n|t:|1650220016\n|switch|p1a: Clefable|Clefable, M|94\/100 tox|[from]move: Volt Switch\n|\n|-heal|p2a: Zapdos|94\/100|[from] item: Leftovers\n|-heal|p1a: Clefable|99\/100 tox|[from] item: Leftovers\n|upkeep\n|turn|69\n|\n|t:|1650220021\n|switch|p1a: Rotom|Rotom-Wash|70\/100 tox\n|move|p2a: Zapdos|Volt Switch|p1a: Rotom\n|-damage|p1a: Rotom|41\/100 tox\n|\n|t:|1650220023\n|switch|p2a: Heatran|Heatran, F|100\/100|[from]move: Volt Switch\n|\n|-heal|p1a: Rotom|47\/100 tox|[from] item: Leftovers\n|-damage|p1a: Rotom|41\/100 tox|[from] psn\n|upkeep\n|turn|70\n|\n|t:|1650220027\n|move|p2a: Heatran|Magma Storm|p1a: Rotom|[miss]\n|-miss|p2a: Heatran|p1a: Rotom\n|move|p1a: Rotom|Pain Split|p2a: Heatran\n|-sethp|p2a: Heatran|66\/100|[from] move: Pain Split|[silent]\n|-sethp|p1a: Rotom|84\/100 tox|[from] move: Pain Split\n|\n|-heal|p2a: Heatran|73\/100|[from] item: Leftovers\n|-heal|p1a: Rotom|90\/100 tox|[from] item: Leftovers\n|-damage|p1a: Rotom|78\/100 tox|[from] psn\n|upkeep\n|turn|71\n|\n|t:|1650220034\n|switch|p2a: Zapdos|Zapdos|94\/100\n|-ability|p2a: Zapdos|Pressure\n|move|p1a: Rotom|Volt Switch|p2a: Zapdos\n|-damage|p2a: Zapdos|68\/100\n|\n|t:|1650220046\n|switch|p1a: Clefable|Clefable, M|99\/100 tox|[from]move: Volt Switch\n|\n|-heal|p2a: Zapdos|75\/100|[from] item: Leftovers\n|-heal|p1a: Clefable|100\/100 tox|[from] item: Leftovers\n|upkeep\n|turn|72\n|\n|t:|1650220049\n|switch|p1a: Rotom|Rotom-Wash|78\/100 tox\n|move|p2a: Zapdos|Volt Switch|p1a: Rotom\n|-crit|p1a: Rotom\n|-damage|p1a: Rotom|31\/100 tox\n|\n|t:|1650220051\n|switch|p2a: Heatran|Heatran, F|73\/100|[from]move: Volt Switch\n|\n|-heal|p1a: Rotom|37\/100 tox|[from] item: Leftovers\n|-heal|p2a: Heatran|79\/100|[from] item: Leftovers\n|-damage|p1a: Rotom|31\/100 tox|[from] psn\n|upkeep\n|turn|73\n|\n|t:|1650220055\n|move|p2a: Heatran|Taunt|p1a: Rotom\n|-start|p1a: Rotom|move: Taunt\n|cant|p1a: Rotom|move: Taunt|Pain Split\n|\n|-heal|p2a: Heatran|85\/100|[from] item: Leftovers\n|-heal|p1a: Rotom|37\/100 tox|[from] item: Leftovers\n|-damage|p1a: Rotom|25\/100 tox|[from] psn\n|upkeep\n|turn|74\n|\n|t:|1650220075\n|switch|p2a: Zapdos|Zapdos|75\/100\n|-ability|p2a: Zapdos|Pressure\n|switch|p1a: Excadrill|Excadrill, F|43\/100\n|-ability|p1a: Excadrill|Mold Breaker\n|\n|-heal|p2a: Zapdos|81\/100|[from] item: Leftovers\n|-heal|p1a: Excadrill|49\/100|[from] item: Leftovers\n|upkeep\n|turn|75\n|\n|t:|1650220082\n|move|p2a: Zapdos|Heat Wave|p1a: Excadrill\n|-supereffective|p1a: Excadrill\n|-damage|p1a: Excadrill|8\/100\n|move|p1a: Excadrill|Stealth Rock|p2a: Zapdos\n|-sidestart|p2: Ayante|move: Stealth Rock\n|\n|-heal|p2a: Zapdos|87\/100|[from] item: Leftovers\n|-heal|p1a: Excadrill|14\/100|[from] item: Leftovers\n|upkeep\n|turn|76\n|\n|t:|1650220090\n|switch|p1a: Clefable|Clefable, M|100\/100 tox\n|move|p2a: Zapdos|Defog|p1a: Clefable\n|-unboost|p1a: Clefable|evasion|1\n|-sideend|p2: Ayante|Stealth Rock|[from] move: Defog|[of] p2a: Zapdos\n|\n|-heal|p2a: Zapdos|93\/100|[from] item: Leftovers\n|upkeep\n|turn|77\n|\n|t:|1650220101\n|move|p2a: Zapdos|Volt Switch|p1a: Clefable\n|-damage|p1a: Clefable|73\/100 tox\n|\n|t:|1650220102\n|switch|p2a: Heatran|Heatran, F|85\/100|[from]move: Volt Switch\n|move|p1a: Clefable|Calm Mind|p1a: Clefable\n|-boost|p1a: Clefable|spa|1\n|-boost|p1a: Clefable|spd|1\n|\n|-heal|p2a: Heatran|91\/100|[from] item: Leftovers\n|-heal|p1a: Clefable|79\/100 tox|[from] item: Leftovers\n|upkeep\n|turn|78\n|\n|t:|1650220112\n|switch|p1a: Metagross|Metagross-Mega|21\/100\n|move|p2a: Heatran|Magma Storm|p1a: Metagross\n|-supereffective|p1a: Metagross\n|-damage|p1a: Metagross|0 fnt\n|faint|p1a: Metagross\n|\n|-heal|p2a: Heatran|97\/100|[from] item: Leftovers\n|upkeep\n|\n|t:|1650220119\n|switch|p1a: Rotom|Rotom-Wash|25\/100 tox\n|turn|79\n|\n|t:|1650220124\n|switch|p2a: Zapdos|Zapdos|93\/100\n|-ability|p2a: Zapdos|Pressure\n|move|p1a: Rotom|Pain Split|p2a: Zapdos\n|-sethp|p2a: Zapdos|56\/100|[from] move: Pain Split|[silent]\n|-sethp|p1a: Rotom|71\/100 tox|[from] move: Pain Split\n|\n|-heal|p2a: Zapdos|63\/100|[from] item: Leftovers\n|-heal|p1a: Rotom|77\/100 tox|[from] item: Leftovers\n|-damage|p1a: Rotom|71\/100 tox|[from] psn\n|upkeep\n|turn|80\n|\n|t:|1650220146\n|move|p2a: Zapdos|Volt Switch|p1a: Rotom\n|-crit|p1a: Rotom\n|-damage|p1a: Rotom|25\/100 tox\n|\n|t:|1650220148\n|switch|p2a: Heatran|Heatran, F|97\/100|[from]move: Volt Switch\n|move|p1a: Rotom|Hydro Pump|p2a: Heatran\n|-supereffective|p2a: Heatran\n|-damage|p2a: Heatran|41\/100\n|\n|-heal|p1a: Rotom|32\/100 tox|[from] item: Leftovers\n|-heal|p2a: Heatran|48\/100|[from] item: Leftovers\n|-damage|p1a: Rotom|19\/100 tox|[from] psn\n|upkeep\n|turn|81\n|\n|t:|1650220168\n|switch|p2a: Zapdos|Zapdos|63\/100\n|-ability|p2a: Zapdos|Pressure\n|move|p1a: Rotom|Hydro Pump|p2a: Zapdos\n|-damage|p2a: Zapdos|27\/100\n|\n|-heal|p2a: Zapdos|33\/100|[from] item: Leftovers\n|-heal|p1a: Rotom|25\/100 tox|[from] item: Leftovers\n|-damage|p1a: Rotom|7\/100 tox|[from] psn\n|upkeep\n|turn|82\n|\n|t:|1650220176\n|switch|p1a: Clefable|Clefable, M|79\/100 tox\n|move|p2a: Zapdos|Volt Switch|p1a: Clefable\n|-damage|p1a: Clefable|50\/100 tox\n|\n|t:|1650220180\n|switch|p2a: Heatran|Heatran, F|48\/100|[from]move: Volt Switch\n|\n|-heal|p2a: Heatran|54\/100|[from] item: Leftovers\n|-heal|p1a: Clefable|56\/100 tox|[from] item: Leftovers\n|upkeep\n|turn|83\n|\n|t:|1650220187\n|move|p2a: Heatran|Magma Storm|p1a: Clefable\n|-damage|p1a: Clefable|16\/100 tox\n|-activate|p1a: Clefable|move: Magma Storm|[of] p2a: Heatran\n|move|p1a: Clefable|Soft-Boiled|p1a: Clefable\n|-heal|p1a: Clefable|66\/100 tox\n|\n|-heal|p2a: Heatran|60\/100|[from] item: Leftovers\n|-heal|p1a: Clefable|72\/100 tox|[from] item: Leftovers\n|upkeep\n|turn|84\n|\n|t:|1650220201\n|move|p2a: Heatran|Taunt|p1a: Clefable\n|-start|p1a: Clefable|move: Taunt\n|move|p1a: Clefable|Ice Beam|p2a: Heatran\n|-resisted|p2a: Heatran\n|-damage|p2a: Heatran|57\/100\n|\n|-heal|p2a: Heatran|63\/100|[from] item: Leftovers\n|-heal|p1a: Clefable|78\/100 tox|[from] item: Leftovers\n|upkeep\n|turn|85\n|\n|t:|1650220207\n|move|p2a: Heatran|Earth Power|p1a: Clefable\n|-damage|p1a: Clefable|55\/100 tox\n|move|p1a: Clefable|Ice Beam|p2a: Heatran\n|-resisted|p2a: Heatran\n|-damage|p2a: Heatran|60\/100\n|\n|-heal|p2a: Heatran|66\/100|[from] item: Leftovers\n|-heal|p1a: Clefable|61\/100 tox|[from] item: Leftovers\n|upkeep\n|turn|86\n|c|+egalvanc|ayante\n|c|\u2606espeonagee|gg\n|c|+egalvanc|esto es para el stour?\n|-message|espeonagee forfeited.\n|\n|win|Ayante\n","uploadtime":1650220219,"views":31,"p1id":"espeonagee","p2id":"ayante","formatid":"gen6ou","rating":0,"private":0,"password":null}