{"id":"smogtours-gen8monotype-628307","p1":"Bushtush","p2":"tolstoy","format":"gen8monotype","log":"|inactive|Battle timer is ON: inactive players will automatically lose when time's up.\n|t:|1653588283\n|gametype|singles\n|player|p1|Bushtush|#bushtush|\n|player|p2|tolstoy|lyra|\n|teamsize|p1|6\n|teamsize|p2|6\n|gen|8\n|tier|[Gen 8] Monotype\n|rule|Same Type Clause: Pok\u00e9mon in a team must share a type\n|rule|Sleep Clause Mod: Limit one foe put to sleep\n|rule|Species Clause: Limit one of each Pok\u00e9mon\n|rule|OHKO Clause: OHKO moves are banned\n|rule|Evasion Moves Clause: Evasion moves are banned\n|rule|Endless Battle Clause: Forcing endless battles is banned\n|rule|HP Percentage Mod: HP is shown in percentages\n|rule|Dynamax Clause: You cannot dynamax\n|clearpoke\n|poke|p1|Landorus-Therian, M|\n|poke|p1|Excadrill, F|\n|poke|p1|Mamoswine, F|\n|poke|p1|Nidoking, M|\n|poke|p1|Garchomp, M|\n|poke|p1|Gastrodon, F|\n|poke|p2|Rotom-Wash|\n|poke|p2|Magnezone|\n|poke|p2|Raichu-Alola, M|\n|poke|p2|Zapdos|\n|poke|p2|Zeraora|\n|poke|p2|Tapu Koko|\n|teampreview\n|c|\u2606tolstoy|hf scum\n|c|\u2606Bushtush|.\n|inactive|Bushtush has 270 seconds left.\n|inactive|tolstoy has 270 seconds left.\n|c|\u2606Bushtush|hf bruh\n|\n|t:|1653588338\n|start\n|switch|p1a: Gastrodon|Gastrodon, F|100\/100\n|switch|p2a: pif|Zapdos|100\/100\n|turn|1\n|\n|t:|1653588358\n|switch|p2a: ro fist|Rotom-Wash|100\/100\n|move|p1a: Gastrodon|Toxic|p2a: ro fist|[miss]\n|-miss|p1a: Gastrodon|p2a: ro fist\n|\n|upkeep\n|turn|2\n|\n|t:|1653588363\n|move|p2a: ro fist|Toxic|p1a: Gastrodon\n|-status|p1a: Gastrodon|tox\n|move|p1a: Gastrodon|Toxic|p2a: ro fist|[miss]\n|-miss|p1a: Gastrodon|p2a: ro fist\n|\n|-damage|p1a: Gastrodon|94\/100 tox|[from] psn\n|upkeep\n|turn|3\n|c|\u2606tolstoy|oop\n|c|\u2606Bushtush|o lord have mercy\n|\n|t:|1653588379\n|switch|p2a: ABR|Magnezone|100\/100\n|-item|p2a: ABR|Air Balloon\n|move|p1a: Gastrodon|Scald|p2a: ABR\n|-damage|p2a: ABR|75\/100\n|-enditem|p2a: ABR|Air Balloon\n|\n|-heal|p1a: Gastrodon|100\/100 tox|[from] item: Leftovers\n|-damage|p1a: Gastrodon|88\/100 tox|[from] psn\n|upkeep\n|turn|4\n|\n|t:|1653588397\n|move|p2a: ABR|Body Press|p1a: Gastrodon\n|-damage|p1a: Gastrodon|66\/100 tox\n|move|p1a: Gastrodon|Toxic|p2a: ABR|[miss]\n|-miss|p1a: Gastrodon|p2a: ABR\n|\n|-heal|p1a: Gastrodon|72\/100 tox|[from] item: Leftovers\n|-damage|p1a: Gastrodon|54\/100 tox|[from] psn\n|upkeep\n|turn|5\n|\n|t:|1653588401\n|move|p2a: ABR|Iron Defense|p2a: ABR\n|-boost|p2a: ABR|def|2\n|move|p1a: Gastrodon|Recover|p1a: Gastrodon\n|-heal|p1a: Gastrodon|100\/100 tox\n|\n|-damage|p1a: Gastrodon|76\/100 tox|[from] psn\n|upkeep\n|turn|6\n|c|%roxiee \u266a|abr <3\n|\n|t:|1653588406\n|switch|p1a: Nidoking|Nidoking, M|100\/100\n|move|p2a: ABR|Flash Cannon|p1a: Nidoking\n|-damage|p1a: Nidoking|47\/100\n|\n|upkeep\n|turn|7\n|\n|t:|1653588416\n|switch|p2a: ro fist|Rotom-Wash|100\/100\n|move|p1a: Nidoking|Flamethrower|p2a: ro fist\n|-resisted|p2a: ro fist\n|-damage|p2a: ro fist|81\/100\n|\n|-heal|p2a: ro fist|87\/100|[from] item: Leftovers\n|upkeep\n|turn|8\n|\n|t:|1653588424\n|switch|p1a: Gastrodon|Gastrodon, F|76\/100 tox\n|switch|p2a: pif|Zapdos|100\/100\n|\n|-heal|p1a: Gastrodon|82\/100 tox|[from] item: Leftovers\n|-damage|p1a: Gastrodon|76\/100 tox|[from] psn\n|upkeep\n|turn|9\n|\n|t:|1653588434\n|switch|p2a: ABR|Magnezone|75\/100\n|switch|p1a: Mamoswine|Mamoswine, F|100\/100\n|\n|upkeep\n|turn|10\n|\n|t:|1653588447\n|switch|p1a: Landorus|Landorus-Therian, M|100\/100\n|-ability|p1a: Landorus|Intimidate|boost\n|-unboost|p2a: ABR|atk|1\n|move|p2a: ABR|Flash Cannon|p1a: Landorus\n|-damage|p1a: Landorus|53\/100\n|\n|upkeep\n|turn|11\n|\n|t:|1653588454\n|switch|p2a: pif|Zapdos|100\/100\n|move|p1a: Landorus|Superpower|p2a: pif\n|-resisted|p2a: pif\n|-damage|p2a: pif|56\/100\n|-unboost|p1a: Landorus|atk|1\n|-unboost|p1a: Landorus|def|1\n|\n|upkeep\n|turn|12\n|\n|t:|1653588462\n|switch|p1a: Gastrodon|Gastrodon, F|76\/100 tox\n|move|p2a: pif|Hurricane|p1a: Gastrodon\n|-damage|p1a: Gastrodon|0 fnt\n|faint|p1a: Gastrodon\n|\n|upkeep\n|c|\u2606Bushtush|o jesus\n|c|\u2606tolstoy|did not know that killed\n|c|\u2606tolstoy|or I woulda let one rip \n|\n|t:|1653588486\n|switch|p1a: Garchomp|Garchomp, M|100\/100\n|turn|13\n|c|+felines|go tolstoy it\u2019s giving english class! \ud83d\ude0d\n|\n|t:|1653588497\n|switch|p2a: ro fist|Rotom-Wash|87\/100\n|move|p1a: Garchomp|Swords Dance|p1a: Garchomp\n|-boost|p1a: Garchomp|atk|2\n|\n|-heal|p2a: ro fist|93\/100|[from] item: Leftovers\n|upkeep\n|turn|14\n|\n|t:|1653588503\n|move|p1a: Garchomp|Scale Shot|p2a: ro fist\n|-crit|p2a: ro fist\n|-damage|p2a: ro fist|61\/100\n|-damage|p2a: ro fist|40\/100\n|-hitcount|p2a: ro fist|2\n|-unboost|p1a: Garchomp|def|1\n|-boost|p1a: Garchomp|spe|1\n|move|p2a: ro fist|Will-O-Wisp|p1a: Garchomp|[miss]\n|-miss|p2a: ro fist|p1a: Garchomp\n|\n|-heal|p2a: ro fist|47\/100|[from] item: Leftovers\n|upkeep\n|turn|15\n|\n|t:|1653588514\n|switch|p2a: Tapu Koko|Tapu Koko|100\/100\n|-fieldstart|move: Electric Terrain|[from] ability: Electric Surge|[of] p2a: Tapu Koko\n|move|p1a: Garchomp|Scale Shot|p2a: Tapu Koko\n|-immune|p2a: Tapu Koko\n|\n|upkeep\n|turn|16\n|inactive|tolstoy has 270 seconds left.\n|inactive|Bushtush has 270 seconds left.\n|inactive|Bushtush has 240 seconds left.\n|inactive|tolstoy has 240 seconds left.\n|\n|t:|1653588611\n|switch|p2a: ro fist|Rotom-Wash|47\/100\n|move|p1a: Garchomp|Earthquake|p2a: ro fist\n|-immune|p2a: ro fist|[from] ability: Levitate\n|\n|-heal|p2a: ro fist|53\/100|[from] item: Leftovers\n|upkeep\n|turn|17\n|inactive|Bushtush has 210 seconds left.\n|inactive|tolstoy has 240 seconds left.\n|\n|t:|1653588636\n|move|p1a: Garchomp|Scale Shot|p2a: ro fist\n|-damage|p2a: ro fist|31\/100\n|-damage|p2a: ro fist|11\/100\n|-hitcount|p2a: ro fist|2\n|-unboost|p1a: Garchomp|def|1\n|-boost|p1a: Garchomp|spe|1\n|move|p2a: ro fist|Will-O-Wisp|p1a: Garchomp\n|-status|p1a: Garchomp|brn\n|\n|-heal|p2a: ro fist|17\/100|[from] item: Leftovers\n|-damage|p1a: Garchomp|94\/100 brn|[from] brn\n|upkeep\n|turn|18\n|c|\u2606Bushtush|o no\n|inactive|tolstoy has 240 seconds left.\n|\n|t:|1653588659\n|switch|p2a: ABR|Magnezone|75\/100\n|move|p1a: Garchomp|Swords Dance|p1a: Garchomp\n|-boost|p1a: Garchomp|atk|2\n|\n|-heal|p1a: Garchomp|100\/100 brn|[from] item: Leftovers\n|-damage|p1a: Garchomp|94\/100 brn|[from] brn\n|upkeep\n|turn|19\n|inactive|tolstoy has 240 seconds left.\n|inactive|Bushtush has 180 seconds left.\n|inactive|Bushtush has 150 seconds left.\n|\n|t:|1653588724\n|move|p1a: Garchomp|Earthquake|p2a: ABR\n|-supereffective|p2a: ABR\n|-damage|p2a: ABR|0 fnt\n|faint|p2a: ABR\n|\n|-heal|p1a: Garchomp|100\/100 brn|[from] item: Leftovers\n|-damage|p1a: Garchomp|94\/100 brn|[from] brn\n|-fieldend|move: Electric Terrain\n|upkeep\n|\n|t:|1653588730\n|switch|p2a: Tapu Koko|Tapu Koko|100\/100\n|-fieldstart|move: Electric Terrain|[from] ability: Electric Surge|[of] p2a: Tapu Koko\n|turn|20\n|inactive|Bushtush has 150 seconds left.\n|\n|t:|1653588746\n|move|p1a: Garchomp|Earthquake|p2a: Tapu Koko\n|-supereffective|p2a: Tapu Koko\n|-enditem|p2a: Tapu Koko|Shuca Berry|[eat]\n|-enditem|p2a: Tapu Koko|Shuca Berry|[weaken]\n|-damage|p2a: Tapu Koko|3\/100\n|move|p2a: Tapu Koko|Nature's Madness|p1a: Garchomp\n|-damage|p1a: Garchomp|48\/100 brn\n|\n|-heal|p1a: Garchomp|54\/100 brn|[from] item: Leftovers\n|-damage|p1a: Garchomp|48\/100 brn|[from] brn\n|upkeep\n|turn|21\n|\n|t:|1653588758\n|move|p1a: Garchomp|Fire Fang|p2a: Tapu Koko\n|-damage|p2a: Tapu Koko|0 fnt\n|faint|p2a: Tapu Koko\n|\n|-heal|p1a: Garchomp|54\/100 brn|[from] item: Leftovers\n|-damage|p1a: Garchomp|48\/100 brn|[from] brn\n|upkeep\n|\n|t:|1653588763\n|switch|p2a: Raichu|Raichu-Alola, M|100\/100\n|turn|22\n|inactive|Bushtush has 150 seconds left.\n|\n|t:|1653588772\n|move|p2a: Raichu|Psychic|p1a: Garchomp\n|-crit|p1a: Garchomp\n|-damage|p1a: Garchomp|0 fnt\n|faint|p1a: Garchomp\n|-damage|p2a: Raichu|91\/100|[from] item: Life Orb\n|\n|upkeep\n|inactive|Bushtush has 150 seconds left.\n|\n|t:|1653588787\n|switch|p1a: Excadrill|Excadrill, F|100\/100\n|-ability|p1a: Excadrill|Mold Breaker\n|turn|23\n|inactive|tolstoy has 270 seconds left.\n|\n|t:|1653588795\n|switch|p2a: pif|Zapdos|56\/100\n|switch|p1a: Nidoking|Nidoking, M|47\/100\n|\n|upkeep\n|turn|24\n|\n|t:|1653588802\n|move|p2a: pif|Heat Wave|p1a: Nidoking\n|-damage|p1a: Nidoking|0 fnt\n|faint|p1a: Nidoking\n|\n|-fieldend|move: Electric Terrain\n|upkeep\n|\n|t:|1653588807\n|switch|p1a: Mamoswine|Mamoswine, F|100\/100\n|turn|25\n|\n|t:|1653588812\n|switch|p2a: ro fist|Rotom-Wash|17\/100\n|move|p1a: Mamoswine|Icicle Crash|p2a: ro fist\n|-resisted|p2a: ro fist\n|-damage|p2a: ro fist|1\/100\n|\n|-heal|p2a: ro fist|8\/100|[from] item: Leftovers\n|upkeep\n|turn|26\n|\n|t:|1653588838\n|move|p1a: Mamoswine|Icicle Crash|p2a: ro fist\n|-resisted|p2a: ro fist\n|-damage|p2a: ro fist|0 fnt\n|faint|p2a: ro fist\n|\n|upkeep\n|inactive|tolstoy has 270 seconds left.\n|\n|t:|1653588856\n|switch|p2a: I Am Bushtush|Zeraora|100\/100\n|turn|27\n|inactive|tolstoy has 270 seconds left.\n|c|\u2606Bushtush|.\n|inactive|Bushtush has 150 seconds left.\n|\n|t:|1653588885\n|switch|p1a: Landorus|Landorus-Therian, M|53\/100\n|-ability|p1a: Landorus|Intimidate|boost\n|-unboost|p2a: I Am Bushtush|atk|1\n|move|p2a: I Am Bushtush|Knock Off|p1a: Landorus\n|-damage|p1a: Landorus|27\/100\n|-enditem|p1a: Landorus|Choice Band|[from] move: Knock Off|[of] p2a: I Am Bushtush\n|\n|upkeep\n|turn|28\n|inactive|Bushtush has 150 seconds left.\n|\n|t:|1653588900\n|move|p2a: I Am Bushtush|Bulk Up|p2a: I Am Bushtush\n|-boost|p2a: I Am Bushtush|atk|1\n|-boost|p2a: I Am Bushtush|def|1\n|move|p1a: Landorus|Knock Off|p2a: I Am Bushtush\n|-damage|p2a: I Am Bushtush|67\/100\n|-enditem|p2a: I Am Bushtush|Lum Berry|[from] move: Knock Off|[of] p1a: Landorus\n|\n|upkeep\n|turn|29\n|\n|t:|1653588917\n|switch|p2a: pif|Zapdos|56\/100\n|move|p1a: Landorus|Earthquake|p2a: pif\n|-immune|p2a: pif\n|\n|upkeep\n|turn|30\n|inactive|Bushtush has 150 seconds left.\n|inactive|Bushtush has 120 seconds left.\n|\n|t:|1653588973\n|move|p2a: pif|Heat Wave|p1a: Landorus|[miss]\n|-miss|p2a: pif|p1a: Landorus\n|move|p1a: Landorus|Knock Off|p2a: pif\n|-damage|p2a: pif|13\/100\n|-enditem|p2a: pif|Choice Specs|[from] move: Knock Off|[of] p1a: Landorus\n|\n|upkeep\n|turn|31\n|\n|t:|1653588981\n|move|p2a: pif|Heat Wave|p1a: Landorus\n|-damage|p1a: Landorus|0 fnt\n|faint|p1a: Landorus\n|\n|upkeep\n|\n|t:|1653588984\n|switch|p1a: Mamoswine|Mamoswine, F|100\/100\n|turn|32\n|\n|t:|1653588992\n|switch|p2a: Raichu|Raichu-Alola, M|91\/100\n|move|p1a: Mamoswine|Icicle Crash|p2a: Raichu\n|-damage|p2a: Raichu|0 fnt\n|faint|p2a: Raichu\n|\n|upkeep\n|\n|t:|1653588997\n|switch|p2a: I Am Bushtush|Zeraora|67\/100\n|turn|33\n|inactive|Bushtush has 120 seconds left.\n|\n|t:|1653589043\n|switch|p1a: Excadrill|Excadrill, F|100\/100\n|-ability|p1a: Excadrill|Mold Breaker\n|move|p2a: I Am Bushtush|Knock Off|p1a: Excadrill\n|-damage|p1a: Excadrill|60\/100\n|-enditem|p1a: Excadrill|Leftovers|[from] move: Knock Off|[of] p2a: I Am Bushtush\n|\n|upkeep\n|turn|34\n|\n|t:|1653589049\n|switch|p1a: Mamoswine|Mamoswine, F|100\/100\n|move|p2a: I Am Bushtush|Drain Punch|p1a: Mamoswine\n|-supereffective|p1a: Mamoswine\n|-damage|p1a: Mamoswine|50\/100\n|-heal|p2a: I Am Bushtush|96\/100|[from] drain|[of] p1a: Mamoswine\n|\n|upkeep\n|turn|35\n|inactive|Bushtush has 90 seconds left.\n|inactive|tolstoy has 270 seconds left.\n|inactive|Bushtush has 60 seconds left.\n|\n|t:|1653589107\n|switch|p2a: pif|Zapdos|13\/100\n|move|p1a: Mamoswine|Earthquake|p2a: pif\n|-immune|p2a: pif\n|\n|upkeep\n|turn|36\n|\n|t:|1653589113\n|switch|p1a: Excadrill|Excadrill, F|60\/100\n|-ability|p1a: Excadrill|Mold Breaker\n|move|p2a: pif|Heat Wave|p1a: Excadrill\n|-supereffective|p1a: Excadrill\n|-crit|p1a: Excadrill\n|-damage|p1a: Excadrill|0 fnt\n|faint|p1a: Excadrill\n|\n|upkeep\n|\n|t:|1653589118\n|switch|p1a: Mamoswine|Mamoswine, F|50\/100\n|turn|37\n|inactive|Bushtush has 60 seconds left.\n|\n|t:|1653589135\n|move|p1a: Mamoswine|Icicle Crash|p2a: pif\n|-supereffective|p2a: pif\n|-damage|p2a: pif|0 fnt\n|faint|p2a: pif\n|\n|upkeep\n|\n|t:|1653589141\n|switch|p2a: I Am Bushtush|Zeraora|96\/100\n|turn|38\n|c|\u2606Bushtush|lord have mercy\n|\n|t:|1653589144\n|move|p1a: Mamoswine|Icicle Crash|p2a: I Am Bushtush\n|-damage|p2a: I Am Bushtush|31\/100\n|cant|p2a: I Am Bushtush|flinch\n|\n|upkeep\n|turn|39\n|c|\u2606tolstoy|that's fucked\n|\n|t:|1653589151\n|move|p1a: Mamoswine|Icicle Crash|p2a: I Am Bushtush\n|-damage|p2a: I Am Bushtush|0 fnt\n|faint|p2a: I Am Bushtush\n|\n|win|Bushtush\n","uploadtime":1653589153,"views":568,"p1id":"bushtush","p2id":"tolstoy","formatid":"gen8monotype","rating":0,"private":0,"password":null}