{"id":"smogtours-gen8cap1v1-659932","p1":"HUMP","p2":"Faygos","format":"gen8cap1v1","log":"|inactive|Battle timer is ON: inactive players will automatically lose when time's up.\n|t:|1667762756\n|gametype|singles\n|player|p1|HUMP|baker|\n|player|p2|Faygos|265|\n|teamsize|p1|3\n|teamsize|p2|3\n|gen|8\n|tier|[Gen 8] CAP 1v1\n|rule|Species Clause: Limit one of each Pok\u00e9mon\n|rule|HP Percentage Mod: HP is shown in percentages\n|rule|Sleep Clause Mod: Limit one foe put to sleep\n|rule|Dynamax Clause: You cannot dynamax\n|clearpoke\n|poke|p1|Fidgit, F|\n|poke|p1|Syclant, M|\n|poke|p1|Jumbao, F|\n|poke|p2|Colossoil, F|\n|poke|p2|Mollux, M|\n|poke|p2|Cyclohm, M|\n|teampreview|1\n|inactive|HUMP also wants the timer to be on.\n|inactive|Faygos also wants the timer to be on.\n|\n|t:|1667762773\n|start\n|switch|p1a: Fidgit|Fidgit, F|394\/394\n|switch|p2a: Mollux|Mollux, M|394\/394\n|-item|p2a: Mollux|Air Balloon|[from] ability: Frisk|[of] p1a: Fidgit|[identify]\n|-item|p2a: Mollux|Air Balloon\n|turn|1\n|\n|t:|1667762781\n|move|p1a: Fidgit|Protect|p1a: Fidgit\n|-singleturn|p1a: Fidgit|Protect\n|move|p2a: Mollux|Acid Armor|p2a: Mollux\n|-boost|p2a: Mollux|def|2\n|\n|upkeep\n|turn|2\n|\n|t:|1667762791\n|move|p1a: Fidgit|Encore|p2a: Mollux\n|-start|p2a: Mollux|Encore\n|move|p2a: Mollux|Acid Armor|p2a: Mollux\n|-boost|p2a: Mollux|def|2\n|\n|upkeep\n|turn|3\n|\n|t:|1667762796\n|move|p1a: Fidgit|Sludge Wave|p2a: Mollux\n|-resisted|p2a: Mollux\n|-damage|p2a: Mollux|349\/394\n|-enditem|p2a: Mollux|Air Balloon\n|move|p2a: Mollux|Acid Armor|p2a: Mollux\n|-boost|p2a: Mollux|def|2\n|\n|upkeep\n|turn|4\n|\n|t:|1667762801\n|move|p1a: Fidgit|Disable|p2a: Mollux\n|-start|p2a: Mollux|Disable|Acid Armor\n|cant|p2a: Mollux|Disable|Acid Armor\n|\n|-end|p2a: Mollux|Encore\n|upkeep\n|turn|5\n|\n|t:|1667762807\n|move|p1a: Fidgit|Protect|p1a: Fidgit\n|-singleturn|p1a: Fidgit|Protect\n|move|p2a: Mollux|Lava Plume|p1a: Fidgit\n|-activate|p1a: Fidgit|move: Protect\n|\n|upkeep\n|turn|6\n|\n|t:|1667762813\n|move|p1a: Fidgit|Sludge Wave|p2a: Mollux\n|-resisted|p2a: Mollux\n|-damage|p2a: Mollux|308\/394\n|move|p2a: Mollux|Lava Plume|p1a: Fidgit\n|-damage|p1a: Fidgit|261\/394\n|\n|upkeep\n|turn|7\n|\n|t:|1667762815\n|move|p1a: Fidgit|Protect|p1a: Fidgit\n|-singleturn|p1a: Fidgit|Protect\n|move|p2a: Mollux|Calm Mind|p2a: Mollux\n|-boost|p2a: Mollux|spa|1\n|-boost|p2a: Mollux|spd|1\n|\n|-end|p2a: Mollux|Disable\n|upkeep\n|turn|8\n|\n|t:|1667762818\n|move|p1a: Fidgit|Encore|p2a: Mollux\n|-start|p2a: Mollux|Encore\n|move|p2a: Mollux|Calm Mind|p2a: Mollux\n|-boost|p2a: Mollux|spa|1\n|-boost|p2a: Mollux|spd|1\n|\n|upkeep\n|turn|9\n|\n|t:|1667762821\n|move|p1a: Fidgit|Sludge Wave|p2a: Mollux\n|-resisted|p2a: Mollux\n|-damage|p2a: Mollux|285\/394\n|move|p2a: Mollux|Calm Mind|p2a: Mollux\n|-boost|p2a: Mollux|spa|1\n|-boost|p2a: Mollux|spd|1\n|\n|upkeep\n|turn|10\n|\n|t:|1667762822\n|move|p1a: Fidgit|Sludge Wave|p2a: Mollux\n|-resisted|p2a: Mollux\n|-damage|p2a: Mollux|267\/394\n|move|p2a: Mollux|Calm Mind|p2a: Mollux\n|-boost|p2a: Mollux|spa|1\n|-boost|p2a: Mollux|spd|1\n|\n|-end|p2a: Mollux|Encore\n|upkeep\n|turn|11\n|\n|t:|1667762825\n|move|p1a: Fidgit|Encore|p2a: Mollux\n|-start|p2a: Mollux|Encore\n|move|p2a: Mollux|Calm Mind|p2a: Mollux\n|-boost|p2a: Mollux|spa|1\n|-boost|p2a: Mollux|spd|1\n|\n|upkeep\n|turn|12\n|\n|t:|1667762826\n|move|p1a: Fidgit|Sludge Wave|p2a: Mollux\n|-resisted|p2a: Mollux\n|-damage|p2a: Mollux|253\/394\n|move|p2a: Mollux|Calm Mind|p2a: Mollux\n|-boost|p2a: Mollux|spa|1\n|-boost|p2a: Mollux|spd|1\n|\n|upkeep\n|turn|13\n|\n|t:|1667762828\n|move|p1a: Fidgit|Sludge Wave|p2a: Mollux\n|-resisted|p2a: Mollux\n|-damage|p2a: Mollux|242\/394\n|move|p2a: Mollux|Calm Mind|p2a: Mollux\n|-boost|p2a: Mollux|spa|0\n|-boost|p2a: Mollux|spd|0\n|\n|-end|p2a: Mollux|Encore\n|upkeep\n|turn|14\n|\n|t:|1667762832\n|move|p1a: Fidgit|Encore|p2a: Mollux\n|-start|p2a: Mollux|Encore\n|move|p2a: Mollux|Calm Mind|p2a: Mollux\n|-boost|p2a: Mollux|spa|0\n|-boost|p2a: Mollux|spd|0\n|\n|upkeep\n|turn|15\n|\n|t:|1667762835\n|move|p1a: Fidgit|Sludge Wave|p2a: Mollux\n|-resisted|p2a: Mollux\n|-damage|p2a: Mollux|230\/394\n|move|p2a: Mollux|Calm Mind|p2a: Mollux\n|-boost|p2a: Mollux|spa|0\n|-boost|p2a: Mollux|spd|0\n|\n|upkeep\n|turn|16\n|\n|t:|1667762837\n|move|p1a: Fidgit|Sludge Wave|p2a: Mollux\n|-resisted|p2a: Mollux\n|-damage|p2a: Mollux|218\/394\n|move|p2a: Mollux|Calm Mind|p2a: Mollux\n|-boost|p2a: Mollux|spa|0\n|-boost|p2a: Mollux|spd|0\n|\n|-end|p2a: Mollux|Encore\n|upkeep\n|turn|17\n|\n|t:|1667762840\n|move|p1a: Fidgit|Protect|p1a: Fidgit\n|-singleturn|p1a: Fidgit|Protect\n|move|p2a: Mollux|Recover|p2a: Mollux\n|-heal|p2a: Mollux|394\/394\n|\n|upkeep\n|turn|18\n|\n|t:|1667762842\n|move|p1a: Fidgit|Encore|p2a: Mollux\n|-start|p2a: Mollux|Encore\n|move|p2a: Mollux|Recover||[still]\n|-fail|p2a: Mollux|heal\n|\n|upkeep\n|turn|19\n|-message|HUMP forfeited.\n|\n|win|Faygos\n","uploadtime":1667762847,"views":1,"p1id":"hump","p2id":"faygos","formatid":"gen8cap1v1","rating":0,"private":0,"password":null}