{"id":"smogtours-gen7ou-275300","p1":"Gotham Paladin","p2":"ayevon","format":"gen7ou","log":"|J|Gotham Paladin\n|J|ayevon\n|player|p1|Gotham Paladin|283\n|player|p2|ayevon|10\n|gametype|singles\n|gen|7\n|tier|[Gen 7] OU\n|seed|52790,34174,62595,36873\n|clearpoke\n|poke|p1|Medicham, M|item\n|poke|p1|Mantine, M|item\n|poke|p1|Landorus-Therian, M|item\n|poke|p1|Tapu Koko|item\n|poke|p1|Ferrothorn, F|item\n|poke|p1|Tornadus-Therian, M|item\n|poke|p2|Scizor, M|item\n|poke|p2|Zygarde|item\n|poke|p2|Tangrowth, M|item\n|poke|p2|Zapdos|item\n|poke|p2|Keldeo|item\n|poke|p2|Heatran, F|item\n|rule|Baton Pass Clause: Limit one Baton Passer, can't pass Spe and other stats simultaneously\n|rule|Sleep Clause Mod: Limit one foe put to sleep\n|rule|Species Clause: Limit one of each Pok\u00e9mon\n|rule|OHKO Clause: OHKO moves are banned\n|rule|Moody Clause: Moody is banned\n|rule|Evasion Moves Clause: Evasion moves are banned\n|rule|Endless Battle Clause: Forcing endless battles is banned\n|rule|HP Percentage Mod: HP is shown in percentages\n|teampreview\n|J|sedertz.\n|J|a heros destiny\n|c|\u2606Gotham Paladin|hf\n|J|patlop2307\n|c|\u2606ayevon|u2\n|J|Vai Lusa\n|J|imsosorrylol\n|L|a heros destiny\n|c|+imsosorrylol|go got\n|c|+imsosorrylol|gotham paladin\n|J|Annie Adderall\n|choice|team 4, team 2, team 3, team 1, team 5, team 6|team 4, team 2, team 3, team 1, team 5, team 6\n|\n|start\n|switch|p1a: Tapu Koko|Tapu Koko|281\/281\n|switch|p2a: Zapdos|Zapdos|383\/383\n|-fieldstart|move: Electric Terrain|[from] ability: Electric Surge|[of] p1a: Tapu Koko\n|turn|1\n|J|pizza\n|choice|move uturn|move roost\n|\n|move|p1a: Tapu Koko|U-turn|p2a: Zapdos\n|-resisted|p2a: Zapdos\n|-damage|p2a: Zapdos|359\/383\n|choice|switch 5|\n|\n|switch|p1a: Ferrothorn|Ferrothorn, F|352\/352\n|move|p2a: Zapdos|Roost|p2a: Zapdos\n|-heal|p2a: Zapdos|383\/383\n|\n|upkeep\n|turn|2\n|choice|switch 5|move heatwave\n|\n|switch|p1a: Tapu Koko|Tapu Koko|281\/281\n|move|p2a: Zapdos|Heat Wave|p1a: Tapu Koko\n|-damage|p1a: Tapu Koko|172\/281\n|\n|upkeep\n|turn|3\n|choice|move roost|move roost\n|\n|move|p1a: Tapu Koko|Roost|p1a: Tapu Koko\n|-heal|p1a: Tapu Koko|281\/281\n|move|p2a: Zapdos|Roost|p2a: Zapdos\n|-fail|p2a: Zapdos\n|\n|upkeep\n|turn|4\n|choice|move thunderbolt|move roost\n|\n|move|p1a: Tapu Koko|Thunderbolt|p2a: Zapdos\n|-damage|p2a: Zapdos|143\/383\n|move|p2a: Zapdos|Roost|p2a: Zapdos\n|-heal|p2a: Zapdos|335\/383\n|\n|-heal|p2a: Zapdos|358\/383|[from] item: Leftovers\n|upkeep\n|turn|5\n|choice|move thunderbolt|move roost\n|\n|move|p1a: Tapu Koko|Thunderbolt|p2a: Zapdos\n|-crit|p2a: Zapdos\n|-damage|p2a: Zapdos|0 fnt\n|faint|p2a: Zapdos\n|\n|-fieldend|move: Electric Terrain\n|upkeep\n|c|+sedertz.|.\n|c|\u2606ayevon|welp\n|c|\u2606Gotham Paladin|sorry\n|c|+sedertz.|rip medi counter\n|choice||switch 2\n|\n|switch|p2a: Zygarde|Zygarde|357\/357\n|-ability|p2a: Zygarde|Aura Break\n|turn|6\n|c|+sedertz.|static para\n|c|+imsosorrylol|why is this\n|c|+imsosorrylol|so\n|c|+imsosorrylol|easy\n|c|+imsosorrylol|fucking gettim \n|c|+imsosorrylol|guess shewenttojarrods\n|choice|move uturn|move thousandarrows\n|\n|move|p1a: Tapu Koko|U-turn|p2a: Zygarde\n|-damage|p2a: Zygarde|308\/357\n|c|+imsosorrylol|LOL\n|choice|switch 3|\n|\n|switch|p1a: Landorus|Landorus-Therian, M|382\/382\n|-ability|p1a: Landorus|Intimidate|boost\n|-unboost|p2a: Zygarde|atk|1\n|move|p2a: Zygarde|Thousand Arrows|p1a: Landorus\n|-damage|p1a: Landorus|261\/382\n|-start|p1a: Landorus|Smack Down\n|\n|upkeep\n|turn|7\n|c|+imsosorrylol|thi is what happens\n|c|+imsosorrylol|when u go\n|c|+imsosorrylol|to jarods\n|choice|move stealthrock|move thousandarrows\n|\n|move|p2a: Zygarde|Thousand Arrows|p1a: Landorus\n|-damage|p1a: Landorus|153\/382\n|move|p1a: Landorus|Stealth Rock|p2a: Zygarde\n|-sidestart|p2: ayevon|move: Stealth Rock\n|\n|upkeep\n|turn|8\n|choice|move hiddenpower|switch 4\n|\n|switch|p2a: Scizor|Scizor, M|343\/343\n|-damage|p2a: Scizor|301\/343|[from] Stealth Rock\n|move|p1a: Landorus|Hidden Power|p2a: Scizor\n|-resisted|p2a: Scizor\n|-damage|p2a: Scizor|280\/343\n|\n|upkeep\n|turn|9\n|choice|move uturn|move defog mega\n|\n|detailschange|p2a: Scizor|Scizor-Mega, M\n|-mega|p2a: Scizor|Scizor|Scizorite\n|move|p1a: Landorus|U-turn|p2a: Scizor\n|-resisted|p2a: Scizor\n|-damage|p2a: Scizor|256\/343\n|choice|switch 2|\n|\n|switch|p1a: Mantine|Mantine, M|374\/374\n|move|p2a: Scizor|Defog|p1a: Mantine\n|-unboost|p1a: Mantine|evasion|1\n|-sideend|p2: ayevon|Stealth Rock|[from] move: Defog|[of] p2a: Scizor\n|\n|upkeep\n|turn|10\n|choice|move scald|move roost\n|\n|move|p2a: Scizor|Roost|p2a: Scizor\n|-heal|p2a: Scizor|343\/343\n|move|p1a: Mantine|Scald|p2a: Scizor\n|-damage|p2a: Scizor|273\/343\n|\n|upkeep\n|turn|11\n|choice|move toxic|move uturn\n|\n|move|p2a: Scizor|U-turn|p1a: Mantine\n|-resisted|p1a: Mantine\n|-damage|p1a: Mantine|318\/374\n|choice||switch 3\n|\n|switch|p2a: Tangrowth|Tangrowth, M|404\/404\n|move|p1a: Mantine|Toxic|p2a: Tangrowth\n|-status|p2a: Tangrowth|tox\n|\n|-heal|p1a: Mantine|341\/374|[from] item: Leftovers\n|-damage|p2a: Tangrowth|379\/404 tox|[from] psn\n|upkeep\n|turn|12\n|choice|switch 6|switch 6\n|\n|switch|p1a: Tornadus|Tornadus-Therian, M|299\/299\n|switch|p2a: Heatran|Heatran, F|385\/385\n|\n|upkeep\n|turn|13\n|L|Vai Lusa\n|choice|switch 2|move substitute\n|\n|switch|p1a: Landorus|Landorus-Therian, M|153\/382\n|-ability|p1a: Landorus|Intimidate|boost\n|-unboost|p2a: Heatran|atk|1\n|move|p2a: Heatran|Substitute|p2a: Heatran\n|-start|p2a: Heatran|Substitute\n|-damage|p2a: Heatran|289\/385\n|\n|-heal|p2a: Heatran|313\/385|[from] item: Leftovers\n|upkeep\n|turn|14\n|choice|move earthquake|move magmastorm\n|\n|move|p2a: Heatran|Magma Storm|p1a: Landorus\n|-damage|p1a: Landorus|0 fnt\n|faint|p1a: Landorus\n|\n|-heal|p2a: Heatran|337\/385|[from] item: Leftovers\n|upkeep\n|J|Neive\n|choice|switch 3|\n|\n|switch|p1a: Tapu Koko|Tapu Koko|281\/281\n|-fieldstart|move: Electric Terrain|[from] ability: Electric Surge|[of] p1a: Tapu Koko\n|turn|15\n|L|Neive\n|choice|move thunderbolt|move earthpower\n|\n|move|p1a: Tapu Koko|Thunderbolt|p2a: Heatran\n|-end|p2a: Heatran|Substitute\n|move|p2a: Heatran|Earth Power|p1a: Tapu Koko\n|-supereffective|p1a: Tapu Koko\n|-damage|p1a: Tapu Koko|35\/281\n|\n|-heal|p2a: Heatran|361\/385|[from] item: Leftovers\n|upkeep\n|turn|16\n|choice|move uturn|switch 4\n|\n|switch|p2a: Zygarde|Zygarde|308\/357\n|-ability|p2a: Zygarde|Aura Break\n|move|p1a: Tapu Koko|U-turn|p2a: Zygarde\n|-crit|p2a: Zygarde\n|-damage|p2a: Zygarde|234\/357\n|choice|switch 4|\n|\n|switch|p1a: Medicham|Medicham, M|261\/261\n|\n|upkeep\n|turn|17\n|choice|move highjumpkick mega|move extremespeed\n|\n|detailschange|p1a: Medicham|Medicham-Mega, M\n|-mega|p1a: Medicham|Medicham|Medichamite\n|move|p2a: Zygarde|Extreme Speed|p1a: Medicham\n|-damage|p1a: Medicham|99\/261\n|move|p1a: Medicham|High Jump Kick|p2a: Zygarde\n|-damage|p2a: Zygarde|0 fnt\n|faint|p2a: Zygarde\n|\n|upkeep\n|choice||switch 3\n|\n|switch|p2a: Scizor|Scizor-Mega, M|273\/343\n|turn|18\n|choice|switch 6|move uturn\n|\n|switch|p1a: Mantine|Mantine, M|341\/374\n|move|p2a: Scizor|U-turn|p1a: Mantine\n|-resisted|p1a: Mantine\n|-damage|p1a: Mantine|286\/374\n|choice||switch 4\n|\n|switch|p2a: Heatran|Heatran, F|361\/385\n|\n|-heal|p2a: Heatran|385\/385|[from] item: Leftovers\n|-heal|p1a: Mantine|309\/374|[from] item: Leftovers\n|upkeep\n|turn|19\n|choice|move scald|move toxic\n|\n|move|p2a: Heatran|Toxic|p1a: Mantine\n|-status|p1a: Mantine|tox\n|move|p1a: Mantine|Scald|p2a: Heatran\n|-supereffective|p2a: Heatran\n|-damage|p2a: Heatran|233\/385\n|\n|-heal|p2a: Heatran|257\/385|[from] item: Leftovers\n|-heal|p1a: Mantine|332\/374 tox|[from] item: Leftovers\n|-damage|p1a: Mantine|309\/374 tox|[from] psn\n|-fieldend|move: Electric Terrain\n|upkeep\n|turn|20\n|J|Der Schweinsteiger\n|choice|move scald|move magmastorm\n|\n|move|p2a: Heatran|Magma Storm|p1a: Mantine\n|-resisted|p1a: Mantine\n|-damage|p1a: Mantine|249\/374 tox\n|-activate|p1a: Mantine|move: Magma Storm|[of] p2a: Heatran\n|move|p1a: Mantine|Scald|p2a: Heatran\n|-supereffective|p2a: Heatran\n|-damage|p2a: Heatran|105\/385\n|\n|-heal|p2a: Heatran|129\/385|[from] item: Leftovers\n|-heal|p1a: Mantine|272\/374 tox|[from] item: Leftovers\n|-damage|p1a: Mantine|226\/374 tox|[from] psn\n|-damage|p1a: Mantine|180\/374 tox|[from] move: Magma Storm|[partiallytrapped]\n|upkeep\n|turn|21\n|L|Der Schweinsteiger\n|choice|move scald|move magmastorm\n|\n|move|p2a: Heatran|Magma Storm|p1a: Mantine\n|-resisted|p1a: Mantine\n|-damage|p1a: Mantine|117\/374 tox\n|move|p1a: Mantine|Scald|p2a: Heatran\n|-supereffective|p2a: Heatran\n|-damage|p2a: Heatran|0 fnt\n|faint|p2a: Heatran\n|\n|-heal|p1a: Mantine|140\/374 tox|[from] item: Leftovers\n|-damage|p1a: Mantine|71\/374 tox|[from] psn\n|upkeep\n|choice||switch 5\n|\n|switch|p2a: Keldeo|Keldeo|323\/323\n|turn|22\n|choice|switch 4|move stoneedge\n|\n|switch|p1a: Tapu Koko|Tapu Koko|35\/281\n|-fieldstart|move: Electric Terrain|[from] ability: Electric Surge|[of] p1a: Tapu Koko\n|move|p2a: Keldeo|Stone Edge|p1a: Tapu Koko\n|-damage|p1a: Tapu Koko|0 fnt\n|faint|p1a: Tapu Koko\n|\n|upkeep\n|choice|switch 6|\n|\n|switch|p1a: Medicham|Medicham-Mega, M|99\/261\n|turn|23\n|choice|move highjumpkick|switch 6\n|\n|switch|p2a: Tangrowth|Tangrowth, M|404\/404 tox\n|move|p1a: Medicham|High Jump Kick|p2a: Tangrowth\n|-damage|p2a: Tangrowth|83\/404 tox\n|\n|-damage|p2a: Tangrowth|58\/404 tox|[from] psn\n|upkeep\n|turn|24\n|L|Annie Adderall\n|choice|move thunderpunch|move gigadrain\n|\n|move|p1a: Medicham|Thunder Punch|p2a: Tangrowth\n|-resisted|p2a: Tangrowth\n|-damage|p2a: Tangrowth|0 fnt\n|faint|p2a: Tangrowth\n|\n|upkeep\n|c|+imsosorrylol|g motherfucking g\n|choice||switch 4\n|\n|switch|p2a: Scizor|Scizor-Mega, M|273\/343\n|turn|25\n|choice|switch 4|move uturn\n|\n|switch|p1a: Mantine|Mantine, M|71\/374 tox\n|move|p2a: Scizor|U-turn|p1a: Mantine\n|-resisted|p1a: Mantine\n|-damage|p1a: Mantine|23\/374 tox\n|c|+imsosorrylol|bro forfeit\n|choice||switch 6\n|\n|switch|p2a: Keldeo|Keldeo|323\/323\n|\n|-heal|p1a: Mantine|46\/374 tox|[from] item: Leftovers\n|-damage|p1a: Mantine|23\/374 tox|[from] psn\n|upkeep\n|turn|26\n|c|+imsosorrylol|u lose\n|c|+imsosorrylol|to \n|c|+imsosorrylol|torn t\n|choice|move toxic|move secretsword\n|\n|move|p2a: Keldeo|Secret Sword|p1a: Mantine\n|-resisted|p1a: Mantine\n|-damage|p1a: Mantine|0 fnt\n|faint|p1a: Mantine\n|\n|-fieldend|move: Electric Terrain\n|upkeep\n|c|+imsosorrylol|u aids sack\n|choice|switch 2|\n|\n|switch|p1a: Tornadus|Tornadus-Therian, M|299\/299\n|turn|27\n|c|+imsosorrylol|so easy\n|c|+imsosorrylol|holy fuck\n|c|+imsosorrylol|colin is fucking garbage\n|c|+imsosorrylol|om\n|c|+imsosorrylol|l\n|choice|move hurricane|switch 6\n|\n|switch|p2a: Scizor|Scizor-Mega, M|273\/343\n|move|p1a: Tornadus|Hurricane|p2a: Scizor|[miss]\n|-miss|p1a: Tornadus|p2a: Scizor\n|\n|upkeep\n|turn|28\n|choice|move heatwave|move bulletpunch\n|\n|move|p2a: Scizor|Bullet Punch|p1a: Tornadus\n|-damage|p1a: Tornadus|170\/299\n|move|p1a: Tornadus|Heat Wave|p2a: Scizor\n|-supereffective|p2a: Scizor\n|-damage|p2a: Scizor|0 fnt\n|faint|p2a: Scizor\n|\n|upkeep\n|choice||switch 6\n|\n|switch|p2a: Keldeo|Keldeo|323\/323\n|turn|29\n|choice|switch 4|move secretsword\n|\n|switch|p1a: Medicham|Medicham-Mega, M|99\/261\n|move|p2a: Keldeo|Secret Sword|p1a: Medicham\n|-resisted|p1a: Medicham\n|-damage|p1a: Medicham|15\/261\n|\n|upkeep\n|turn|30\n|choice|move fakeout|move secretsword\n|\n|move|p1a: Medicham|Fake Out|p2a: Keldeo\n|-damage|p2a: Keldeo|234\/323\n|cant|p2a: Keldeo|flinch\n|\n|upkeep\n|turn|31\n|choice|move thunderpunch|move secretsword\n|\n|move|p2a: Keldeo|Secret Sword|p1a: Medicham\n|-resisted|p1a: Medicham\n|-damage|p1a: Medicham|0 fnt\n|faint|p1a: Medicham\n|\n|upkeep\n|choice|switch 4|\n|\n|switch|p1a: Tornadus|Tornadus-Therian, M|269\/299\n|turn|32\n|choice|move grassknot zmove|move secretsword\n|\n|move|p2a: Keldeo|Secret Sword|p1a: Tornadus\n|-resisted|p1a: Tornadus\n|-damage|p1a: Tornadus|166\/299\n|-zpower|p1a: Tornadus\n|move|p1a: Tornadus|Bloom Doom|p2a: Keldeo|[zeffect]\n|-supereffective|p2a: Keldeo\n|-damage|p2a: Keldeo|0 fnt\n|faint|p2a: Keldeo\n|\n|win|Gotham Paladin","inputlog":null,"uploadtime":1492896438,"views":642,"p1id":"gothampaladin","p2id":"ayevon","formatid":"gen7ou","rating":0,"private":0,"password":null}