{"id":"smogtours-gen5ubers-644032","p1":"March Fires","p2":"Skysolo \u2764","format":"gen5ubers","log":"|inactive|Battle timer is ON: inactive players will automatically lose when time's up.\n|t:|1660601375\n|gametype|singles\n|player|p1|March Fires|pokemonranger-gen6|\n|player|p2|Skysolo \u2764|#pspl2019ubers|\n|teamsize|p1|6\n|teamsize|p2|6\n|gen|5\n|tier|[Gen 5] Ubers\n|rule|Species Clause: Limit one of each Pok\u00e9mon\n|rule|OHKO Clause: OHKO moves are banned\n|rule|Moody Clause: Moody is banned\n|rule|Evasion Moves Clause: Evasion moves are banned\n|rule|Endless Battle Clause: Forcing endless battles is banned\n|rule|HP Percentage Mod: HP is shown in percentages\n|rule|Sleep Clause Mod: Limit one foe put to sleep\n|clearpoke\n|poke|p1|Kyogre|item\n|poke|p1|Genesect|item\n|poke|p1|Rayquaza|item\n|poke|p1|Arceus-*|item\n|poke|p1|Latias, F|item\n|poke|p1|Dialga|item\n|poke|p2|Giratina-Origin|item\n|poke|p2|Tentacruel, F|item\n|poke|p2|Kyogre|item\n|poke|p2|Arceus-*|item\n|poke|p2|Ferrothorn, F|item\n|poke|p2|Shaymin-Sky|item\n|teampreview\n|c|\u2606Skysolo \u2764|hf\n|c|\u2606March Fires|hf\n|inactive|Skysolo \u2764 has 270 seconds left.\n|c|+marsandback|The Strap\n|c|+Eledyr|the strap\n|\n|t:|1660601432\n|start\n|switch|p1a: Until The Ending|Dialga|100\/100\n|switch|p2a: Tentacruel|Tentacruel, F, shiny|100\/100\n|-ability|p1a: Until The Ending|Pressure\n|turn|1\n|\n|t:|1660601439\n|move|p2a: Tentacruel|Toxic Spikes|p1a: Until The Ending\n|-sidestart|p1: March Fires|move: Toxic Spikes\n|move|p1a: Until The Ending|Stealth Rock|p2a: Tentacruel\n|-sidestart|p2: Skysolo \u2764|move: Stealth Rock\n|\n|upkeep\n|turn|2\n|\n|t:|1660601451\n|switch|p1a: She's Got Soul|Latias, F|100\/100\n|move|p2a: Tentacruel|Rapid Spin|p1a: She's Got Soul\n|-damage|p1a: She's Got Soul|97\/100\n|-sideend|p2: Skysolo \u2764|Stealth Rock|[from] move: Rapid Spin|[of] p2a: Tentacruel\n|\n|upkeep\n|turn|3\n|\n|t:|1660601462\n|switch|p1a: Until The Ending|Dialga|100\/100\n|-ability|p1a: Until The Ending|Pressure\n|switch|p2a: Ferrothorn|Ferrothorn, F, shiny|100\/100\n|\n|upkeep\n|turn|4\n|\n|t:|1660601479\n|switch|p2a: Kyogre|Kyogre|100\/100\n|-weather|RainDance|[from] ability: Drizzle|[of] p2a: Kyogre\n|move|p1a: Until The Ending|Stealth Rock|p2a: Kyogre\n|-sidestart|p2: Skysolo \u2764|move: Stealth Rock\n|\n|-weather|RainDance|[upkeep]\n|upkeep\n|turn|5\n|inactive|March Fires has 270 seconds left.\n|inactive|March Fires has 240 seconds left.\n|\n|t:|1660601540\n|switch|p1a: War Cry|Rayquaza|100\/100\n|-ability|p1a: War Cry|Air Lock\n|move|p2a: Kyogre|Scald|p1a: War Cry\n|-resisted|p1a: War Cry\n|-damage|p1a: War Cry|80\/100\n|-status|p1a: War Cry|brn\n|\n|-weather|RainDance|[upkeep]\n|-damage|p1a: War Cry|67\/100 brn|[from] brn\n|upkeep\n|turn|6\n|inactive|March Fires has 240 seconds left.\n|\n|t:|1660601564\n|move|p1a: War Cry|Swords Dance|p1a: War Cry\n|-boost|p1a: War Cry|atk|2\n|move|p2a: Kyogre|Roar|p1a: War Cry\n|drag|p1a: Float On|Genesect|100\/100\n|-ability|p1a: Float On|Download|boost\n|-boost|p1a: Float On|atk|1\n|\n|-weather|RainDance|[upkeep]\n|upkeep\n|turn|7\n|\n|t:|1660601574\n|move|p1a: Float On|U-turn|p2a: Kyogre\n|-damage|p2a: Kyogre|49\/100\n|\n|t:|1660601577\n|switch|p1a: War Cry|Rayquaza|67\/100 brn|[from]move: U-turn\n|-ability|p1a: War Cry|Air Lock\n|move|p2a: Kyogre|Scald|p1a: War Cry\n|-resisted|p1a: War Cry\n|-damage|p1a: War Cry|45\/100 brn\n|\n|-weather|RainDance|[upkeep]\n|-heal|p2a: Kyogre|55\/100|[from] item: Leftovers\n|-damage|p1a: War Cry|33\/100 brn|[from] brn\n|upkeep\n|turn|8\n|inactive|March Fires has 240 seconds left.\n|inactive|Skysolo \u2764 has 270 seconds left.\n|\n|t:|1660601627\n|switch|p2a: Giratina|Giratina-Origin, shiny|100\/100\n|-damage|p2a: Giratina|88\/100|[from] Stealth Rock\n|move|p1a: War Cry|Dragon Claw|p2a: Giratina\n|-supereffective|p2a: Giratina\n|-damage|p2a: Giratina|49\/100\n|-damage|p1a: War Cry|23\/100 brn|[from] item: Life Orb\n|\n|-weather|RainDance|[upkeep]\n|-damage|p1a: War Cry|11\/100 brn|[from] brn\n|upkeep\n|turn|9\n|inactive|March Fires has 240 seconds left.\n|\n|t:|1660601641\n|switch|p1a: Until The Ending|Dialga|100\/100\n|-ability|p1a: Until The Ending|Pressure\n|move|p2a: Giratina|Shadow Sneak|p1a: Until The Ending\n|-resisted|p1a: Until The Ending\n|-damage|p1a: Until The Ending|91\/100\n|\n|-weather|RainDance|[upkeep]\n|upkeep\n|turn|10\n|inactive|March Fires has 240 seconds left.\n|inactive|Skysolo \u2764 has 240 seconds left.\n|\n|t:|1660601668\n|switch|p2a: Tentacruel|Tentacruel, F, shiny|100\/100\n|-damage|p2a: Tentacruel|88\/100|[from] Stealth Rock\n|move|p1a: Until The Ending|Draco Meteor|p2a: Tentacruel\n|-damage|p2a: Tentacruel|43\/100\n|-unboost|p1a: Until The Ending|spa|2\n|\n|-weather|RainDance|[upkeep]\n|-heal|p2a: Tentacruel|49\/100|[from] ability: Rain Dish\n|upkeep\n|turn|11\n|inactive|March Fires has 210 seconds left.\n|\n|t:|1660601695\n|move|p2a: Tentacruel|Rapid Spin|p1a: Until The Ending\n|-resisted|p1a: Until The Ending\n|-damage|p1a: Until The Ending|90\/100\n|-sideend|p2: Skysolo \u2764|Stealth Rock|[from] move: Rapid Spin|[of] p2a: Tentacruel\n|move|p1a: Until The Ending|Draco Meteor|p2a: Tentacruel\n|-damage|p2a: Tentacruel|24\/100\n|-unboost|p1a: Until The Ending|spa|2\n|\n|-weather|RainDance|[upkeep]\n|-heal|p2a: Tentacruel|30\/100|[from] ability: Rain Dish\n|upkeep\n|turn|12\n|\n|t:|1660601705\n|move|p2a: Tentacruel|Scald|p1a: Until The Ending\n|-resisted|p1a: Until The Ending\n|-damage|p1a: Until The Ending|77\/100\n|move|p1a: Until The Ending|Stealth Rock|p2a: Tentacruel\n|-sidestart|p2: Skysolo \u2764|move: Stealth Rock\n|\n|-weather|RainDance|[upkeep]\n|-heal|p2a: Tentacruel|36\/100|[from] ability: Rain Dish\n|upkeep\n|turn|13\n|\n|t:|1660601713\n|switch|p1a: War Cry|Rayquaza|11\/100 brn\n|-ability|p1a: War Cry|Air Lock\n|move|p2a: Tentacruel|Scald|p1a: War Cry\n|-resisted|p1a: War Cry\n|-damage|p1a: War Cry|0 fnt\n|faint|p1a: War Cry\n|\n|-weather|RainDance|[upkeep]\n|-heal|p2a: Tentacruel|42\/100|[from] ability: Rain Dish\n|upkeep\n|\n|t:|1660601728\n|switch|p1a: She's Got Soul|Latias, F|97\/100\n|turn|14\n|c|+Lasen|Wtf are these nicknames tape\n|inactive|March Fires has 210 seconds left.\n|\n|t:|1660601747\n|switch|p1a: Float On|Genesect|100\/100\n|-ability|p1a: Float On|Download|boost\n|-boost|p1a: Float On|atk|1\n|move|p2a: Tentacruel|Protect||[still]\n|-fail|p2a: Tentacruel\n|\n|-weather|RainDance|[upkeep]\n|-heal|p2a: Tentacruel|48\/100|[from] ability: Rain Dish\n|upkeep\n|turn|15\n|c|+Lasen|Is the Arceus named HEY SOUL SISTER\n|c|+dnb|lasen <3\n|inactive|March Fires has 210 seconds left.\n|inactive|Skysolo \u2764 has 270 seconds left.\n|c|+Lasen|Andi <3\n|c|+Monai|AINT THAT MISTER MISTER\n|\n|t:|1660601785\n|move|p2a: Tentacruel|Protect|p2a: Tentacruel\n|-singleturn|p2a: Tentacruel|Protect\n|move|p1a: Float On|U-turn|p2a: Tentacruel\n|-activate|p2a: Tentacruel|move: Protect\n|\n|-weather|RainDance|[upkeep]\n|-heal|p2a: Tentacruel|54\/100|[from] ability: Rain Dish\n|upkeep\n|turn|16\n|c|+Lasen|Better than Jackie names\n|\n|t:|1660601792\n|move|p1a: Float On|U-turn|p2a: Tentacruel\n|-resisted|p2a: Tentacruel\n|-damage|p2a: Tentacruel|18\/100\n|c|+Lasen|EMETIC EUCHARIST\n|\n|t:|1660601799\n|switch|p1a: She's Got Soul|Latias, F|97\/100|[from]move: U-turn\n|move|p2a: Tentacruel|Rapid Spin|p1a: She's Got Soul\n|-damage|p1a: She's Got Soul|94\/100\n|-sideend|p2: Skysolo \u2764|Stealth Rock|[from] move: Rapid Spin|[of] p2a: Tentacruel\n|\n|-weather|RainDance|[upkeep]\n|-heal|p2a: Tentacruel|24\/100|[from] ability: Rain Dish\n|upkeep\n|turn|17\n|\n|t:|1660601807\n|switch|p2a: Ferrothorn|Ferrothorn, F, shiny|100\/100\n|move|p1a: She's Got Soul|Psyshock|p2a: Ferrothorn\n|-resisted|p2a: Ferrothorn\n|-damage|p2a: Ferrothorn|79\/100\n|\n|-weather|RainDance|[upkeep]\n|-heal|p2a: Ferrothorn|85\/100|[from] item: Leftovers\n|upkeep\n|turn|18\n|inactive|Skysolo \u2764 has 270 seconds left.\n|\n|t:|1660601827\n|switch|p1a: Float On|Genesect|100\/100\n|-ability|p1a: Float On|Download|boost\n|-boost|p1a: Float On|atk|1\n|move|p2a: Ferrothorn|Leech Seed|p1a: Float On\n|-start|p1a: Float On|move: Leech Seed\n|\n|-weather|RainDance|[upkeep]\n|-heal|p2a: Ferrothorn|91\/100|[from] item: Leftovers\n|-damage|p1a: Float On|88\/100|[from] Leech Seed|[of] p2a: Ferrothorn\n|-heal|p2a: Ferrothorn|100\/100|[silent]\n|upkeep\n|turn|19\n|inactive|Skysolo \u2764 has 270 seconds left.\n|\n|t:|1660601839\n|move|p1a: Float On|U-turn|p2a: Ferrothorn\n|-damage|p2a: Ferrothorn|59\/100\n|-damage|p1a: Float On|76\/100|[from] ability: Iron Barbs|[of] p2a: Ferrothorn\n|\n|t:|1660601844\n|switch|p1a: Braveheart|Arceus-Fighting|100\/100|[from]move: U-turn\n|-status|p1a: Braveheart|psn\n|move|p2a: Ferrothorn|Stealth Rock|p1a: Braveheart\n|-sidestart|p1: March Fires|move: Stealth Rock\n|\n|-weather|RainDance|[upkeep]\n|-heal|p2a: Ferrothorn|65\/100|[from] item: Leftovers\n|-damage|p1a: Braveheart|88\/100 psn|[from] psn\n|upkeep\n|turn|20\n|inactive|Skysolo \u2764 has 270 seconds left.\n|\n|t:|1660601857\n|switch|p2a: Giratina|Giratina-Origin, shiny|49\/100\n|move|p1a: Braveheart|Judgment|p2a: Giratina\n|-immune|p2a: Giratina\n|\n|-weather|RainDance|[upkeep]\n|-damage|p1a: Braveheart|76\/100 psn|[from] psn\n|upkeep\n|turn|21\n|\n|t:|1660601865\n|switch|p2a: Kyogre|Kyogre|55\/100\n|move|p1a: Braveheart|Ice Beam|p2a: Kyogre\n|-resisted|p2a: Kyogre\n|-damage|p2a: Kyogre|47\/100\n|\n|-weather|RainDance|[upkeep]\n|-heal|p2a: Kyogre|54\/100|[from] item: Leftovers\n|-damage|p1a: Braveheart|63\/100 psn|[from] psn\n|upkeep\n|turn|22\n|\n|t:|1660601884\n|switch|p1a: Until The Ending|Dialga|77\/100\n|-damage|p1a: Until The Ending|71\/100|[from] Stealth Rock\n|-ability|p1a: Until The Ending|Pressure\n|move|p2a: Kyogre|Scald|p1a: Until The Ending\n|-resisted|p1a: Until The Ending\n|-damage|p1a: Until The Ending|50\/100\n|-status|p1a: Until The Ending|brn\n|-enditem|p1a: Until The Ending|Lum Berry|[eat]\n|-curestatus|p1a: Until The Ending|brn|[msg]\n|\n|-weather|RainDance|[upkeep]\n|-heal|p2a: Kyogre|60\/100|[from] item: Leftovers\n|upkeep\n|turn|23\n|\n|t:|1660601896\n|move|p2a: Kyogre|Scald|p1a: Until The Ending\n|-resisted|p1a: Until The Ending\n|-damage|p1a: Until The Ending|30\/100\n|move|p1a: Until The Ending|Stealth Rock|p2a: Kyogre\n|-sidestart|p2: Skysolo \u2764|move: Stealth Rock\n|\n|-weather|RainDance|[upkeep]\n|-heal|p2a: Kyogre|66\/100|[from] item: Leftovers\n|upkeep\n|turn|24\n|\n|t:|1660601904\n|move|p2a: Kyogre|Scald|p1a: Until The Ending\n|-resisted|p1a: Until The Ending\n|-damage|p1a: Until The Ending|11\/100\n|move|p1a: Until The Ending|Draco Meteor|p2a: Kyogre\n|-damage|p2a: Kyogre|24\/100\n|-unboost|p1a: Until The Ending|spa|2\n|\n|-weather|RainDance|[upkeep]\n|-heal|p2a: Kyogre|30\/100|[from] item: Leftovers\n|upkeep\n|turn|25\n|\n|t:|1660601918\n|switch|p1a: She's Got Soul|Latias, F|94\/100\n|-damage|p1a: She's Got Soul|81\/100|[from] Stealth Rock\n|move|p2a: Kyogre|Rest|p2a: Kyogre\n|-status|p2a: Kyogre|slp|[from] move: Rest\n|-heal|p2a: Kyogre|100\/100 slp|[silent]\n|\n|-weather|RainDance|[upkeep]\n|upkeep\n|turn|26\n|\n|t:|1660601935\n|switch|p2a: Ferrothorn|Ferrothorn, F, shiny|65\/100\n|-damage|p2a: Ferrothorn|59\/100|[from] Stealth Rock\n|move|p1a: She's Got Soul|Psyshock|p2a: Ferrothorn\n|-resisted|p2a: Ferrothorn\n|-damage|p2a: Ferrothorn|39\/100\n|\n|-weather|RainDance|[upkeep]\n|-heal|p2a: Ferrothorn|45\/100|[from] item: Leftovers\n|upkeep\n|turn|27\n|inactive|March Fires has 240 seconds left.\n|\n|t:|1660601948\n|switch|p1a: Until The Ending|Dialga|11\/100\n|-damage|p1a: Until The Ending|5\/100|[from] Stealth Rock\n|-ability|p1a: Until The Ending|Pressure\n|move|p2a: Ferrothorn|Gyro Ball|p1a: Until The Ending\n|-resisted|p1a: Until The Ending\n|-damage|p1a: Until The Ending|0 fnt\n|faint|p1a: Until The Ending\n|\n|-weather|RainDance|[upkeep]\n|-heal|p2a: Ferrothorn|51\/100|[from] item: Leftovers\n|upkeep\n|\n|t:|1660601963\n|switch|p1a: Braveheart|Arceus-Fighting|63\/100 psn\n|-damage|p1a: Braveheart|57\/100 psn|[from] Stealth Rock\n|turn|28\n|\n|t:|1660601973\n|switch|p2a: Kyogre|Kyogre|100\/100 slp\n|-damage|p2a: Kyogre|88\/100 slp|[from] Stealth Rock\n|move|p1a: Braveheart|Judgment|p2a: Kyogre\n|-damage|p2a: Kyogre|61\/100 slp\n|\n|-weather|RainDance|[upkeep]\n|-heal|p2a: Kyogre|67\/100 slp|[from] item: Leftovers\n|-damage|p1a: Braveheart|45\/100 psn|[from] psn\n|upkeep\n|turn|29\n|inactive|March Fires has 240 seconds left.\n|\n|t:|1660601982\n|move|p1a: Braveheart|Recover|p1a: Braveheart\n|-heal|p1a: Braveheart|95\/100 psn\n|cant|p2a: Kyogre|slp\n|move|p2a: Kyogre|Sleep Talk|p2a: Kyogre\n|move|p2a: Kyogre|Rest||[from]move: Sleep Talk|[still]\n|-fail|p2a: Kyogre\n|\n|-weather|RainDance|[upkeep]\n|-heal|p2a: Kyogre|73\/100 slp|[from] item: Leftovers\n|-damage|p1a: Braveheart|83\/100 psn|[from] psn\n|upkeep\n|turn|30\n|\n|t:|1660601991\n|move|p1a: Braveheart|Thunder|p2a: Kyogre\n|-supereffective|p2a: Kyogre\n|-damage|p2a: Kyogre|32\/100 slp\n|cant|p2a: Kyogre|slp\n|move|p2a: Kyogre|Sleep Talk|p2a: Kyogre\n|move|p2a: Kyogre|Rest||[from]move: Sleep Talk|[still]\n|-fail|p2a: Kyogre\n|\n|-weather|RainDance|[upkeep]\n|-heal|p2a: Kyogre|38\/100 slp|[from] item: Leftovers\n|-damage|p1a: Braveheart|70\/100 psn|[from] psn\n|upkeep\n|turn|31\n|\n|t:|1660602012\n|move|p1a: Braveheart|Thunder|p2a: Kyogre\n|-supereffective|p2a: Kyogre\n|-damage|p2a: Kyogre|0 fnt\n|faint|p2a: Kyogre\n|\n|-weather|RainDance|[upkeep]\n|-damage|p1a: Braveheart|58\/100 psn|[from] psn\n|upkeep\n|\n|t:|1660602022\n|switch|p2a: Shaymin|Shaymin-Sky, shiny|100\/100\n|-damage|p2a: Shaymin|76\/100|[from] Stealth Rock\n|turn|32\n|inactive|March Fires has 240 seconds left.\n|\n|t:|1660602064\n|move|p2a: Shaymin|Air Slash|p1a: Braveheart\n|-supereffective|p1a: Braveheart\n|-damage|p1a: Braveheart|5\/100 psn\n|cant|p1a: Braveheart|flinch\n|\n|-weather|RainDance|[upkeep]\n|-heal|p2a: Shaymin|82\/100|[from] item: Leftovers\n|-damage|p1a: Braveheart|0 fnt|[from] psn\n|faint|p1a: Braveheart\n|upkeep\n|\n|t:|1660602071\n|switch|p1a: Float On|Genesect|76\/100\n|-damage|p1a: Float On|63\/100|[from] Stealth Rock\n|-ability|p1a: Float On|Download|boost\n|-boost|p1a: Float On|spa|1\n|turn|33\n|\n|t:|1660602083\n|switch|p2a: Tentacruel|Tentacruel, F, shiny|24\/100\n|-damage|p2a: Tentacruel|12\/100|[from] Stealth Rock\n|move|p1a: Float On|Thunder|p2a: Tentacruel\n|-supereffective|p2a: Tentacruel\n|-damage|p2a: Tentacruel|0 fnt\n|faint|p2a: Tentacruel\n|\n|-weather|RainDance|[upkeep]\n|upkeep\n|inactive|Skysolo \u2764 has 270 seconds left.\n|\n|t:|1660602119\n|switch|p2a: Giratina|Giratina-Origin, shiny|49\/100\n|-damage|p2a: Giratina|36\/100|[from] Stealth Rock\n|turn|34\n|\n|t:|1660602143\n|move|p1a: Float On|Thunder|p2a: Giratina\n|-resisted|p2a: Giratina\n|-crit|p2a: Giratina\n|-damage|p2a: Giratina|2\/100\n|move|p2a: Giratina|Aqua Tail|p1a: Float On\n|-damage|p1a: Float On|2\/100\n|\n|-weather|RainDance|[upkeep]\n|upkeep\n|turn|35\n|inactive|March Fires has 240 seconds left.\n|\n|t:|1660602151\n|move|p2a: Giratina|Shadow Sneak|p1a: Float On\n|-resisted|p1a: Float On\n|-damage|p1a: Float On|0 fnt\n|faint|p1a: Float On\n|\n|-weather|RainDance|[upkeep]\n|upkeep\n|\n|t:|1660602155\n|switch|p1a: In Spirit|Kyogre|100\/100\n|-status|p1a: In Spirit|psn\n|-damage|p1a: In Spirit|88\/100 psn|[from] Stealth Rock\n|turn|36\n|\n|t:|1660602163\n|move|p2a: Giratina|Shadow Sneak|p1a: In Spirit\n|-damage|p1a: In Spirit|64\/100 psn\n|move|p1a: In Spirit|Ice Beam|p2a: Giratina\n|-supereffective|p2a: Giratina\n|-damage|p2a: Giratina|0 fnt\n|faint|p2a: Giratina\n|\n|-weather|RainDance|[upkeep]\n|-damage|p1a: In Spirit|52\/100 psn|[from] psn\n|upkeep\n|\n|t:|1660602176\n|switch|p2a: Ferrothorn|Ferrothorn, F, shiny|51\/100\n|-damage|p2a: Ferrothorn|45\/100|[from] Stealth Rock\n|turn|37\n|\n|t:|1660602185\n|move|p1a: In Spirit|Hydro Pump|p2a: Ferrothorn\n|-resisted|p2a: Ferrothorn\n|-damage|p2a: Ferrothorn|12\/100\n|move|p2a: Ferrothorn|Gyro Ball|p1a: In Spirit\n|-resisted|p1a: In Spirit\n|-damage|p1a: In Spirit|28\/100 psn\n|\n|-weather|RainDance|[upkeep]\n|-heal|p2a: Ferrothorn|18\/100|[from] item: Leftovers\n|-damage|p1a: In Spirit|16\/100 psn|[from] psn\n|upkeep\n|turn|38\n|inactive|March Fires has 270 seconds left.\n|inactive|Skysolo \u2764 has 270 seconds left.\n|-enditem|p1a: In Spirit|Custap Berry|[eat]\n|-activate|p1a: In Spirit|item: Custap Berry|[consumed]\n|\n|t:|1660602206\n|move|p1a: In Spirit|Ice Beam|p2a: Ferrothorn\n|-damage|p2a: Ferrothorn|0 fnt\n|faint|p2a: Ferrothorn\n|\n|-weather|RainDance|[upkeep]\n|-damage|p1a: In Spirit|3\/100 psn|[from] psn\n|upkeep\n|inactive|Skysolo \u2764 has 270 seconds left.\n|\n|t:|1660602213\n|switch|p2a: Arceus|Arceus-Electric|100\/100\n|-damage|p2a: Arceus|88\/100|[from] Stealth Rock\n|turn|39\n|\n|t:|1660602217\n|move|p2a: Arceus|Thunder|p1a: In Spirit\n|-supereffective|p1a: In Spirit\n|-damage|p1a: In Spirit|0 fnt\n|faint|p1a: In Spirit\n|\n|-weather|RainDance|[upkeep]\n|upkeep\n|inactive|March Fires has 270 seconds left.\n|\n|t:|1660602222\n|switch|p1a: She's Got Soul|Latias, F|81\/100\n|-damage|p1a: She's Got Soul|69\/100|[from] Stealth Rock\n|turn|40\n|\n|t:|1660602226\n|move|p2a: Arceus|Calm Mind|p2a: Arceus\n|-boost|p2a: Arceus|spa|1\n|-boost|p2a: Arceus|spd|1\n|move|p1a: She's Got Soul|Calm Mind|p1a: She's Got Soul\n|-boost|p1a: She's Got Soul|spa|1\n|-boost|p1a: She's Got Soul|spd|1\n|\n|-weather|RainDance|[upkeep]\n|upkeep\n|turn|41\n|\n|t:|1660602234\n|move|p2a: Arceus|Calm Mind|p2a: Arceus\n|-boost|p2a: Arceus|spa|1\n|-boost|p2a: Arceus|spd|1\n|move|p1a: She's Got Soul|Calm Mind|p1a: She's Got Soul\n|-boost|p1a: She's Got Soul|spa|1\n|-boost|p1a: She's Got Soul|spd|1\n|\n|-weather|RainDance|[upkeep]\n|upkeep\n|turn|42\n|\n|t:|1660602241\n|move|p2a: Arceus|Thunder|p1a: She's Got Soul\n|-resisted|p1a: She's Got Soul\n|-damage|p1a: She's Got Soul|53\/100\n|move|p1a: She's Got Soul|Calm Mind|p1a: She's Got Soul\n|-boost|p1a: She's Got Soul|spa|1\n|-boost|p1a: She's Got Soul|spd|1\n|\n|-weather|RainDance|[upkeep]\n|upkeep\n|turn|43\n|\n|t:|1660602251\n|move|p2a: Arceus|Thunder|p1a: She's Got Soul\n|-resisted|p1a: She's Got Soul\n|-damage|p1a: She's Got Soul|39\/100\n|move|p1a: She's Got Soul|Psyshock|p2a: Arceus\n|-damage|p2a: Arceus|0 fnt\n|faint|p2a: Arceus\n|\n|-weather|RainDance|[upkeep]\n|upkeep\n|\n|t:|1660602262\n|switch|p2a: Shaymin|Shaymin-Sky, shiny|82\/100\n|-damage|p2a: Shaymin|57\/100|[from] Stealth Rock\n|turn|44\n|\n|t:|1660602266\n|move|p2a: Shaymin|Air Slash|p1a: She's Got Soul\n|-damage|p1a: She's Got Soul|30\/100\n|cant|p1a: She's Got Soul|flinch\n|\n|-weather|RainDance|[upkeep]\n|-heal|p2a: Shaymin|63\/100|[from] item: Leftovers\n|upkeep\n|turn|45\n|\n|t:|1660602272\n|move|p2a: Shaymin|Air Slash|p1a: She's Got Soul\n|-damage|p1a: She's Got Soul|21\/100\n|cant|p1a: She's Got Soul|flinch\n|\n|-weather|RainDance|[upkeep]\n|-heal|p2a: Shaymin|69\/100|[from] item: Leftovers\n|upkeep\n|turn|46\n|c|+fatfighter2|1\n|c|+marsandback|2\n|c|+fatfighter2|2\n|\n|t:|1660602278\n|move|p2a: Shaymin|Air Slash|p1a: She's Got Soul\n|-damage|p1a: She's Got Soul|12\/100\n|cant|p1a: She's Got Soul|flinch\n|\n|-weather|RainDance|[upkeep]\n|-heal|p2a: Shaymin|75\/100|[from] item: Leftovers\n|upkeep\n|turn|47\n|c|+fatfighter2|3\n|c|+marsandback|pls\n|\n|t:|1660602284\n|move|p2a: Shaymin|Air Slash|p1a: She's Got Soul\n|-damage|p1a: She's Got Soul|3\/100\n|cant|p1a: She's Got Soul|flinch\n|\n|-weather|RainDance|[upkeep]\n|-heal|p2a: Shaymin|81\/100|[from] item: Leftovers\n|upkeep\n|turn|48\n|c|+marsandback|YES\n|\n|t:|1660602290\n|move|p2a: Shaymin|Air Slash|p1a: She's Got Soul\n|-damage|p1a: She's Got Soul|0 fnt\n|faint|p1a: She's Got Soul\n|\n|win|Skysolo \u2764\n|c|\u2606March Fires|gg\n|c|\u2606Skysolo \u2764|gg\n","uploadtime":1660602291,"views":230,"p1id":"marchfires","p2id":"skysolo","formatid":"gen5ubers","rating":0,"private":0,"password":null}