{"id":"smogtours-gen4ou-647843","p1":"Mimikyu Stardust","p2":"gilbert arenas(","format":"gen4ou","log":"|inactive|Battle timer is ON: inactive players will automatically lose when time's up.\n|t:|1662914535\n|gametype|singles\n|player|p1|Mimikyu Stardust|#mimikyustardust|\n|player|p2|gilbert arenas(|#splxiiityrants|\n|teamsize|p1|6\n|teamsize|p2|6\n|gen|4\n|tier|[Gen 4] OU\n|rule|Sleep Clause Mod: Limit one foe put to sleep\n|rule|Species Clause: Limit one of each Pok\u00e9mon\n|rule|OHKO Clause: OHKO moves are banned\n|rule|Evasion Items Clause: Evasion items are banned\n|rule|Evasion Moves Clause: Evasion moves are banned\n|rule|Endless Battle Clause: Forcing endless battles is banned\n|rule|HP Percentage Mod: HP is shown in percentages\n|rule|Freeze Clause Mod: Limit one foe frozen\n|\n|t:|1662914535\n|start\n|switch|p1a: Cow Mangler|Camerupt, M|100\/100\n|switch|p2a: Hippowdon|Hippowdon, F|100\/100\n|-weather|Sandstorm|[from] ability: Sand Stream|[of] p2a: Hippowdon\n|turn|1\n|\n|t:|1662914544\n|move|p1a: Cow Mangler|Stealth Rock|p2a: Hippowdon\n|-sidestart|p2: gilbert arenas(|move: Stealth Rock\n|move|p2a: Hippowdon|Stealth Rock|p1a: Cow Mangler\n|-sidestart|p1: Mimikyu Stardust|move: Stealth Rock\n|\n|-weather|Sandstorm|[upkeep]\n|upkeep\n|turn|2\n|c|\u2606Mimikyu Stardust|hf\n|\n|t:|1662914549\n|switch|p2a: Gyarados|Gyarados, F|100\/100\n|-damage|p2a: Gyarados|76\/100|[from] Stealth Rock\n|-ability|p2a: Gyarados|Intimidate|boost\n|-unboost|p1a: Cow Mangler|atk|1\n|move|p1a: Cow Mangler|Fire Blast|p2a: Gyarados\n|-resisted|p2a: Gyarados\n|-damage|p2a: Gyarados|53\/100\n|\n|-weather|Sandstorm|[upkeep]\n|-damage|p2a: Gyarados|47\/100|[from] Sandstorm\n|-heal|p2a: Gyarados|53\/100|[from] item: Leftovers\n|upkeep\n|turn|3\n|\n|t:|1662914560\n|move|p2a: Gyarados|Waterfall|p1a: Cow Mangler\n|-supereffective|p1a: Cow Mangler\n|-damage|p1a: Cow Mangler|0 fnt\n|faint|p1a: Cow Mangler\n|\n|-weather|Sandstorm|[upkeep]\n|-damage|p2a: Gyarados|47\/100|[from] Sandstorm\n|-heal|p2a: Gyarados|53\/100|[from] item: Leftovers\n|upkeep\n|\n|t:|1662914563\n|switch|p1a: SONIC|Shaymin, shiny|100\/100\n|-damage|p1a: SONIC|88\/100|[from] Stealth Rock\n|turn|4\n|\n|t:|1662914567\n|move|p1a: SONIC|Seed Flare|p2a: Gyarados\n|-damage|p2a: Gyarados|2\/100\n|-damage|p1a: SONIC|78\/100|[from] item: Life Orb\n|move|p2a: Gyarados|Roar|p1a: SONIC\n|drag|p1a: Gengar|Gengar, M|100\/100\n|-damage|p1a: Gengar|88\/100|[from] Stealth Rock\n|\n|-weather|Sandstorm|[upkeep]\n|-damage|p1a: Gengar|82\/100|[from] Sandstorm\n|-damage|p2a: Gyarados|0 fnt|[from] Sandstorm\n|faint|p2a: Gyarados\n|upkeep\n|\n|t:|1662914575\n|switch|p2a: Forretress|Forretress, F|100\/100\n|-damage|p2a: Forretress|88\/100|[from] Stealth Rock\n|turn|5\n|\n|t:|1662914579\n|move|p1a: Gengar|Substitute|p1a: Gengar\n|-start|p1a: Gengar|Substitute\n|-damage|p1a: Gengar|57\/100\n|move|p2a: Forretress|Payback|p1a: Gengar\n|-supereffective|p1a: Gengar\n|-end|p1a: Gengar|Substitute\n|\n|-weather|Sandstorm|[upkeep]\n|-damage|p1a: Gengar|51\/100|[from] Sandstorm\n|-heal|p2a: Forretress|94\/100|[from] item: Leftovers\n|upkeep\n|turn|6\n|\n|t:|1662914585\n|switch|p1a: Godzilla|Tyranitar, F|100\/100\n|-damage|p1a: Godzilla|88\/100|[from] Stealth Rock\n|move|p2a: Forretress|Payback|p1a: Godzilla\n|-resisted|p1a: Godzilla\n|-damage|p1a: Godzilla|77\/100\n|\n|-weather|Sandstorm|[upkeep]\n|-heal|p2a: Forretress|100\/100|[from] item: Leftovers\n|upkeep\n|turn|7\n|\n|t:|1662914588\n|switch|p2a: Hippowdon|Hippowdon, F|100\/100\n|-damage|p2a: Hippowdon|94\/100|[from] Stealth Rock\n|move|p1a: Godzilla|Fire Blast|p2a: Hippowdon\n|-crit|p2a: Hippowdon\n|-damage|p2a: Hippowdon|50\/100\n|\n|-weather|Sandstorm|[upkeep]\n|-heal|p2a: Hippowdon|56\/100|[from] item: Leftovers\n|upkeep\n|turn|8\n|\n|t:|1662914592\n|switch|p1a: SONIC|Shaymin, shiny|78\/100\n|-damage|p1a: SONIC|66\/100|[from] Stealth Rock\n|move|p2a: Hippowdon|Slack Off|p2a: Hippowdon\n|-heal|p2a: Hippowdon|100\/100\n|\n|-weather|Sandstorm|[upkeep]\n|-damage|p1a: SONIC|60\/100|[from] Sandstorm\n|upkeep\n|turn|9\n|\n|t:|1662914594\n|switch|p2a: Forretress|Forretress, F|100\/100\n|-damage|p2a: Forretress|88\/100|[from] Stealth Rock\n|move|p1a: SONIC|Seed Flare|p2a: Forretress\n|-resisted|p2a: Forretress\n|-damage|p2a: Forretress|72\/100\n|-unboost|p2a: Forretress|spd|2\n|-damage|p1a: SONIC|50\/100|[from] item: Life Orb\n|\n|-weather|Sandstorm|[upkeep]\n|-damage|p1a: SONIC|44\/100|[from] Sandstorm\n|-heal|p2a: Forretress|78\/100|[from] item: Leftovers\n|upkeep\n|turn|10\n|\n|t:|1662914597\n|switch|p2a: Clefable|Clefable, M|100\/100\n|move|p1a: SONIC|Hidden Power|p2a: Clefable\n|-damage|p2a: Clefable|83\/100\n|-damage|p1a: SONIC|34\/100|[from] item: Life Orb\n|\n|-weather|Sandstorm|[upkeep]\n|-damage|p1a: SONIC|27\/100|[from] Sandstorm\n|-heal|p2a: Clefable|89\/100|[from] item: Leftovers\n|upkeep\n|turn|11\n|\n|t:|1662914601\n|move|p1a: SONIC|Rest|p1a: SONIC\n|-status|p1a: SONIC|slp|[from] move: Rest\n|-heal|p1a: SONIC|100\/100 slp|[silent]\n|move|p2a: Clefable|Seismic Toss|p1a: SONIC\n|-damage|p1a: SONIC|71\/100 slp\n|\n|-weather|Sandstorm|[upkeep]\n|-damage|p1a: SONIC|65\/100 slp|[from] Sandstorm\n|-heal|p2a: Clefable|95\/100|[from] item: Leftovers\n|upkeep\n|turn|12\n|\n|t:|1662914605\n|-curestatus|p1a: SONIC|slp|[from] ability: Natural Cure\n|switch|p1a: Gengar|Gengar, M|51\/100\n|-damage|p1a: Gengar|39\/100|[from] Stealth Rock\n|switch|p2a: Forretress|Forretress, F|78\/100\n|-damage|p2a: Forretress|66\/100|[from] Stealth Rock\n|\n|-weather|Sandstorm|[upkeep]\n|-damage|p1a: Gengar|33\/100|[from] Sandstorm\n|-heal|p2a: Forretress|72\/100|[from] item: Leftovers\n|upkeep\n|turn|13\n|\n|t:|1662914610\n|move|p1a: Gengar|Pain Split|p2a: Forretress\n|-sethp|p2a: Forretress|48\/100|[from] move: Pain Split|[silent]\n|-sethp|p1a: Gengar|65\/100|[from] move: Pain Split\n|move|p2a: Forretress|Payback|p1a: Gengar\n|-supereffective|p1a: Gengar\n|-crit|p1a: Gengar\n|-damage|p1a: Gengar|0 fnt\n|faint|p1a: Gengar\n|\n|-weather|Sandstorm|[upkeep]\n|-heal|p2a: Forretress|54\/100|[from] item: Leftovers\n|upkeep\n|\n|t:|1662914613\n|switch|p1a: Godzilla|Tyranitar, F|77\/100\n|-damage|p1a: Godzilla|65\/100|[from] Stealth Rock\n|turn|14\n|\n|t:|1662914616\n|switch|p1a: SONIC|Shaymin, shiny|65\/100\n|-damage|p1a: SONIC|53\/100|[from] Stealth Rock\n|switch|p2a: Hippowdon|Hippowdon, F|100\/100\n|-damage|p2a: Hippowdon|94\/100|[from] Stealth Rock\n|\n|-weather|Sandstorm|[upkeep]\n|-damage|p1a: SONIC|47\/100|[from] Sandstorm\n|-heal|p2a: Hippowdon|100\/100|[from] item: Leftovers\n|upkeep\n|turn|15\n|\n|t:|1662914622\n|switch|p2a: Heatran|Heatran, F|100\/100\n|-damage|p2a: Heatran|88\/100|[from] Stealth Rock\n|move|p1a: SONIC|Seed Flare|p2a: Heatran\n|-resisted|p2a: Heatran\n|-damage|p2a: Heatran|70\/100\n|-damage|p1a: SONIC|37\/100|[from] item: Life Orb\n|\n|-weather|Sandstorm|[upkeep]\n|-damage|p1a: SONIC|30\/100|[from] Sandstorm\n|-heal|p2a: Heatran|77\/100|[from] item: Leftovers\n|upkeep\n|turn|16\n|\n|t:|1662914625\n|switch|p2a: Cresselia|Cresselia, F|100\/100\n|-damage|p2a: Cresselia|88\/100|[from] Stealth Rock\n|move|p1a: SONIC|Earth Power|p2a: Cresselia\n|-immune|p2a: Cresselia|[from] ability: Levitate\n|\n|-weather|Sandstorm|[upkeep]\n|-damage|p1a: SONIC|24\/100|[from] Sandstorm\n|-damage|p2a: Cresselia|82\/100|[from] Sandstorm\n|-heal|p2a: Cresselia|88\/100|[from] item: Leftovers\n|upkeep\n|turn|17\n|\n|t:|1662914628\n|move|p1a: SONIC|Rest|p1a: SONIC\n|-status|p1a: SONIC|slp|[from] move: Rest\n|-heal|p1a: SONIC|100\/100 slp|[silent]\n|move|p2a: Cresselia|Ice Beam|p1a: SONIC\n|-supereffective|p1a: SONIC\n|-damage|p1a: SONIC|66\/100 slp\n|\n|-weather|Sandstorm|[upkeep]\n|-damage|p1a: SONIC|60\/100 slp|[from] Sandstorm\n|-damage|p2a: Cresselia|82\/100|[from] Sandstorm\n|-heal|p2a: Cresselia|88\/100|[from] item: Leftovers\n|upkeep\n|turn|18\n|\n|t:|1662914640\n|-curestatus|p1a: SONIC|slp|[from] ability: Natural Cure\n|switch|p1a: Professor X|Metagross|100\/100\n|-damage|p1a: Professor X|94\/100|[from] Stealth Rock\n|switch|p2a: Hippowdon|Hippowdon, F|100\/100\n|-damage|p2a: Hippowdon|94\/100|[from] Stealth Rock\n|\n|-weather|Sandstorm|[upkeep]\n|-heal|p2a: Hippowdon|100\/100|[from] item: Leftovers\n|upkeep\n|turn|19\n|\n|t:|1662914655\n|switch|p1a: SONIC|Shaymin, shiny|60\/100\n|-damage|p1a: SONIC|47\/100|[from] Stealth Rock\n|move|p2a: Hippowdon|Earthquake|p1a: SONIC\n|-resisted|p1a: SONIC\n|-damage|p1a: SONIC|27\/100\n|\n|-weather|Sandstorm|[upkeep]\n|-damage|p1a: SONIC|21\/100|[from] Sandstorm\n|upkeep\n|turn|20\n|\n|t:|1662914665\n|switch|p2a: Forretress|Forretress, F|54\/100\n|-damage|p2a: Forretress|42\/100|[from] Stealth Rock\n|move|p1a: SONIC|Rest|p1a: SONIC\n|-status|p1a: SONIC|slp|[from] move: Rest\n|-heal|p1a: SONIC|100\/100 slp|[silent]\n|\n|-weather|Sandstorm|[upkeep]\n|-damage|p1a: SONIC|94\/100 slp|[from] Sandstorm\n|-heal|p2a: Forretress|48\/100|[from] item: Leftovers\n|upkeep\n|turn|21\n|\n|t:|1662914671\n|-curestatus|p1a: SONIC|slp|[from] ability: Natural Cure\n|switch|p1a: Godzilla|Tyranitar, F|65\/100\n|-damage|p1a: Godzilla|52\/100|[from] Stealth Rock\n|move|p2a: Forretress|Rapid Spin|p1a: Godzilla\n|-resisted|p1a: Godzilla\n|-damage|p1a: Godzilla|50\/100\n|-sideend|p2: gilbert arenas(|Stealth Rock|[from] move: Rapid Spin|[of] p2a: Forretress\n|\n|-weather|Sandstorm|[upkeep]\n|-heal|p2a: Forretress|54\/100|[from] item: Leftovers\n|upkeep\n|turn|22\n|\n|t:|1662914676\n|switch|p1a: SONIC|Shaymin, shiny|94\/100\n|-damage|p1a: SONIC|82\/100|[from] Stealth Rock\n|switch|p2a: Hippowdon|Hippowdon, F|100\/100\n|\n|-weather|Sandstorm|[upkeep]\n|-damage|p1a: SONIC|76\/100|[from] Sandstorm\n|upkeep\n|turn|23\n|\n|t:|1662914680\n|switch|p2a: Clefable|Clefable, M|95\/100\n|move|p1a: SONIC|Seed Flare|p2a: Clefable\n|-damage|p2a: Clefable|50\/100\n|-damage|p1a: SONIC|66\/100|[from] item: Life Orb\n|\n|-weather|Sandstorm|[upkeep]\n|-damage|p1a: SONIC|60\/100|[from] Sandstorm\n|-heal|p2a: Clefable|56\/100|[from] item: Leftovers\n|upkeep\n|turn|24\n|\n|t:|1662914684\n|move|p1a: SONIC|Seed Flare|p2a: Clefable\n|-damage|p2a: Clefable|7\/100\n|-damage|p1a: SONIC|50\/100|[from] item: Life Orb\n|move|p2a: Clefable|Soft-Boiled|p2a: Clefable\n|-heal|p2a: Clefable|57\/100\n|\n|-weather|Sandstorm|[upkeep]\n|-damage|p1a: SONIC|44\/100|[from] Sandstorm\n|-heal|p2a: Clefable|63\/100|[from] item: Leftovers\n|upkeep\n|turn|25\n|\n|t:|1662914692\n|switch|p1a: Professor X|Metagross|94\/100\n|-damage|p1a: Professor X|88\/100|[from] Stealth Rock\n|move|p2a: Clefable|Soft-Boiled|p2a: Clefable\n|-heal|p2a: Clefable|100\/100\n|\n|-weather|Sandstorm|[upkeep]\n|upkeep\n|turn|26\n|\n|t:|1662914697\n|switch|p2a: Hippowdon|Hippowdon, F|100\/100\n|move|p1a: Professor X|Stealth Rock|p2a: Hippowdon\n|-sidestart|p2: gilbert arenas(|move: Stealth Rock\n|\n|-weather|Sandstorm|[upkeep]\n|upkeep\n|turn|27\n|\n|t:|1662914704\n|switch|p1a: SONIC|Shaymin, shiny|44\/100\n|-damage|p1a: SONIC|31\/100|[from] Stealth Rock\n|move|p2a: Hippowdon|Earthquake|p1a: SONIC\n|-resisted|p1a: SONIC\n|-damage|p1a: SONIC|13\/100\n|\n|-weather|Sandstorm|[upkeep]\n|-damage|p1a: SONIC|7\/100|[from] Sandstorm\n|upkeep\n|turn|28\n|\n|t:|1662914707\n|switch|p2a: Forretress|Forretress, F|54\/100\n|-damage|p2a: Forretress|42\/100|[from] Stealth Rock\n|move|p1a: SONIC|Rest|p1a: SONIC\n|-status|p1a: SONIC|slp|[from] move: Rest\n|-heal|p1a: SONIC|100\/100 slp|[silent]\n|\n|-weather|Sandstorm|[upkeep]\n|-damage|p1a: SONIC|94\/100 slp|[from] Sandstorm\n|-heal|p2a: Forretress|48\/100|[from] item: Leftovers\n|upkeep\n|turn|29\n|\n|t:|1662914712\n|-curestatus|p1a: SONIC|slp|[from] ability: Natural Cure\n|switch|p1a: Professor X|Metagross|88\/100\n|-damage|p1a: Professor X|82\/100|[from] Stealth Rock\n|move|p2a: Forretress|Spikes|p1a: Professor X\n|-sidestart|p1: Mimikyu Stardust|Spikes\n|\n|-weather|Sandstorm|[upkeep]\n|-heal|p2a: Forretress|54\/100|[from] item: Leftovers\n|upkeep\n|turn|30\n|\n|t:|1662914720\n|move|p1a: Professor X|Earthquake|p2a: Forretress\n|-damage|p2a: Forretress|26\/100\n|move|p2a: Forretress|Rapid Spin|p1a: Professor X\n|-resisted|p1a: Professor X\n|-damage|p1a: Professor X|81\/100\n|-sideend|p2: gilbert arenas(|Stealth Rock|[from] move: Rapid Spin|[of] p2a: Forretress\n|\n|-weather|Sandstorm|[upkeep]\n|-heal|p2a: Forretress|33\/100|[from] item: Leftovers\n|upkeep\n|turn|31\n|\n|t:|1662914723\n|move|p1a: Professor X|Earthquake|p2a: Forretress\n|-damage|p2a: Forretress|4\/100\n|move|p2a: Forretress|Rest|p2a: Forretress\n|-status|p2a: Forretress|slp|[from] move: Rest\n|-heal|p2a: Forretress|100\/100 slp|[silent]\n|\n|-weather|Sandstorm|[upkeep]\n|upkeep\n|turn|32\n|\n|t:|1662914726\n|move|p1a: Professor X|Stealth Rock|p2a: Forretress\n|-sidestart|p2: gilbert arenas(|move: Stealth Rock\n|cant|p2a: Forretress|slp\n|\n|-weather|Sandstorm|[upkeep]\n|upkeep\n|turn|33\n|\n|t:|1662914741\n|switch|p1a: SONIC|Shaymin, shiny|94\/100\n|-damage|p1a: SONIC|82\/100|[from] Stealth Rock\n|-damage|p1a: SONIC|70\/100|[from] Spikes\n|cant|p2a: Forretress|slp\n|\n|-weather|Sandstorm|[upkeep]\n|-damage|p1a: SONIC|64\/100|[from] Sandstorm\n|upkeep\n|turn|34\n|\n|t:|1662914748\n|switch|p2a: Clefable|Clefable, M|100\/100\n|move|p1a: SONIC|Hidden Power|p2a: Clefable\n|-damage|p2a: Clefable|84\/100\n|-damage|p1a: SONIC|54\/100|[from] item: Life Orb\n|\n|-weather|Sandstorm|[upkeep]\n|-damage|p1a: SONIC|47\/100|[from] Sandstorm\n|-heal|p2a: Clefable|90\/100|[from] item: Leftovers\n|upkeep\n|turn|35\n|\n|t:|1662914754\n|switch|p1a: Professor X|Metagross|81\/100\n|-damage|p1a: Professor X|75\/100|[from] Stealth Rock\n|-damage|p1a: Professor X|62\/100|[from] Spikes\n|move|p2a: Clefable|Knock Off|p1a: Professor X\n|-damage|p1a: Professor X|60\/100\n|-enditem|p1a: Professor X|Shuca Berry|[from] move: Knock Off\n|-hint|In Gens 3-4, Knock Off only makes the target's item unusable; it cannot obtain a new item.\n|\n|-weather|Sandstorm|[upkeep]\n|-heal|p2a: Clefable|96\/100|[from] item: Leftovers\n|upkeep\n|turn|36\n|\n|t:|1662914757\n|switch|p1a: SONIC|Shaymin, shiny|47\/100\n|-damage|p1a: SONIC|35\/100|[from] Stealth Rock\n|-damage|p1a: SONIC|23\/100|[from] Spikes\n|switch|p2a: Forretress|Forretress, F|100\/100 slp\n|-damage|p2a: Forretress|88\/100 slp|[from] Stealth Rock\n|\n|-weather|Sandstorm|[upkeep]\n|-damage|p1a: SONIC|17\/100|[from] Sandstorm\n|-heal|p2a: Forretress|94\/100 slp|[from] item: Leftovers\n|upkeep\n|turn|37\n|\n|t:|1662914765\n|switch|p2a: Clefable|Clefable, M|96\/100\n|move|p1a: SONIC|Rest|p1a: SONIC\n|-status|p1a: SONIC|slp|[from] move: Rest\n|-heal|p1a: SONIC|100\/100 slp|[silent]\n|\n|-weather|Sandstorm|[upkeep]\n|-damage|p1a: SONIC|94\/100 slp|[from] Sandstorm\n|-heal|p2a: Clefable|100\/100|[from] item: Leftovers\n|upkeep\n|turn|38\n|\n|t:|1662914770\n|-curestatus|p1a: SONIC|slp|[from] ability: Natural Cure\n|switch|p1a: Professor X|Metagross|60\/100\n|-damage|p1a: Professor X|54\/100|[from] Stealth Rock\n|-damage|p1a: Professor X|41\/100|[from] Spikes\n|switch|p2a: Forretress|Forretress, F|94\/100 slp\n|-damage|p2a: Forretress|82\/100 slp|[from] Stealth Rock\n|\n|-weather|Sandstorm|[upkeep]\n|-heal|p2a: Forretress|88\/100 slp|[from] item: Leftovers\n|upkeep\n|turn|39\n|\n|t:|1662914773\n|move|p1a: Professor X|Explosion|p2a: Forretress\n|-resisted|p2a: Forretress\n|-damage|p2a: Forretress|16\/100 slp\n|faint|p1a: Professor X\n|-curestatus|p2a: Forretress|slp|[msg]\n|move|p2a: Forretress|Spikes|p1: Professor X\n|-sidestart|p1: Mimikyu Stardust|Spikes\n|\n|-weather|Sandstorm|[upkeep]\n|-heal|p2a: Forretress|22\/100|[from] item: Leftovers\n|upkeep\n|\n|t:|1662914781\n|switch|p1a: Godzilla|Tyranitar, F|50\/100\n|-damage|p1a: Godzilla|38\/100|[from] Stealth Rock\n|-damage|p1a: Godzilla|21\/100|[from] Spikes\n|turn|40\n|\n|t:|1662914788\n|switch|p2a: Hippowdon|Hippowdon, F|100\/100\n|-damage|p2a: Hippowdon|94\/100|[from] Stealth Rock\n|move|p1a: Godzilla|Fire Blast|p2a: Hippowdon\n|-damage|p2a: Hippowdon|72\/100\n|\n|-weather|Sandstorm|[upkeep]\n|-heal|p2a: Hippowdon|78\/100|[from] item: Leftovers\n|upkeep\n|turn|41\n|\n|t:|1662914794\n|move|p1a: Godzilla|Crunch|p2a: Hippowdon\n|-damage|p2a: Hippowdon|50\/100\n|move|p2a: Hippowdon|Slack Off|p2a: Hippowdon\n|-heal|p2a: Hippowdon|99\/100\n|\n|-weather|Sandstorm|[upkeep]\n|-heal|p2a: Hippowdon|100\/100|[from] item: Leftovers\n|upkeep\n|turn|42\n|\n|t:|1662914796\n|move|p1a: Godzilla|Crunch|p2a: Hippowdon\n|-crit|p2a: Hippowdon\n|-damage|p2a: Hippowdon|47\/100\n|-unboost|p2a: Hippowdon|def|1\n|move|p2a: Hippowdon|Earthquake|p1a: Godzilla\n|-supereffective|p1a: Godzilla\n|-damage|p1a: Godzilla|0 fnt\n|faint|p1a: Godzilla\n|\n|-weather|Sandstorm|[upkeep]\n|-heal|p2a: Hippowdon|53\/100|[from] item: Leftovers\n|upkeep\n|\n|t:|1662914800\n|switch|p1a: Aang|Flygon, M, shiny|100\/100\n|-damage|p1a: Aang|95\/100|[from] Stealth Rock\n|turn|43\n|\n|t:|1662914804\n|switch|p2a: Forretress|Forretress, F|22\/100\n|-damage|p2a: Forretress|10\/100|[from] Stealth Rock\n|move|p1a: Aang|U-turn|p2a: Forretress\n|-resisted|p2a: Forretress\n|-damage|p2a: Forretress|4\/100\n|\n|t:|1662914806\n|switch|p1a: SONIC|Shaymin, shiny|94\/100|[from]move: U-turn\n|-damage|p1a: SONIC|82\/100|[from] Stealth Rock\n|-damage|p1a: SONIC|66\/100|[from] Spikes\n|\n|-weather|Sandstorm|[upkeep]\n|-damage|p1a: SONIC|59\/100|[from] Sandstorm\n|-heal|p2a: Forretress|10\/100|[from] item: Leftovers\n|upkeep\n|turn|44\n|\n|t:|1662914809\n|move|p1a: SONIC|Seed Flare|p2a: Forretress\n|-resisted|p2a: Forretress\n|-crit|p2a: Forretress\n|-damage|p2a: Forretress|0 fnt\n|faint|p2a: Forretress\n|-damage|p1a: SONIC|49\/100|[from] item: Life Orb\n|\n|-weather|Sandstorm|[upkeep]\n|-damage|p1a: SONIC|43\/100|[from] Sandstorm\n|upkeep\n|\n|t:|1662914817\n|switch|p2a: Clefable|Clefable, M|100\/100\n|turn|45\n|\n|t:|1662914822\n|move|p1a: SONIC|Seed Flare|p2a: Clefable\n|-damage|p2a: Clefable|58\/100\n|-damage|p1a: SONIC|33\/100|[from] item: Life Orb\n|move|p2a: Clefable|Seismic Toss|p1a: SONIC\n|-damage|p1a: SONIC|4\/100\n|\n|-weather|Sandstorm|[upkeep]\n|-damage|p1a: SONIC|0 fnt|[from] Sandstorm\n|faint|p1a: SONIC\n|-heal|p2a: Clefable|64\/100|[from] item: Leftovers\n|upkeep\n|c|\u2606gilbert arenas(|gg\n|\n|t:|1662914825\n|switch|p1a: Aang|Flygon, M, shiny|95\/100\n|-damage|p1a: Aang|89\/100|[from] Stealth Rock\n|turn|46\n|\n|t:|1662914828\n|move|p1a: Aang|Draco Meteor|p2a: Clefable\n|-damage|p2a: Clefable|31\/100\n|-unboost|p1a: Aang|spa|2\n|move|p2a: Clefable|Seismic Toss|p1a: Aang\n|-damage|p1a: Aang|55\/100\n|\n|-weather|Sandstorm|[upkeep]\n|-heal|p2a: Clefable|37\/100|[from] item: Leftovers\n|upkeep\n|turn|47\n|c|\u2606Mimikyu Stardust|gg\n|-message|Mimikyu Stardust forfeited.\n|\n|win|gilbert arenas(\n","uploadtime":1662915061,"views":25,"p1id":"mimikyustardust","p2id":"gilbertarenas","formatid":"gen4ou","rating":0,"private":0,"password":null}