{"id":"smogtours-gen6ou-651829","p1":"Laroxyl","p2":"Abbehzt","format":"gen6ou","log":"|inactive|Battle timer is ON: inactive players will automatically lose when time's up.\n|t:|1664629974\n|gametype|singles\n|player|p1|Laroxyl|#scl1spartans|\n|player|p2|Abbehzt|ethan|\n|teamsize|p1|6\n|teamsize|p2|6\n|gen|6\n|tier|[Gen 6] OU\n|rule|Sleep Clause Mod: Limit one foe put to sleep\n|rule|Species Clause: Limit one of each Pok\u00e9mon\n|rule|OHKO Clause: OHKO moves are banned\n|rule|Moody Clause: Moody is banned\n|rule|Evasion Items Clause: Evasion items are banned\n|rule|Evasion Moves Clause: Evasion moves are banned\n|rule|Endless Battle Clause: Forcing endless battles is banned\n|rule|HP Percentage Mod: HP is shown in percentages\n|rule|Swagger Clause: Swagger is banned\n|clearpoke\n|poke|p1|Charizard, F|item\n|poke|p1|Weavile, M|item\n|poke|p1|Rotom-Wash|item\n|poke|p1|Excadrill, F|item\n|poke|p1|Tornadus-Therian, M|item\n|poke|p1|Clefable, F|item\n|poke|p2|Crawdaunt, M|item\n|poke|p2|Metagross|item\n|poke|p2|Rotom-Wash|item\n|poke|p2|Heatran, F|item\n|poke|p2|Excadrill, M|item\n|poke|p2|Tornadus-Therian, M|item\n|teampreview\n|inactive|Abbehzt also wants the timer to be on.\n|c|\u2606Abbehzt|Hf\n|\n|t:|1664630001\n|start\n|switch|p1a: Tornadus|Tornadus-Therian, M|100\/100\n|switch|p2a: Rotom|Rotom-Wash|100\/100\n|turn|1\n|c|\u2606Laroxyl|hf\n|\n|t:|1664630013\n|move|p1a: Tornadus|Knock Off|p2a: Rotom\n|-damage|p2a: Rotom|84\/100\n|-enditem|p2a: Rotom|Leftovers|[from] move: Knock Off|[of] p1a: Tornadus\n|move|p2a: Rotom|Will-O-Wisp|p1a: Tornadus|[miss]\n|-miss|p2a: Rotom|p1a: Tornadus\n|\n|upkeep\n|turn|2\n|\n|t:|1664630018\n|move|p1a: Tornadus|U-turn|p2a: Rotom\n|-damage|p2a: Rotom|72\/100\n|\n|t:|1664630020\n|switch|p1a: Clefable|Clefable, F|100\/100|[from]move: U-turn\n|move|p2a: Rotom|Will-O-Wisp|p1a: Clefable\n|-status|p1a: Clefable|brn\n|\n|upkeep\n|turn|3\n|\n|t:|1664630038\n|move|p2a: Rotom|Volt Switch|p1a: Clefable\n|-damage|p1a: Clefable|79\/100 brn\n|\n|t:|1664630042\n|switch|p2a: Excadrill|Excadrill, M|100\/100|[from]move: Volt Switch\n|-ability|p2a: Excadrill|Mold Breaker\n|move|p1a: Clefable|Stealth Rock|p2a: Excadrill\n|-sidestart|p2: Abbehzt|move: Stealth Rock\n|\n|-heal|p1a: Clefable|85\/100 brn|[from] item: Leftovers\n|upkeep\n|turn|4\n|\n|t:|1664630056\n|switch|p1a: Tornadus|Tornadus-Therian, M|100\/100\n|move|p2a: Excadrill|Earthquake|p1a: Tornadus\n|-immune|p1a: Tornadus\n|\n|upkeep\n|turn|5\n|inactive|Abbehzt has 270 seconds left.\n|\n|t:|1664630088\n|switch|p2a: Tornadus|Tornadus-Therian, M|100\/100\n|-damage|p2a: Tornadus|76\/100|[from] Stealth Rock\n|move|p1a: Tornadus|Knock Off|p2a: Tornadus\n|-damage|p2a: Tornadus|49\/100\n|-enditem|p2a: Tornadus|Assault Vest|[from] move: Knock Off|[of] p1a: Tornadus\n|\n|upkeep\n|turn|6\n|\n|t:|1664630093\n|move|p1a: Tornadus|Hurricane|p2a: Tornadus|[miss]\n|-miss|p1a: Tornadus|p2a: Tornadus\n|move|p2a: Tornadus|U-turn|p1a: Tornadus\n|-resisted|p1a: Tornadus\n|-damage|p1a: Tornadus|92\/100\n|\n|t:|1664630097\n|switch|p2a: Metagross|Metagross|100\/100|[from]move: U-turn\n|-damage|p2a: Metagross|95\/100|[from] Stealth Rock\n|\n|upkeep\n|turn|7\n|\n|t:|1664630110\n|detailschange|p2a: Metagross|Metagross-Mega\n|-mega|p2a: Metagross|Metagross|Metagrossite\n|move|p1a: Tornadus|U-turn|p2a: Metagross\n|-damage|p2a: Metagross|83\/100\n|\n|t:|1664630121\n|switch|p1a: Rotom|Rotom-Wash|100\/100|[from]move: U-turn\n|move|p2a: Metagross|Thunder Punch|p1a: Rotom\n|-damage|p1a: Rotom|70\/100\n|\n|-heal|p1a: Rotom|76\/100|[from] item: Leftovers\n|upkeep\n|turn|8\n|inactive|Abbehzt has 270 seconds left.\n|\n|t:|1664630152\n|move|p2a: Metagross|Meteor Mash|p1a: Rotom\n|-resisted|p1a: Rotom\n|-damage|p1a: Rotom|61\/100\n|move|p1a: Rotom|Volt Switch|p2a: Metagross\n|-damage|p2a: Metagross|55\/100\n|\n|t:|1664630163\n|switch|p1a: Weavile|Weavile, M|100\/100|[from]move: Volt Switch\n|-ability|p1a: Weavile|Pressure\n|\n|upkeep\n|turn|9\n|\n|t:|1664630171\n|move|p2a: Metagross|Bullet Punch|p1a: Weavile\n|-supereffective|p1a: Weavile\n|-damage|p1a: Weavile|4\/100\n|move|p1a: Weavile|Knock Off|p2a: Metagross\n|-supereffective|p2a: Metagross\n|-damage|p2a: Metagross|0 fnt\n|faint|p2a: Metagross\n|\n|upkeep\n|inactive|Abbehzt has 270 seconds left.\n|\n|t:|1664630185\n|switch|p2a: Excadrill|Excadrill, M|100\/100\n|-damage|p2a: Excadrill|97\/100|[from] Stealth Rock\n|-ability|p2a: Excadrill|Mold Breaker\n|turn|10\n|\n|t:|1664630190\n|move|p2a: Excadrill|Rapid Spin|p1a: Weavile\n|-damage|p1a: Weavile|0 fnt\n|-sideend|p2: Abbehzt|Stealth Rock|[from] move: Rapid Spin|[of] p2a: Excadrill\n|faint|p1a: Weavile\n|\n|upkeep\n|\n|t:|1664630205\n|switch|p1a: Clefable|Clefable, F|85\/100 brn\n|turn|11\n|\n|t:|1664630215\n|switch|p2a: Rotom|Rotom-Wash|72\/100\n|move|p1a: Clefable|Stealth Rock|p2a: Rotom\n|-sidestart|p2: Abbehzt|move: Stealth Rock\n|\n|-heal|p1a: Clefable|91\/100 brn|[from] item: Leftovers\n|upkeep\n|turn|12\n|\n|t:|1664630226\n|move|p2a: Rotom|Volt Switch|p1a: Clefable\n|-damage|p1a: Clefable|70\/100 brn\n|\n|t:|1664630231\n|switch|p2a: Excadrill|Excadrill, M|97\/100|[from]move: Volt Switch\n|-damage|p2a: Excadrill|94\/100|[from] Stealth Rock\n|-ability|p2a: Excadrill|Mold Breaker\n|move|p1a: Clefable|Ice Beam|p2a: Excadrill\n|-damage|p2a: Excadrill|66\/100\n|\n|-heal|p1a: Clefable|77\/100 brn|[from] item: Leftovers\n|upkeep\n|turn|13\n|\n|t:|1664630237\n|switch|p1a: Tornadus|Tornadus-Therian, M|100\/100\n|move|p2a: Excadrill|Rock Slide|p1a: Tornadus|[miss]\n|-miss|p2a: Excadrill|p1a: Tornadus\n|\n|upkeep\n|turn|14\n|\n|t:|1664630244\n|switch|p1a: Excadrill|Excadrill, F|100\/100\n|-ability|p1a: Excadrill|Mold Breaker\n|move|p2a: Excadrill|Rock Slide|p1a: Excadrill\n|-resisted|p1a: Excadrill\n|-damage|p1a: Excadrill|93\/100\n|\n|-heal|p1a: Excadrill|99\/100|[from] item: Leftovers\n|upkeep\n|turn|15\n|\n|t:|1664630258\n|switch|p2a: Tornadus|Tornadus-Therian, M|82\/100\n|-damage|p2a: Tornadus|57\/100|[from] Stealth Rock\n|move|p1a: Excadrill|Iron Head|p2a: Tornadus\n|-damage|p2a: Tornadus|11\/100\n|\n|-heal|p1a: Excadrill|100\/100|[from] item: Leftovers\n|upkeep\n|turn|16\n|\n|t:|1664630282\n|move|p2a: Tornadus|Knock Off|p1a: Excadrill\n|-damage|p1a: Excadrill|75\/100\n|-enditem|p1a: Excadrill|Leftovers|[from] move: Knock Off|[of] p2a: Tornadus\n|move|p1a: Excadrill|Iron Head|p2a: Tornadus\n|-damage|p2a: Tornadus|0 fnt\n|faint|p2a: Tornadus\n|\n|upkeep\n|inactive|Abbehzt has 270 seconds left.\n|inactive|Abbehzt has 240 seconds left.\n|\n|t:|1664630331\n|switch|p2a: Crawdaunt|Crawdaunt, M|100\/100\n|-damage|p2a: Crawdaunt|88\/100|[from] Stealth Rock\n|turn|17\n|\n|t:|1664630352\n|switch|p1a: Clefable|Clefable, F|77\/100 brn\n|move|p2a: Crawdaunt|Crabhammer|p1a: Clefable\n|-damage|p1a: Clefable|0 fnt\n|faint|p1a: Clefable\n|\n|upkeep\n|\n|t:|1664630361\n|switch|p1a: Rotom|Rotom-Wash|61\/100\n|turn|18\n|\n|t:|1664630365\n|switch|p2a: Excadrill|Excadrill, M|66\/100\n|-damage|p2a: Excadrill|63\/100|[from] Stealth Rock\n|-ability|p2a: Excadrill|Mold Breaker\n|move|p1a: Rotom|Volt Switch|p2a: Excadrill\n|-immune|p2a: Excadrill\n|\n|-heal|p1a: Rotom|67\/100|[from] item: Leftovers\n|upkeep\n|turn|19\n|inactive|Abbehzt has 270 seconds left.\n|\n|t:|1664630371\n|switch|p1a: Tornadus|Tornadus-Therian, M|100\/100\n|move|p2a: Excadrill|Iron Head|p1a: Tornadus\n|-damage|p1a: Tornadus|50\/100\n|\n|upkeep\n|turn|20\n|\n|t:|1664630376\n|switch|p1a: Charizard|Charizard, F|100\/100\n|move|p2a: Excadrill|Iron Head|p1a: Charizard\n|-resisted|p1a: Charizard\n|-damage|p1a: Charizard|70\/100\n|\n|upkeep\n|turn|21\n|\n|t:|1664630381\n|switch|p2a: Rotom|Rotom-Wash|72\/100\n|-damage|p2a: Rotom|60\/100|[from] Stealth Rock\n|detailschange|p1a: Charizard|Charizard-Mega-Y, F\n|-mega|p1a: Charizard|Charizard|Charizardite Y\n|-weather|SunnyDay|[from] ability: Drought|[of] p1a: Charizard\n|move|p1a: Charizard|Focus Blast|p2a: Rotom|[miss]\n|-miss|p1a: Charizard|p2a: Rotom\n|\n|-weather|SunnyDay|[upkeep]\n|upkeep\n|turn|22\n|\n|t:|1664630394\n|move|p1a: Charizard|Solar Beam||[still]\n|-prepare|p1a: Charizard|Solar Beam\n|-anim|p1a: Charizard|Solar Beam|p2a: Rotom\n|-supereffective|p2a: Rotom\n|-damage|p2a: Rotom|0 fnt\n|faint|p2a: Rotom\n|\n|-weather|SunnyDay|[upkeep]\n|upkeep\n|\n|t:|1664630396\n|switch|p2a: Crawdaunt|Crawdaunt, M|88\/100\n|-damage|p2a: Crawdaunt|76\/100|[from] Stealth Rock\n|turn|23\n|\n|t:|1664630409\n|switch|p1a: Rotom|Rotom-Wash|67\/100\n|switch|p2a: Heatran|Heatran, F|100\/100\n|-damage|p2a: Heatran|88\/100|[from] Stealth Rock\n|\n|-weather|SunnyDay|[upkeep]\n|-heal|p1a: Rotom|74\/100|[from] item: Leftovers\n|-heal|p2a: Heatran|94\/100|[from] item: Leftovers\n|upkeep\n|turn|24\n|\n|t:|1664630426\n|move|p1a: Rotom|Thunder Wave|p2a: Heatran\n|-status|p2a: Heatran|par\n|move|p2a: Heatran|Stealth Rock|p1a: Rotom\n|-sidestart|p1: Laroxyl|move: Stealth Rock\n|\n|-weather|SunnyDay|[upkeep]\n|-heal|p1a: Rotom|80\/100|[from] item: Leftovers\n|-heal|p2a: Heatran|100\/100 par|[from] item: Leftovers\n|upkeep\n|turn|25\n|\n|t:|1664630438\n|move|p2a: Heatran|Protect|p2a: Heatran\n|-singleturn|p2a: Heatran|Protect\n|move|p1a: Rotom|Volt Switch|p2a: Heatran\n|-activate|p2a: Heatran|move: Protect\n|\n|-weather|none\n|-heal|p1a: Rotom|86\/100|[from] item: Leftovers\n|upkeep\n|turn|26\n|\n|t:|1664630446\n|move|p1a: Rotom|Hydro Pump|p2a: Heatran\n|-supereffective|p2a: Heatran\n|-damage|p2a: Heatran|49\/100 par\n|move|p2a: Heatran|Toxic|p1a: Rotom\n|-status|p1a: Rotom|tox\n|\n|-heal|p1a: Rotom|92\/100 tox|[from] item: Leftovers\n|-heal|p2a: Heatran|55\/100 par|[from] item: Leftovers\n|-damage|p1a: Rotom|86\/100 tox|[from] psn\n|upkeep\n|turn|27\n|\n|t:|1664630464\n|move|p1a: Rotom|Hydro Pump|p2a: Heatran\n|-supereffective|p2a: Heatran\n|-damage|p2a: Heatran|8\/100 par\n|cant|p2a: Heatran|par\n|\n|-heal|p1a: Rotom|92\/100 tox|[from] item: Leftovers\n|-heal|p2a: Heatran|14\/100 par|[from] item: Leftovers\n|-damage|p1a: Rotom|80\/100 tox|[from] psn\n|upkeep\n|turn|28\n|\n|t:|1664630473\n|move|p1a: Rotom|Volt Switch|p2a: Heatran\n|-damage|p2a: Heatran|0 fnt\n|faint|p2a: Heatran\n|\n|t:|1664630478\n|switch|p1a: Tornadus|Tornadus-Therian, M|83\/100|[from]move: Volt Switch\n|-damage|p1a: Tornadus|58\/100|[from] Stealth Rock\n|\n|upkeep\n|\n|t:|1664630491\n|switch|p2a: Excadrill|Excadrill, M|63\/100\n|-damage|p2a: Excadrill|60\/100|[from] Stealth Rock\n|-ability|p2a: Excadrill|Mold Breaker\n|turn|29\n|\n|t:|1664630514\n|move|p2a: Excadrill|Earthquake|p1a: Tornadus\n|-immune|p1a: Tornadus\n|move|p1a: Tornadus|Heat Wave|p2a: Excadrill\n|-supereffective|p2a: Excadrill\n|-damage|p2a: Excadrill|0 fnt\n|faint|p2a: Excadrill\n|\n|upkeep\n|\n|t:|1664630516\n|switch|p2a: Crawdaunt|Crawdaunt, M|76\/100\n|-damage|p2a: Crawdaunt|63\/100|[from] Stealth Rock\n|turn|30\n|\n|t:|1664630538\n|move|p2a: Crawdaunt|Aqua Jet|p1a: Tornadus\n|-damage|p1a: Tornadus|19\/100\n|move|p1a: Tornadus|U-turn|p2a: Crawdaunt\n|-supereffective|p2a: Crawdaunt\n|-damage|p2a: Crawdaunt|17\/100\n|\n|t:|1664630545\n|switch|p1a: Rotom|Rotom-Wash|80\/100 tox|[from]move: U-turn\n|-damage|p1a: Rotom|67\/100 tox|[from] Stealth Rock\n|\n|-heal|p1a: Rotom|74\/100 tox|[from] item: Leftovers\n|-damage|p1a: Rotom|67\/100 tox|[from] psn\n|upkeep\n|turn|31\n|\n|t:|1664630549\n|move|p2a: Crawdaunt|Aqua Jet|p1a: Rotom\n|-resisted|p1a: Rotom\n|-damage|p1a: Rotom|52\/100 tox\n|move|p1a: Rotom|Volt Switch|p2a: Crawdaunt\n|-supereffective|p2a: Crawdaunt\n|-damage|p2a: Crawdaunt|0 fnt\n|faint|p2a: Crawdaunt\n|\n|win|Laroxyl\n","uploadtime":1664630550,"views":17,"p1id":"laroxyl","p2id":"abbehzt","formatid":"gen6ou","rating":0,"private":0,"password":null}