{"id":"smogtours-gen8randombattle-624443","p1":"Separation","p2":"lonietzzz","format":"gen8randombattle","log":"|inactive|Battle timer is ON: inactive players will automatically lose when time's up.\n|t:|1651936937\n|gametype|singles\n|player|p1|Separation|irida|\n|player|p2|lonietzzz|swimmerf-gen4dp|\n|teamsize|p1|6\n|teamsize|p2|6\n|gen|8\n|tier|[Gen 8] Random Battle\n|rule|Species Clause: Limit one of each Pok\u00e9mon\n|rule|HP Percentage Mod: HP is shown in percentages\n|rule|Sleep Clause Mod: Limit one foe put to sleep\n|\n|t:|1651936937\n|start\n|switch|p1a: Cresselia|Cresselia, L80, F|323\/323\n|switch|p2a: Pyukumuku|Pyukumuku, L84, M|230\/230\n|turn|1\n|\n|t:|1651936962\n|switch|p1a: Stakataka|Stakataka, L80|229\/229\n|switch|p2a: Dialga|Dialga, L74|270\/270\n|-ability|p2a: Dialga|Pressure\n|\n|upkeep\n|turn|2\n|\n|t:|1651936979\n|move|p2a: Dialga|Stealth Rock|p1a: Stakataka\n|-sidestart|p1: Separation|move: Stealth Rock\n|move|p1a: Stakataka|Body Press|p2a: Dialga\n|-supereffective|p2a: Dialga\n|-damage|p2a: Dialga|28\/270\n|\n|-heal|p2a: Dialga|44\/270|[from] item: Leftovers\n|upkeep\n|turn|3\n|\n|t:|1651936984\n|switch|p2a: Slowbro|Slowbro, L84, F|297\/297\n|move|p1a: Stakataka|Body Press|p2a: Slowbro\n|-resisted|p2a: Slowbro\n|-damage|p2a: Slowbro|231\/297\n|\n|-heal|p2a: Slowbro|249\/297|[from] item: Leftovers\n|upkeep\n|turn|4\n|\n|t:|1651936990\n|switch|p1a: Vikavolt|Vikavolt, L82, M|260\/260\n|move|p2a: Slowbro|Future Sight|p1a: Vikavolt\n|-start|p2a: Slowbro|move: Future Sight\n|\n|-heal|p2a: Slowbro|267\/297|[from] item: Leftovers\n|upkeep\n|turn|5\n|\n|t:|1651937003\n|switch|p2a: Dialga|Dialga, L74|44\/270\n|-ability|p2a: Dialga|Pressure\n|move|p1a: Vikavolt|Sticky Web|p2a: Dialga\n|-sidestart|p2: lonietzzz|move: Sticky Web\n|\n|-heal|p2a: Dialga|60\/270|[from] item: Leftovers\n|upkeep\n|turn|6\n|\n|t:|1651937011\n|switch|p1a: Stakataka|Stakataka, L80|229\/229\n|-damage|p1a: Stakataka|215\/229|[from] Stealth Rock\n|move|p2a: Dialga|Fire Blast|p1a: Stakataka\n|-damage|p1a: Stakataka|135\/229\n|\n|-end|p1a: Stakataka|move: Future Sight\n|-resisted|p1a: Stakataka\n|-damage|p1a: Stakataka|75\/229\n|-heal|p2a: Dialga|76\/270|[from] item: Leftovers\n|upkeep\n|turn|7\n|\n|t:|1651937022\n|move|p2a: Dialga|Flash Cannon|p1a: Stakataka\n|-damage|p1a: Stakataka|0 fnt\n|faint|p1a: Stakataka\n|\n|-heal|p2a: Dialga|92\/270|[from] item: Leftovers\n|upkeep\n|\n|t:|1651937027\n|switch|p1a: Hawlucha|Hawlucha, L80, M|256\/256\n|-damage|p1a: Hawlucha|224\/256|[from] Stealth Rock\n|turn|8\n|\n|t:|1651937035\n|switch|p2a: Slowbro|Slowbro, L84, F|297\/297\n|-activate|p2a: Slowbro|move: Sticky Web\n|-unboost|p2a: Slowbro|spe|1\n|move|p1a: Hawlucha|Close Combat|p2a: Slowbro\n|-resisted|p2a: Slowbro\n|-damage|p2a: Slowbro|251\/297\n|-unboost|p1a: Hawlucha|def|1\n|-unboost|p1a: Hawlucha|spd|1\n|-enditem|p1a: Hawlucha|White Herb\n|-clearnegativeboost|p1a: Hawlucha|[silent]\n|\n|-heal|p2a: Slowbro|269\/297|[from] item: Leftovers\n|upkeep\n|turn|9\n|\n|t:|1651937042\n|switch|p1a: Torkoal|Torkoal, L86, M|261\/261\n|-weather|SunnyDay|[from] ability: Drought|[of] p1a: Torkoal\n|move|p2a: Slowbro|Future Sight|p1a: Torkoal\n|-start|p2a: Slowbro|move: Future Sight\n|\n|-weather|SunnyDay|[upkeep]\n|-heal|p2a: Slowbro|287\/297|[from] item: Leftovers\n|upkeep\n|turn|10\n|\n|t:|1651937052\n|switch|p2a: Hydreigon|Hydreigon, L80, M|278\/278\n|move|p1a: Torkoal|Stealth Rock|p2a: Hydreigon\n|-sidestart|p2: lonietzzz|move: Stealth Rock\n|\n|-weather|SunnyDay|[upkeep]\n|upkeep\n|turn|11\n|\n|t:|1651937063\n|switch|p1a: Hawlucha|Hawlucha, L80, M|224\/256\n|-damage|p1a: Hawlucha|192\/256|[from] Stealth Rock\n|move|p2a: Hydreigon|Dark Pulse|p1a: Hawlucha\n|-resisted|p1a: Hawlucha\n|-damage|p1a: Hawlucha|102\/256\n|\n|-weather|SunnyDay|[upkeep]\n|-end|p1a: Hawlucha|move: Future Sight\n|-supereffective|p1a: Hawlucha\n|-damage|p1a: Hawlucha|0 fnt\n|faint|p1a: Hawlucha\n|upkeep\n|\n|t:|1651937067\n|switch|p1a: Crobat|Crobat, L82, F|274\/274\n|turn|12\n|\n|t:|1651937076\n|switch|p2a: Coalossal|Coalossal, L87, F|333\/333\n|move|p1a: Crobat|U-turn|p2a: Coalossal\n|-resisted|p2a: Coalossal\n|-damage|p2a: Coalossal|316\/333\n|\n|t:|1651937086\n|switch|p1a: Torkoal|Torkoal, L86, M|261\/261\n|\n|-weather|SunnyDay|[upkeep]\n|upkeep\n|turn|13\n|\n|t:|1651937091\n|switch|p2a: Hydreigon|Hydreigon, L80, M|278\/278\n|-damage|p2a: Hydreigon|244\/278|[from] Stealth Rock\n|move|p1a: Torkoal|Earthquake|p2a: Hydreigon\n|-immune|p2a: Hydreigon|[from] ability: Levitate\n|\n|-weather|none\n|upkeep\n|turn|14\n|\n|t:|1651937095\n|switch|p1a: Vikavolt|Vikavolt, L82, M|260\/260\n|move|p2a: Hydreigon|Dark Pulse|p1a: Vikavolt\n|-damage|p1a: Vikavolt|89\/260\n|\n|upkeep\n|turn|15\n|\n|t:|1651937098\n|move|p2a: Hydreigon|Dark Pulse|p1a: Vikavolt\n|-damage|p1a: Vikavolt|0 fnt\n|faint|p1a: Vikavolt\n|\n|upkeep\n|\n|t:|1651937100\n|switch|p1a: Cresselia|Cresselia, L80, F|323\/323\n|-damage|p1a: Cresselia|283\/323|[from] Stealth Rock\n|turn|16\n|\n|t:|1651937105\n|switch|p2a: Coalossal|Coalossal, L87, F|316\/333\n|move|p1a: Cresselia|Moonblast|p2a: Coalossal\n|-resisted|p2a: Coalossal\n|-damage|p2a: Coalossal|293\/333\n|-unboost|p2a: Coalossal|spa|1\n|\n|-heal|p1a: Cresselia|303\/323|[from] item: Leftovers\n|upkeep\n|turn|17\n|\n|t:|1651937112\n|move|p1a: Cresselia|Thunder Wave|p2a: Coalossal\n|-status|p2a: Coalossal|par\n|cant|p2a: Coalossal|par\n|\n|-heal|p1a: Cresselia|323\/323|[from] item: Leftovers\n|upkeep\n|turn|18\n|\n|t:|1651937122\n|move|p1a: Cresselia|Psyshock|p2a: Coalossal\n|-damage|p2a: Coalossal|241\/333 par\n|move|p2a: Coalossal|Will-O-Wisp|p1a: Cresselia\n|-status|p1a: Cresselia|brn\n|\n|-damage|p1a: Cresselia|303\/323 brn|[from] brn\n|upkeep\n|turn|19\n|\n|t:|1651937129\n|switch|p2a: Slowbro|Slowbro, L84, F|297\/297\n|-activate|p2a: Slowbro|move: Sticky Web\n|-unboost|p2a: Slowbro|spe|1\n|-damage|p2a: Slowbro|260\/297|[from] Stealth Rock\n|move|p1a: Cresselia|Psyshock|p2a: Slowbro\n|-resisted|p2a: Slowbro\n|-damage|p2a: Slowbro|233\/297\n|\n|-heal|p1a: Cresselia|323\/323 brn|[from] item: Leftovers\n|-heal|p2a: Slowbro|251\/297|[from] item: Leftovers\n|-damage|p1a: Cresselia|303\/323 brn|[from] brn\n|upkeep\n|turn|20\n|\n|t:|1651937142\n|move|p1a: Cresselia|Psyshock|p2a: Slowbro\n|-resisted|p2a: Slowbro\n|-damage|p2a: Slowbro|222\/297\n|move|p2a: Slowbro|Teleport|p2a: Slowbro\n|\n|t:|1651937145\n|switch|p2a: Hydreigon|Hydreigon, L80, M|244\/278\n|-damage|p2a: Hydreigon|210\/278|[from] Stealth Rock\n|\n|-heal|p1a: Cresselia|323\/323 brn|[from] item: Leftovers\n|-damage|p1a: Cresselia|303\/323 brn|[from] brn\n|upkeep\n|turn|21\n|\n|t:|1651937148\n|move|p2a: Hydreigon|Dark Pulse|p1a: Cresselia\n|-supereffective|p1a: Cresselia\n|-damage|p1a: Cresselia|93\/323 brn\n|cant|p1a: Cresselia|flinch\n|\n|-heal|p1a: Cresselia|113\/323 brn|[from] item: Leftovers\n|-damage|p1a: Cresselia|93\/323 brn|[from] brn\n|upkeep\n|turn|22\n|\n|t:|1651937151\n|move|p2a: Hydreigon|Dark Pulse|p1a: Cresselia\n|-supereffective|p1a: Cresselia\n|-damage|p1a: Cresselia|0 fnt\n|faint|p1a: Cresselia\n|\n|upkeep\n|\n|t:|1651937152\n|switch|p1a: Crobat|Crobat, L82, F|274\/274\n|turn|23\n|\n|t:|1651937162\n|switch|p2a: Sirfetch\u2019d|Sirfetch\u2019d, L82, F|236\/236\n|-damage|p2a: Sirfetch\u2019d|222\/236|[from] Stealth Rock\n|-activate|p2a: Sirfetch\u2019d|move: Sticky Web\n|-unboost|p2a: Sirfetch\u2019d|spe|1\n|move|p1a: Crobat|U-turn|p2a: Sirfetch\u2019d\n|-resisted|p2a: Sirfetch\u2019d\n|-damage|p2a: Sirfetch\u2019d|200\/236\n|\n|t:|1651937165\n|switch|p1a: Torkoal|Torkoal, L86, M|261\/261\n|-weather|SunnyDay|[from] ability: Drought|[of] p1a: Torkoal\n|\n|-weather|SunnyDay|[upkeep]\n|upkeep\n|turn|24\n|\n|t:|1651937171\n|move|p2a: Sirfetch\u2019d|Close Combat|p1a: Torkoal\n|-damage|p1a: Torkoal|117\/261\n|-unboost|p2a: Sirfetch\u2019d|def|1\n|-unboost|p2a: Sirfetch\u2019d|spd|1\n|-damage|p2a: Sirfetch\u2019d|177\/236|[from] item: Life Orb\n|move|p1a: Torkoal|Lava Plume|p2a: Sirfetch\u2019d\n|-damage|p2a: Sirfetch\u2019d|0 fnt\n|faint|p2a: Sirfetch\u2019d\n|\n|-weather|SunnyDay|[upkeep]\n|upkeep\n|\n|t:|1651937173\n|switch|p2a: Hydreigon|Hydreigon, L80, M|210\/278\n|-damage|p2a: Hydreigon|176\/278|[from] Stealth Rock\n|turn|25\n|\n|t:|1651937177\n|move|p2a: Hydreigon|Dark Pulse|p1a: Torkoal\n|-damage|p1a: Torkoal|0 fnt\n|faint|p1a: Torkoal\n|\n|-weather|SunnyDay|[upkeep]\n|upkeep\n|\n|t:|1651937178\n|switch|p1a: Crobat|Crobat, L82, F|274\/274\n|turn|26\n|\n|t:|1651937182\n|move|p1a: Crobat|U-turn|p2a: Hydreigon\n|-supereffective|p2a: Hydreigon\n|-damage|p2a: Hydreigon|80\/278\n|move|p2a: Hydreigon|Dark Pulse|p1a: Crobat\n|-damage|p1a: Crobat|111\/274\n|\n|-weather|SunnyDay|[upkeep]\n|upkeep\n|turn|27\n|\n|t:|1651937184\n|move|p1a: Crobat|U-turn|p2a: Hydreigon\n|-supereffective|p2a: Hydreigon\n|-damage|p2a: Hydreigon|0 fnt\n|faint|p2a: Hydreigon\n|\n|-weather|none\n|upkeep\n|\n|t:|1651937187\n|switch|p2a: Coalossal|Coalossal, L87, F|241\/333 par\n|turn|28\n|\n|t:|1651937192\n|-start|p2a: Coalossal|Dynamax|Gmax\n|-heal|p2a: Coalossal|482\/666 par|[silent]\n|move|p1a: Crobat|Brave Bird|p2a: Coalossal\n|-resisted|p2a: Coalossal\n|-damage|p2a: Coalossal|440\/666 par\n|-damage|p1a: Crobat|97\/274|[from] Recoil\n|move|p2a: Coalossal|G-Max Volcalith|p1a: Crobat\n|-supereffective|p1a: Crobat\n|-damage|p1a: Crobat|0 fnt\n|-sidestart|p1: Separation|G-Max Volcalith\n|faint|p1a: Crobat\n|\n|win|lonietzzz\n","inputlog":">version 823f0be91c62f96ebb1d0ff65b562504f7f54b80\n>start {\"formatid\":\"gen8randombattle\",\"seed\":[41354,33418,29496,49803]}\n>player p1 {\"name\":\"Separation\",\"avatar\":\"irida\",\"rating\":0,\"seed\":[47504,16045,4356,50938]}\n>player p2 {\"name\":\"lonietzzz\",\"avatar\":\"swimmerf-gen4dp\",\"rating\":0,\"seed\":[38566,10642,27849,52858]}\n>p1 switch 5\n>p2 switch 3\n>p1 move bodypress\n>p2 move stealthrock\n>p1 move bodypress\n>p2 switch 2\n>p1 switch 3\n>p2 move futuresight\n>p1 move stickyweb\n>p2 switch 2\n>p1 switch 3\n>p2 move fireblast\n>p1 move bodypress\n>p2 move flashcannon\n>p1 switch 2\n>p1 move closecombat\n>p2 switch 2\n>p1 switch 6\n>p2 move futuresight\n>p1 move stealthrock\n>p2 switch 4\n>p1 switch 6\n>p2 move darkpulse\n>p1 switch 4\n>p1 move uturn\n>p2 switch 5\n>p1 switch 6\n>p1 move earthquake\n>p2 switch 5\n>p1 switch 3\n>p2 move darkpulse\n>p1 move bugbuzz\n>p2 move darkpulse\n>p1 switch 5\n>p1 move moonblast\n>p2 switch 5\n>p1 move thunderwave\n>p2 move stoneedge\n>p1 move psyshock\n>p2 move willowisp\n>p1 move psyshock\n>p2 switch 4\n>p1 move psyshock\n>p2 move teleport\n>p2 switch 5\n>p1 move moonblast\n>p2 move darkpulse\n>p1 move moonblast\n>p2 move darkpulse\n>p1 switch 6\n>p1 move uturn\n>p2 switch 6\n>p1 switch 3\n>p1 move lavaplume\n>p2 move closecombat\n>p2 switch 6\n>p1 move lavaplume\n>p2 move darkpulse\n>p1 switch 3\n>p1 move uturn\n>p2 move darkpulse\n>p1 move uturn\n>p2 move darkpulse\n>p2 switch 4\n>p1 move bravebird\n>p2 move stoneedge dynamax","uploadtime":1651937193,"views":37,"p1id":"separation","p2id":"lonietzzz","formatid":"gen8randombattle","rating":0,"private":0,"password":null}