{"id":"smogtours-gen5ubers-645167","p1":"Skysolo \u2764","p2":"Amaranth","format":"gen5ubers","log":"|inactive|Battle timer is ON: inactive players will automatically lose when time's up.\n|t:|1661532943\n|gametype|singles\n|player|p1|Skysolo \u2764|#pspl2019ubers|\n|player|p2|Amaranth|#amaranth|\n|teamsize|p1|6\n|teamsize|p2|6\n|gen|5\n|tier|[Gen 5] Ubers\n|rule|Species Clause: Limit one of each Pok\u00e9mon\n|rule|OHKO Clause: OHKO moves are banned\n|rule|Moody Clause: Moody is banned\n|rule|Evasion Moves Clause: Evasion moves are banned\n|rule|Endless Battle Clause: Forcing endless battles is banned\n|rule|HP Percentage Mod: HP is shown in percentages\n|rule|Sleep Clause Mod: Limit one foe put to sleep\n|clearpoke\n|poke|p1|Kyogre|item\n|poke|p1|Tentacruel, M|item\n|poke|p1|Ferrothorn, F|item\n|poke|p1|Arceus-*|item\n|poke|p1|Giratina-Origin|item\n|poke|p1|Palkia|item\n|poke|p2|Kyogre|item\n|poke|p2|Dialga|item\n|poke|p2|Giratina-Origin|item\n|poke|p2|Forretress, M|item\n|poke|p2|Arceus-*|item\n|poke|p2|Mewtwo|item\n|teampreview\n|inactive|Skysolo \u2764 has 270 seconds left.\n|inactive|Amaranth has 270 seconds left.\n|c|\u2606Skysolo \u2764|hf\n|c|\u2606Amaranth|hf\n|\n|t:|1661533000\n|start\n|switch|p1a: Kyogre|Kyogre|100\/100\n|switch|p2a: Forretress|Forretress, M|100\/100\n|-weather|RainDance|[from] ability: Drizzle|[of] p1a: Kyogre\n|turn|1\n|\n|t:|1661533006\n|move|p1a: Kyogre|Scald|p2a: Forretress\n|-damage|p2a: Forretress|47\/100\n|move|p2a: Forretress|Spikes|p1a: Kyogre\n|-sidestart|p1: Skysolo \u2764|Spikes\n|\n|-weather|RainDance|[upkeep]\n|upkeep\n|turn|2\n|\n|t:|1661533034\n|switch|p2a: Dialga|Dialga|100\/100\n|-ability|p2a: Dialga|Pressure\n|move|p1a: Kyogre|Scald|p2a: Dialga\n|-resisted|p2a: Dialga\n|-damage|p2a: Dialga|79\/100\n|\n|-weather|RainDance|[upkeep]\n|upkeep\n|turn|3\n|\n|t:|1661533048\n|switch|p1a: Tentacruel|Tentacruel, M|100\/100\n|-damage|p1a: Tentacruel|88\/100|[from] Spikes\n|move|p2a: Dialga|Stealth Rock|p1a: Tentacruel\n|-sidestart|p1: Skysolo \u2764|move: Stealth Rock\n|\n|-weather|RainDance|[upkeep]\n|-heal|p1a: Tentacruel|94\/100|[from] ability: Rain Dish\n|-heal|p1a: Tentacruel|99\/100|[from] item: Black Sludge\n|upkeep\n|turn|4\n|\n|t:|1661533053\n|switch|p2a: Giratina|Giratina-Origin|100\/100\n|move|p1a: Tentacruel|Toxic Spikes|p2a: Giratina\n|-sidestart|p2: Amaranth|move: Toxic Spikes\n|\n|-weather|RainDance|[upkeep]\n|-heal|p1a: Tentacruel|100\/100|[from] ability: Rain Dish\n|upkeep\n|turn|5\n|\n|t:|1661533081\n|move|p1a: Tentacruel|Scald|p2a: Giratina\n|-resisted|p2a: Giratina\n|-damage|p2a: Giratina|88\/100\n|move|p2a: Giratina|Will-O-Wisp|p1a: Tentacruel\n|-status|p1a: Tentacruel|brn\n|\n|-weather|RainDance|[upkeep]\n|-damage|p1a: Tentacruel|88\/100 brn|[from] brn\n|upkeep\n|turn|6\n|\n|t:|1661533091\n|move|p1a: Tentacruel|Scald|p2a: Giratina\n|-resisted|p2a: Giratina\n|-damage|p2a: Giratina|76\/100\n|move|p2a: Giratina|Earthquake|p1a: Tentacruel\n|-supereffective|p1a: Tentacruel\n|-damage|p1a: Tentacruel|18\/100 brn\n|\n|-weather|RainDance|[upkeep]\n|-heal|p1a: Tentacruel|24\/100 brn|[from] ability: Rain Dish\n|-heal|p1a: Tentacruel|30\/100 brn|[from] item: Black Sludge\n|-damage|p1a: Tentacruel|18\/100 brn|[from] brn\n|upkeep\n|turn|7\n|inactive|Skysolo \u2764 has 270 seconds left.\n|inactive|Amaranth has 270 seconds left.\n|\n|t:|1661533126\n|move|p2a: Giratina|Shadow Sneak|p1a: Tentacruel\n|-damage|p1a: Tentacruel|0 fnt\n|faint|p1a: Tentacruel\n|\n|-weather|RainDance|[upkeep]\n|upkeep\n|\n|t:|1661533131\n|switch|p1a: Palkia|Palkia|100\/100\n|-damage|p1a: Palkia|88\/100|[from] Spikes\n|-damage|p1a: Palkia|76\/100|[from] Stealth Rock\n|-ability|p1a: Palkia|Pressure\n|turn|8\n|inactive|Amaranth has 270 seconds left.\n|\n|t:|1661533151\n|move|p2a: Giratina|Shadow Sneak|p1a: Palkia\n|-damage|p1a: Palkia|49\/100\n|move|p1a: Palkia|Spacial Rend|p2a: Giratina\n|-supereffective|p2a: Giratina\n|-damage|p2a: Giratina|0 fnt\n|faint|p2a: Giratina\n|\n|-weather|RainDance|[upkeep]\n|upkeep\n|inactive|Amaranth has 270 seconds left.\n|\n|t:|1661533162\n|switch|p2a: Forretress|Forretress, M|47\/100\n|turn|9\n|inactive|Amaranth has 270 seconds left.\n|\n|t:|1661533167\n|switch|p1a: Giratina|Giratina-Origin|100\/100\n|-damage|p1a: Giratina|88\/100|[from] Stealth Rock\n|move|p2a: Forretress|Toxic Spikes|p1a: Giratina\n|-sidestart|p1: Skysolo \u2764|move: Toxic Spikes\n|\n|-weather|RainDance|[upkeep]\n|upkeep\n|turn|10\n|\n|t:|1661533171\n|move|p2a: Forretress|Volt Switch|p1a: Giratina\n|-resisted|p1a: Giratina\n|-damage|p1a: Giratina|85\/100\n|\n|t:|1661533186\n|switch|p2a: Kyogre|Kyogre|100\/100|[from]move: Volt Switch\n|-status|p2a: Kyogre|psn\n|move|p1a: Giratina|Roar|p2a: Kyogre\n|drag|p2a: Mewtwo|Mewtwo|100\/100\n|-status|p2a: Mewtwo|psn\n|-ability|p2a: Mewtwo|Pressure\n|\n|-weather|RainDance|[upkeep]\n|-damage|p2a: Mewtwo|88\/100 psn|[from] psn\n|upkeep\n|turn|11\n|inactive|Amaranth has 270 seconds left.\n|\n|t:|1661533208\n|move|p2a: Mewtwo|Ice Beam|p1a: Giratina\n|-supereffective|p1a: Giratina\n|-damage|p1a: Giratina|19\/100\n|-damage|p2a: Mewtwo|78\/100 psn|[from] item: Life Orb\n|move|p1a: Giratina|Dragon Tail|p2a: Mewtwo\n|-damage|p2a: Mewtwo|48\/100 psn\n|drag|p2a: Dialga|Dialga|79\/100\n|-ability|p2a: Dialga|Pressure\n|\n|-weather|RainDance|[upkeep]\n|upkeep\n|turn|12\n|inactive|Amaranth has 270 seconds left.\n|\n|t:|1661533233\n|switch|p1a: Ferrothorn|Ferrothorn, F|100\/100\n|-damage|p1a: Ferrothorn|88\/100|[from] Spikes\n|-damage|p1a: Ferrothorn|82\/100|[from] Stealth Rock\n|move|p2a: Dialga|Roar|p1a: Ferrothorn\n|drag|p1a: Arceus|Arceus-Dark|100\/100\n|-damage|p1a: Arceus|88\/100|[from] Spikes\n|-damage|p1a: Arceus|76\/100|[from] Stealth Rock\n|-status|p1a: Arceus|psn\n|\n|-weather|RainDance|[upkeep]\n|-damage|p1a: Arceus|63\/100 psn|[from] psn\n|upkeep\n|turn|13\n|\n|t:|1661533256\n|switch|p2a: Forretress|Forretress, M|47\/100\n|move|p1a: Arceus|Will-O-Wisp|p2a: Forretress\n|-status|p2a: Forretress|brn\n|\n|-weather|RainDance|[upkeep]\n|-damage|p1a: Arceus|51\/100 psn|[from] psn\n|-damage|p2a: Forretress|35\/100 brn|[from] brn\n|upkeep\n|turn|14\n|\n|t:|1661533270\n|switch|p1a: Giratina|Giratina-Origin|19\/100\n|-damage|p1a: Giratina|7\/100|[from] Stealth Rock\n|move|p2a: Forretress|Volt Switch|p1a: Giratina\n|-resisted|p1a: Giratina\n|-damage|p1a: Giratina|4\/100\n|inactive|Amaranth has 240 seconds left.\n|\n|t:|1661533297\n|switch|p2a: Kyogre|Kyogre|100\/100 psn|[from]move: Volt Switch\n|\n|-weather|RainDance|[upkeep]\n|-damage|p2a: Kyogre|88\/100 psn|[from] psn\n|upkeep\n|turn|15\n|\n|t:|1661533302\n|move|p1a: Giratina|Rest|p1a: Giratina\n|-status|p1a: Giratina|slp|[from] move: Rest\n|-heal|p1a: Giratina|100\/100 slp|[silent]\n|move|p2a: Kyogre|Scald|p1a: Giratina\n|-resisted|p1a: Giratina\n|-damage|p1a: Giratina|80\/100 slp\n|\n|-weather|RainDance|[upkeep]\n|-heal|p2a: Kyogre|94\/100 psn|[from] item: Leftovers\n|-damage|p2a: Kyogre|82\/100 psn|[from] psn\n|upkeep\n|turn|16\n|\n|t:|1661533309\n|cant|p1a: Giratina|slp\n|move|p1a: Giratina|Sleep Talk|p1a: Giratina\n|move|p1a: Giratina|Roar|p2a: Kyogre|[from]move: Sleep Talk\n|drag|p2a: Forretress|Forretress, M|35\/100 brn\n|\n|-weather|RainDance|[upkeep]\n|-damage|p2a: Forretress|22\/100 brn|[from] brn\n|upkeep\n|turn|17\n|\n|t:|1661533318\n|cant|p1a: Giratina|slp\n|move|p1a: Giratina|Sleep Talk|p1a: Giratina\n|move|p1a: Giratina|Dragon Tail|p2a: Forretress|[from]move: Sleep Talk\n|-resisted|p2a: Forretress\n|-damage|p2a: Forretress|11\/100 brn\n|drag|p2a: Mewtwo|Mewtwo|48\/100 psn\n|-ability|p2a: Mewtwo|Pressure\n|\n|-weather|RainDance|[upkeep]\n|-damage|p2a: Mewtwo|35\/100 psn|[from] psn\n|upkeep\n|turn|18\n|\n|t:|1661533341\n|move|p2a: Mewtwo|Ice Beam|p1a: Giratina\n|-supereffective|p1a: Giratina\n|-damage|p1a: Giratina|9\/100 slp\n|-damage|p2a: Mewtwo|25\/100 psn|[from] item: Life Orb\n|-curestatus|p1a: Giratina|slp|[msg]\n|move|p1a: Giratina|Dragon Tail|p2a: Mewtwo\n|-damage|p2a: Mewtwo|0 fnt\n|faint|p2a: Mewtwo\n|\n|-weather|RainDance|[upkeep]\n|upkeep\n|\n|t:|1661533345\n|switch|p2a: Dialga|Dialga|79\/100\n|-ability|p2a: Dialga|Pressure\n|turn|19\n|\n|t:|1661533350\n|move|p1a: Giratina|Rest|p1a: Giratina\n|-status|p1a: Giratina|slp|[from] move: Rest\n|-heal|p1a: Giratina|100\/100 slp|[silent]\n|move|p2a: Dialga|Draco Meteor|p1a: Giratina\n|-supereffective|p1a: Giratina\n|-damage|p1a: Giratina|0 fnt\n|-unboost|p2a: Dialga|spa|2\n|faint|p1a: Giratina\n|\n|-weather|RainDance|[upkeep]\n|upkeep\n|\n|t:|1661533358\n|switch|p1a: Ferrothorn|Ferrothorn, F|82\/100\n|-damage|p1a: Ferrothorn|69\/100|[from] Spikes\n|-damage|p1a: Ferrothorn|63\/100|[from] Stealth Rock\n|turn|20\n|inactive|Amaranth has 270 seconds left.\n|\n|t:|1661533386\n|switch|p2a: Arceus|Arceus|100\/100\n|-status|p2a: Arceus|psn\n|move|p1a: Ferrothorn|Spikes|p2a: Arceus\n|-sidestart|p2: Amaranth|Spikes\n|\n|-weather|RainDance|[upkeep]\n|-heal|p1a: Ferrothorn|69\/100|[from] item: Leftovers\n|-damage|p2a: Arceus|88\/100 psn|[from] psn\n|upkeep\n|turn|21\n|\n|t:|1661533392\n|move|p2a: Arceus|Swords Dance|p2a: Arceus\n|-boost|p2a: Arceus|atk|2\n|move|p1a: Ferrothorn|Leech Seed|p2a: Arceus\n|-start|p2a: Arceus|move: Leech Seed\n|\n|-weather|RainDance|[upkeep]\n|-heal|p1a: Ferrothorn|75\/100|[from] item: Leftovers\n|-damage|p2a: Arceus|76\/100 psn|[from] Leech Seed|[of] p1a: Ferrothorn\n|-heal|p1a: Ferrothorn|90\/100|[silent]\n|-damage|p2a: Arceus|64\/100 psn|[from] psn\n|upkeep\n|turn|22\n|\n|t:|1661533397\n|move|p2a: Arceus|Brick Break|p1a: Ferrothorn\n|-supereffective|p1a: Ferrothorn\n|-damage|p1a: Ferrothorn|0 fnt\n|-damage|p2a: Arceus|51\/100 psn|[from] ability: Iron Barbs|[of] p1a: Ferrothorn\n|faint|p1a: Ferrothorn\n|-damage|p2a: Arceus|41\/100 psn|[from] item: Life Orb\n|\n|-weather|RainDance|[upkeep]\n|-damage|p2a: Arceus|29\/100 psn|[from] psn\n|upkeep\n|\n|t:|1661533425\n|switch|p1a: Arceus|Arceus-Dark|51\/100 psn\n|-damage|p1a: Arceus|38\/100 psn|[from] Spikes\n|-damage|p1a: Arceus|26\/100 psn|[from] Stealth Rock\n|turn|23\n|\n|t:|1661533429\n|move|p2a: Arceus|Extreme Speed|p1a: Arceus\n|-damage|p1a: Arceus|0 fnt\n|faint|p1a: Arceus\n|-damage|p2a: Arceus|19\/100 psn|[from] item: Life Orb\n|\n|-weather|RainDance|[upkeep]\n|-damage|p2a: Arceus|7\/100 psn|[from] psn\n|upkeep\n|\n|t:|1661533433\n|switch|p1a: Kyogre|Kyogre|100\/100\n|-damage|p1a: Kyogre|88\/100|[from] Spikes\n|-damage|p1a: Kyogre|75\/100|[from] Stealth Rock\n|-status|p1a: Kyogre|psn\n|turn|24\n|\n|t:|1661533439\n|move|p2a: Arceus|Extreme Speed|p1a: Kyogre\n|-damage|p1a: Kyogre|0 fnt\n|faint|p1a: Kyogre\n|-damage|p2a: Arceus|0 fnt|[from] item: Life Orb\n|faint|p2a: Arceus\n|\n|-weather|RainDance|[upkeep]\n|upkeep\n|\n|t:|1661533462\n|switch|p2a: Dialga|Dialga|79\/100\n|switch|p1a: Palkia|Palkia|49\/100\n|-damage|p1a: Palkia|37\/100|[from] Spikes\n|-damage|p1a: Palkia|24\/100|[from] Stealth Rock\n|-status|p1a: Palkia|psn\n|-ability|p1a: Palkia|Pressure\n|-damage|p2a: Dialga|66\/100|[from] Spikes\n|-ability|p2a: Dialga|Pressure\n|turn|25\n|\n|t:|1661533469\n|move|p1a: Palkia|Spacial Rend|p2a: Dialga\n|-damage|p2a: Dialga|28\/100\n|move|p2a: Dialga|Draco Meteor|p1a: Palkia\n|-supereffective|p1a: Palkia\n|-damage|p1a: Palkia|0 fnt\n|-unboost|p2a: Dialga|spa|2\n|faint|p1a: Palkia\n|\n|win|Amaranth\n|c|\u2606Amaranth|gg\n|c|\u2606Skysolo \u2764|gg\n","uploadtime":1661533470,"views":139,"p1id":"skysolo","p2id":"amaranth","formatid":"gen5ubers","rating":0,"private":0,"password":null}