{"id":"smogtours-gen8lc-621381","p1":"Prodigezz","p2":"Laroxyl","format":"gen8lc","log":"|inactive|Battle timer is ON: inactive players will automatically lose when time's up.\n|t:|1650466834\n|gametype|singles\n|player|p1|Prodigezz|falkner-gen2|\n|player|p2|Laroxyl|#scl1spartans|\n|teamsize|p1|6\n|teamsize|p2|6\n|gen|8\n|tier|[Gen 8] LC\n|rule|Sleep Clause Mod: Limit one foe put to sleep\n|rule|Species Clause: Limit one of each Pok\u00e9mon\n|rule|OHKO Clause: OHKO moves are banned\n|rule|Evasion Moves Clause: Evasion moves are banned\n|rule|Endless Battle Clause: Forcing endless battles is banned\n|rule|HP Percentage Mod: HP is shown in percentages\n|rule|Dynamax Clause: You cannot dynamax\n|clearpoke\n|poke|p1|Shellos-East, L5, M|\n|poke|p1|Natu, L5, F|\n|poke|p1|Diglett, L5, F|\n|poke|p1|Grookey, L5, M|\n|poke|p1|Mienfoo, L5, M|\n|poke|p1|Pawniard, L5, M|\n|poke|p2|Grookey, L5, M|\n|poke|p2|Mienfoo, L5, M|\n|poke|p2|Pawniard, L5, M|\n|poke|p2|Koffing, L5, F|\n|poke|p2|Porygon, L5|\n|poke|p2|Staryu, L5|\n|teampreview\n|c|\u2606Prodigezz|hf\n|c|\u2606Laroxyl|hf\n|inactive|Laroxyl has 270 seconds left.\n|\n|t:|1650466872\n|start\n|switch|p1a: Mienfoo|Mienfoo, L5, M|100\/100\n|switch|p2a: Koffing|Koffing, L5, F|100\/100\n|-ability|p2a: Koffing|Neutralizing Gas\n|turn|1\n|\n|t:|1650466877\n|move|p1a: Mienfoo|Fake Out|p2a: Koffing\n|-damage|p2a: Koffing|90\/100\n|cant|p2a: Koffing|flinch\n|\n|upkeep\n|turn|2\n|\n|t:|1650466884\n|move|p1a: Mienfoo|U-turn|p2a: Koffing\n|-resisted|p2a: Koffing\n|-damage|p2a: Koffing|80\/100\n|\n|t:|1650466891\n|switch|p1a: Pawniard|Pawniard, L5, M|100\/100|[from]move: U-turn\n|move|p2a: Koffing|Sludge Bomb|p1a: Pawniard\n|-immune|p1a: Pawniard\n|\n|upkeep\n|turn|3\n|\n|t:|1650466897\n|move|p1a: Pawniard|Thunder Wave|p2a: Koffing\n|-status|p2a: Koffing|par\n|move|p2a: Koffing|Thunderbolt|p1a: Pawniard\n|-damage|p1a: Pawniard|62\/100\n|\n|upkeep\n|turn|4\n|\n|t:|1650466909\n|-end|p2a: Koffing|ability: Neutralizing Gas\n|switch|p2a: Mienfoo|Mienfoo, L5, M|100\/100\n|move|p1a: Pawniard|Stealth Rock|p2a: Mienfoo\n|-sidestart|p2: Laroxyl|move: Stealth Rock\n|\n|upkeep\n|turn|5\n|\n|t:|1650466916\n|move|p2a: Mienfoo|High Jump Kick|p1a: Pawniard\n|-supereffective|p1a: Pawniard\n|-damage|p1a: Pawniard|0 fnt\n|faint|p1a: Pawniard\n|\n|upkeep\n|\n|t:|1650466919\n|switch|p1a: Natu|Natu, L5, F|100\/100\n|turn|6\n|\n|t:|1650466928\n|move|p1a: Natu|Cosmic Power|p1a: Natu\n|-boost|p1a: Natu|def|1\n|-boost|p1a: Natu|spd|1\n|move|p2a: Mienfoo|Knock Off|p1a: Natu\n|-supereffective|p1a: Natu\n|-damage|p1a: Natu|62\/100\n|-enditem|p1a: Natu|Eviolite|[from] move: Knock Off|[of] p2a: Mienfoo\n|\n|upkeep\n|turn|7\n|\n|t:|1650466934\n|move|p1a: Natu|Cosmic Power|p1a: Natu\n|-boost|p1a: Natu|def|1\n|-boost|p1a: Natu|spd|1\n|move|p2a: Mienfoo|U-turn|p1a: Natu\n|-damage|p1a: Natu|43\/100\n|inactive|Laroxyl has 270 seconds left.\n|\n|t:|1650466966\n|switch|p2a: Staryu|Staryu, L5|100\/100|[from]move: U-turn\n|-damage|p2a: Staryu|90\/100|[from] Stealth Rock\n|\n|upkeep\n|turn|8\n|inactive|Laroxyl has 270 seconds left.\n|\n|t:|1650466977\n|move|p2a: Staryu|Ice Beam|p1a: Natu\n|-supereffective|p1a: Natu\n|-damage|p1a: Natu|0 fnt\n|faint|p1a: Natu\n|\n|upkeep\n|\n|t:|1650466980\n|switch|p1a: Grookey|Grookey, L5, M|100\/100\n|-fieldstart|move: Grassy Terrain|[from] ability: Grassy Surge|[of] p1a: Grookey\n|turn|9\n|inactive|Laroxyl has 270 seconds left.\n|\n|t:|1650467003\n|switch|p2a: Koffing|Koffing, L5, F|80\/100 par\n|-ability|p2a: Koffing|Neutralizing Gas\n|-damage|p2a: Koffing|70\/100 par|[from] Stealth Rock\n|move|p1a: Grookey|Knock Off|p2a: Koffing\n|-damage|p2a: Koffing|40\/100 par\n|-enditem|p2a: Koffing|Eviolite|[from] move: Knock Off|[of] p1a: Grookey\n|-damage|p1a: Grookey|91\/100|[from] item: Life Orb\n|\n|-heal|p1a: Grookey|96\/100|[from] Grassy Terrain\n|-heal|p2a: Koffing|45\/100 par|[from] Grassy Terrain\n|upkeep\n|turn|10\n|inactive|Laroxyl has 270 seconds left.\n|\n|t:|1650467010\n|switch|p1a: Diglett|Diglett, L5, F|100\/100\n|move|p2a: Koffing|Sludge Bomb|p1a: Diglett\n|-resisted|p1a: Diglett\n|-damage|p1a: Diglett|69\/100\n|\n|-heal|p1a: Diglett|74\/100|[from] Grassy Terrain\n|-heal|p2a: Koffing|50\/100 par|[from] Grassy Terrain\n|upkeep\n|turn|11\n|\n|t:|1650467033\n|switch|p1a: Mienfoo|Mienfoo, L5, M|100\/100\n|-end|p2a: Koffing|ability: Neutralizing Gas\n|switch|p2a: Mienfoo|Mienfoo, L5, M|100\/100\n|-damage|p2a: Mienfoo|96\/100|[from] Stealth Rock\n|\n|-heal|p2a: Mienfoo|100\/100|[from] Grassy Terrain\n|upkeep\n|turn|12\n|\n|t:|1650467037\n|move|p2a: Mienfoo|Fake Out|p1a: Mienfoo\n|-damage|p1a: Mienfoo|87\/100\n|cant|p1a: Mienfoo|flinch\n|\n|-heal|p1a: Mienfoo|91\/100|[from] Grassy Terrain\n|upkeep\n|turn|13\n|\n|t:|1650467045\n|move|p2a: Mienfoo|Knock Off|p1a: Mienfoo\n|-resisted|p1a: Mienfoo\n|-damage|p1a: Mienfoo|78\/100\n|-enditem|p1a: Mienfoo|Eviolite|[from] move: Knock Off|[of] p2a: Mienfoo\n|move|p1a: Mienfoo|Knock Off|p2a: Mienfoo\n|-resisted|p2a: Mienfoo\n|-damage|p2a: Mienfoo|86\/100\n|-enditem|p2a: Mienfoo|Eviolite|[from] move: Knock Off|[of] p1a: Mienfoo\n|\n|-heal|p2a: Mienfoo|91\/100|[from] Grassy Terrain\n|-heal|p1a: Mienfoo|82\/100|[from] Grassy Terrain\n|-fieldend|move: Grassy Terrain\n|upkeep\n|turn|14\n|\n|t:|1650467054\n|move|p2a: Mienfoo|High Jump Kick|p1a: Mienfoo\n|-damage|p1a: Mienfoo|10\/100\n|move|p1a: Mienfoo|U-turn|p2a: Mienfoo\n|-resisted|p2a: Mienfoo\n|-damage|p2a: Mienfoo|77\/100\n|\n|t:|1650467058\n|switch|p1a: Shellos|Shellos-East, L5, M|100\/100|[from]move: U-turn\n|\n|upkeep\n|turn|15\n|\n|t:|1650467064\n|switch|p1a: Mienfoo|Mienfoo, L5, M|41\/100\n|move|p2a: Mienfoo|U-turn|p1a: Mienfoo\n|-resisted|p1a: Mienfoo\n|-damage|p1a: Mienfoo|28\/100\n|\n|t:|1650467076\n|switch|p2a: Grookey|Grookey, L5, M|100\/100|[from]move: U-turn\n|-damage|p2a: Grookey|91\/100|[from] Stealth Rock\n|-fieldstart|move: Grassy Terrain|[from] ability: Grassy Surge|[of] p2a: Grookey\n|\n|-heal|p2a: Grookey|96\/100|[from] Grassy Terrain\n|-heal|p1a: Mienfoo|32\/100|[from] Grassy Terrain\n|upkeep\n|turn|16\n|\n|t:|1650467081\n|move|p1a: Mienfoo|Fake Out|p2a: Grookey\n|-damage|p2a: Grookey|72\/100\n|cant|p2a: Grookey|flinch\n|\n|-heal|p2a: Grookey|77\/100|[from] Grassy Terrain\n|-heal|p1a: Mienfoo|37\/100|[from] Grassy Terrain\n|upkeep\n|turn|17\n|\n|t:|1650467090\n|switch|p1a: Grookey|Grookey, L5, M|96\/100\n|move|p2a: Grookey|Grassy Glide|p1a: Grookey\n|-resisted|p1a: Grookey\n|-damage|p1a: Grookey|53\/100\n|-damage|p2a: Grookey|67\/100|[from] item: Life Orb\n|\n|-heal|p1a: Grookey|58\/100|[from] Grassy Terrain\n|-heal|p2a: Grookey|72\/100|[from] Grassy Terrain\n|upkeep\n|turn|18\n|\n|t:|1650467126\n|switch|p2a: Koffing|Koffing, L5, F|50\/100 par\n|-ability|p2a: Koffing|Neutralizing Gas\n|-damage|p2a: Koffing|40\/100 par|[from] Stealth Rock\n|move|p1a: Grookey|Knock Off|p2a: Koffing\n|-damage|p2a: Koffing|10\/100 par\n|-damage|p1a: Grookey|48\/100|[from] item: Life Orb\n|\n|-heal|p1a: Grookey|53\/100|[from] Grassy Terrain\n|-heal|p2a: Koffing|15\/100 par|[from] Grassy Terrain\n|upkeep\n|turn|19\n|\n|t:|1650467135\n|move|p1a: Grookey|Knock Off|p2a: Koffing\n|-damage|p2a: Koffing|0 fnt\n|faint|p2a: Koffing\n|-end|p2a: Koffing|ability: Neutralizing Gas\n|-damage|p1a: Grookey|43\/100|[from] item: Life Orb\n|\n|-heal|p1a: Grookey|48\/100|[from] Grassy Terrain\n|-fieldend|move: Grassy Terrain\n|upkeep\n|inactive|Laroxyl has 270 seconds left.\n|\n|t:|1650467154\n|switch|p2a: Mienfoo|Mienfoo, L5, M|100\/100\n|-damage|p2a: Mienfoo|96\/100|[from] Stealth Rock\n|turn|20\n|\n|t:|1650467159\n|switch|p1a: Shellos|Shellos-East, L5, M|100\/100\n|move|p2a: Mienfoo|High Jump Kick|p1a: Shellos\n|-damage|p1a: Shellos|56\/100\n|\n|upkeep\n|turn|21\n|\n|t:|1650467163\n|move|p2a: Mienfoo|U-turn|p1a: Shellos\n|-damage|p1a: Shellos|38\/100\n|\n|t:|1650467168\n|switch|p2a: Grookey|Grookey, L5, M|72\/100|[from]move: U-turn\n|-damage|p2a: Grookey|62\/100|[from] Stealth Rock\n|-fieldstart|move: Grassy Terrain|[from] ability: Grassy Surge|[of] p2a: Grookey\n|move|p1a: Shellos|Recover|p1a: Shellos\n|-heal|p1a: Shellos|89\/100\n|\n|-heal|p2a: Grookey|67\/100|[from] Grassy Terrain\n|-heal|p1a: Shellos|93\/100|[from] Grassy Terrain\n|upkeep\n|turn|22\n|inactive|Prodigezz has 270 seconds left.\n|\n|t:|1650467203\n|switch|p1a: Grookey|Grookey, L5, M|48\/100\n|move|p2a: Grookey|Grassy Glide|p1a: Grookey\n|-resisted|p1a: Grookey\n|-damage|p1a: Grookey|0 fnt\n|faint|p1a: Grookey\n|-damage|p2a: Grookey|58\/100|[from] item: Life Orb\n|\n|-heal|p2a: Grookey|62\/100|[from] Grassy Terrain\n|upkeep\n|inactive|Prodigezz has 270 seconds left.\n|\n|t:|1650467209\n|switch|p1a: Mienfoo|Mienfoo, L5, M|69\/100\n|turn|23\n|inactive|Prodigezz has 270 seconds left.\n|\n|t:|1650467225\n|move|p2a: Grookey|Grassy Glide|p1a: Mienfoo\n|-damage|p1a: Mienfoo|0 fnt\n|faint|p1a: Mienfoo\n|-damage|p2a: Grookey|53\/100|[from] item: Life Orb\n|\n|-heal|p2a: Grookey|58\/100|[from] Grassy Terrain\n|upkeep\n|inactive|Prodigezz has 270 seconds left.\n|\n|t:|1650467230\n|switch|p1a: Diglett|Diglett, L5, F|74\/100\n|turn|24\n|\n|t:|1650467234\n|move|p1a: Diglett|Protect|p1a: Diglett\n|-singleturn|p1a: Diglett|Protect\n|move|p2a: Grookey|Grassy Glide|p1a: Diglett\n|-activate|p1a: Diglett|move: Protect\n|\n|-heal|p1a: Diglett|79\/100|[from] Grassy Terrain\n|-heal|p2a: Grookey|62\/100|[from] Grassy Terrain\n|upkeep\n|turn|25\n|\n|t:|1650467237\n|move|p1a: Diglett|Protect||[still]\n|-fail|p1a: Diglett\n|move|p2a: Grookey|Grassy Glide|p1a: Diglett\n|-supereffective|p1a: Diglett\n|-damage|p1a: Diglett|0 fnt\n|faint|p1a: Diglett\n|-damage|p2a: Grookey|53\/100|[from] item: Life Orb\n|\n|-heal|p2a: Grookey|58\/100|[from] Grassy Terrain\n|-fieldend|move: Grassy Terrain\n|upkeep\n|c|\u2606Prodigezz|ggs\n|\n|t:|1650467242\n|switch|p1a: Shellos|Shellos-East, L5, M|93\/100\n|turn|26\n|c|\u2606Laroxyl|ggs\n|\n|t:|1650467246\n|move|p2a: Grookey|Wood Hammer|p1a: Shellos\n|-supereffective|p1a: Shellos\n|-damage|p1a: Shellos|0 fnt\n|faint|p1a: Shellos\n|-damage|p2a: Grookey|20\/100|[from] Recoil\n|-damage|p2a: Grookey|10\/100|[from] item: Life Orb\n|\n|win|Laroxyl\n","uploadtime":1650467247,"views":439,"p1id":"prodigezz","p2id":"laroxyl","formatid":"gen8lc","rating":0,"private":0,"password":null}