{"id":"smogtours-gen6battlefactory-645547","p1":"Lasen","p2":"Skysolo \u2764","format":"gen6battlefactory","log":"|inactive|Battle timer is ON: inactive players will automatically lose when time's up.\n|t:|1661709170\n|gametype|singles\n|player|p1|Lasen|steven-masters|\n|player|p2|Skysolo \u2764|#pspl2019ubers|\n|teamsize|p1|6\n|teamsize|p2|6\n|gen|6\n|tier|[Gen 6] Battle Factory\n|rule|Sleep Clause Mod: Limit one foe put to sleep\n|rule|HP Percentage Mod: HP is shown in percentages\n|rule|Mega Rayquaza Clause: You cannot mega evolve Rayquaza\n|clearpoke\n|poke|p1|Celebi|item\n|poke|p1|Breloom, M|item\n|poke|p1|Medicham, F|item\n|poke|p1|Mamoswine, M|item\n|poke|p1|Rotom-Wash|item\n|poke|p1|Togekiss, M|item\n|poke|p2|Manectric, F|item\n|poke|p2|Hawlucha, M|item\n|poke|p2|Latios, M|item\n|poke|p2|Landorus-Therian, M|item\n|poke|p2|Magnezone|item\n|poke|p2|Jirachi|item\n|teampreview\n|inactive|Lasen also wants the timer to be on.\n|c|\u2606Skysolo \u2764|Cham\n|\n|t:|1661709190\n|start\n|switch|p1a: Breloom|Breloom, M|261\/261\n|switch|p2a: Landorus|Landorus-Therian, M|319\/319\n|-ability|p2a: Landorus|Intimidate|boost\n|-unboost|p1a: Breloom|atk|1\n|turn|1\n|\n|t:|1661709204\n|move|p2a: Landorus|U-turn|p1a: Breloom\n|-damage|p1a: Breloom|149\/261\n|\n|t:|1661709219\n|switch|p2a: Magnezone|Magnezone|324\/324\n|move|p1a: Breloom|Spore|p2a: Magnezone\n|-status|p2a: Magnezone|slp|[from] move: Spore\n|\n|upkeep\n|turn|2\n|\n|t:|1661709234\n|switch|p1a: Medicham|Medicham, F|262\/262\n|switch|p2a: Latios|Latios, M|301\/301\n|\n|upkeep\n|turn|3\n|\n|t:|1661709244\n|detailschange|p1a: Medicham|Medicham-Mega, F\n|-mega|p1a: Medicham|Medicham|Medichamite\n|move|p1a: Medicham|Fake Out|p2a: Latios\n|-damage|p2a: Latios|199\/301\n|cant|p2a: Latios|flinch\n|\n|upkeep\n|turn|4\n|\n|t:|1661709249\n|switch|p1a: Celebi|Celebi|404\/404\n|move|p2a: Latios|Draco Meteor|p1a: Celebi\n|-damage|p1a: Celebi|147\/404\n|-unboost|p2a: Latios|spa|2\n|-damage|p2a: Latios|169\/301|[from] item: Life Orb\n|\n|-heal|p1a: Celebi|172\/404|[from] item: Leftovers\n|upkeep\n|turn|5\n|\n|t:|1661709254\n|switch|p2a: Landorus|Landorus-Therian, M|319\/319\n|-ability|p2a: Landorus|Intimidate|boost\n|-unboost|p1a: Celebi|atk|1\n|move|p1a: Celebi|Stealth Rock|p2a: Landorus\n|-sidestart|p2: Skysolo \u2764|move: Stealth Rock\n|\n|-heal|p1a: Celebi|197\/404|[from] item: Leftovers\n|upkeep\n|turn|6\n|\n|t:|1661709258\n|switch|p1a: Togekiss|Togekiss, M|374\/374\n|move|p2a: Landorus|Stealth Rock|p1a: Togekiss\n|-sidestart|p1: Lasen|move: Stealth Rock\n|\n|upkeep\n|turn|7\n|\n|t:|1661709263\n|switch|p2a: Jirachi|Jirachi|404\/404\n|-damage|p2a: Jirachi|379\/404|[from] Stealth Rock\n|move|p1a: Togekiss|Thunder Wave|p2a: Jirachi\n|-status|p2a: Jirachi|par\n|\n|-heal|p2a: Jirachi|404\/404 par|[from] item: Leftovers\n|upkeep\n|turn|8\n|c|\u2606Lasen|gotcha bitch\n|\n|t:|1661709273\n|switch|p1a: Rotom|Rotom-Wash|303\/303\n|-damage|p1a: Rotom|266\/303|[from] Stealth Rock\n|move|p2a: Jirachi|Iron Head|p1a: Rotom\n|-resisted|p1a: Rotom\n|-damage|p1a: Rotom|248\/303\n|\n|-heal|p1a: Rotom|266\/303|[from] item: Leftovers\n|upkeep\n|turn|9\n|\n|t:|1661709280\n|move|p1a: Rotom|Volt Switch|p2a: Jirachi\n|-damage|p2a: Jirachi|311\/404 par\n|\n|t:|1661709282\n|switch|p1a: Medicham|Medicham-Mega, F|262\/262\n|-damage|p1a: Medicham|246\/262|[from] Stealth Rock\n|move|p2a: Jirachi|Toxic|p1a: Medicham\n|-status|p1a: Medicham|tox\n|\n|-heal|p2a: Jirachi|336\/404 par|[from] item: Leftovers\n|-damage|p1a: Medicham|230\/262 tox|[from] psn\n|upkeep\n|turn|10\n|\n|t:|1661709305\n|switch|p2a: Latios|Latios, M|169\/301\n|-damage|p2a: Latios|132\/301|[from] Stealth Rock\n|move|p1a: Medicham|High Jump Kick|p2a: Latios\n|-resisted|p2a: Latios\n|-damage|p2a: Latios|0 fnt\n|faint|p2a: Latios\n|\n|-damage|p1a: Medicham|198\/262 tox|[from] psn\n|upkeep\n|inactive|Skysolo \u2764 has 270 seconds left.\n|\n|t:|1661709324\n|switch|p2a: Manectric|Manectric, F|281\/281\n|-damage|p2a: Manectric|246\/281|[from] Stealth Rock\n|turn|11\n|\n|t:|1661709328\n|switch|p1a: Mamoswine|Mamoswine, M|361\/361\n|-damage|p1a: Mamoswine|316\/361|[from] Stealth Rock\n|detailschange|p2a: Manectric|Manectric-Mega, F\n|-mega|p2a: Manectric|Manectric|Manectite\n|-ability|p2a: Manectric|Intimidate|boost\n|-unboost|p1a: Mamoswine|atk|1\n|move|p2a: Manectric|Thunderbolt|p1a: Mamoswine\n|-immune|p1a: Mamoswine\n|\n|upkeep\n|turn|12\n|\n|t:|1661709344\n|move|p2a: Manectric|Flamethrower|p1a: Mamoswine\n|-supereffective|p1a: Mamoswine\n|-damage|p1a: Mamoswine|126\/361\n|move|p1a: Mamoswine|Earthquake|p2a: Manectric\n|-supereffective|p2a: Manectric\n|-damage|p2a: Manectric|0 fnt\n|faint|p2a: Manectric\n|-damage|p1a: Mamoswine|90\/361|[from] item: Life Orb\n|\n|upkeep\n|\n|t:|1661709350\n|switch|p2a: Hawlucha|Hawlucha, M|300\/300\n|-damage|p2a: Hawlucha|263\/300|[from] Stealth Rock\n|turn|13\n|\n|t:|1661709360\n|switch|p1a: Breloom|Breloom, M|149\/261\n|-damage|p1a: Breloom|133\/261|[from] Stealth Rock\n|move|p2a: Hawlucha|Sky Attack||[still]\n|-prepare|p2a: Hawlucha|Sky Attack\n|-enditem|p2a: Hawlucha|Power Herb\n|-anim|p2a: Hawlucha|Sky Attack|p1a: Breloom\n|-supereffective|p1a: Breloom\n|-damage|p1a: Breloom|0 fnt\n|faint|p1a: Breloom\n|\n|upkeep\n|\n|t:|1661709366\n|switch|p1a: Rotom|Rotom-Wash|266\/303\n|-damage|p1a: Rotom|229\/303|[from] Stealth Rock\n|turn|14\n|\n|t:|1661709371\n|move|p2a: Hawlucha|High Jump Kick|p1a: Rotom\n|-damage|p1a: Rotom|93\/303\n|move|p1a: Rotom|Volt Switch|p2a: Hawlucha\n|-supereffective|p2a: Hawlucha\n|-damage|p2a: Hawlucha|5\/300\n|\n|t:|1661709377\n|switch|p1a: Mamoswine|Mamoswine, M|90\/361\n|-damage|p1a: Mamoswine|45\/361|[from] Stealth Rock\n|\n|upkeep\n|turn|15\n|\n|t:|1661709380\n|move|p1a: Mamoswine|Ice Shard|p2a: Hawlucha\n|-supereffective|p2a: Hawlucha\n|-damage|p2a: Hawlucha|0 fnt\n|faint|p2a: Hawlucha\n|-damage|p1a: Mamoswine|9\/361|[from] item: Life Orb\n|\n|upkeep\n|\n|t:|1661709409\n|switch|p2a: Magnezone|Magnezone|324\/324 slp\n|-damage|p2a: Magnezone|304\/324 slp|[from] Stealth Rock\n|turn|16\n|\n|t:|1661709414\n|move|p1a: Mamoswine|Earthquake|p2a: Magnezone\n|-supereffective|p2a: Magnezone\n|-damage|p2a: Magnezone|0 fnt\n|faint|p2a: Magnezone\n|-damage|p1a: Mamoswine|0 fnt|[from] item: Life Orb\n|faint|p1a: Mamoswine\n|\n|upkeep\n|inactive|Lasen has 270 seconds left.\n|inactive|Lasen has 240 seconds left.\n|\n|t:|1661709479\n|switch|p1a: Medicham|Medicham-Mega, F|198\/262 tox\n|switch|p2a: Landorus|Landorus-Therian, M|319\/319\n|-damage|p2a: Landorus|280\/319|[from] Stealth Rock\n|-ability|p2a: Landorus|Intimidate|boost\n|-unboost|p1a: Medicham|atk|1\n|-damage|p1a: Medicham|182\/262 tox|[from] Stealth Rock\n|turn|17\n|\n|t:|1661709482\n|move|p1a: Medicham|Fake Out|p2a: Landorus\n|-damage|p2a: Landorus|216\/319\n|cant|p2a: Landorus|flinch\n|\n|-damage|p1a: Medicham|166\/262 tox|[from] psn\n|upkeep\n|turn|18\n|\n|t:|1661709486\n|switch|p1a: Celebi|Celebi|197\/404\n|-damage|p1a: Celebi|147\/404|[from] Stealth Rock\n|move|p2a: Landorus|Earthquake|p1a: Celebi\n|-resisted|p1a: Celebi\n|-damage|p1a: Celebi|33\/404\n|\n|-heal|p1a: Celebi|58\/404|[from] item: Leftovers\n|upkeep\n|turn|19\n|\n|t:|1661709490\n|move|p2a: Landorus|Earthquake|p1a: Celebi\n|-resisted|p1a: Celebi\n|-damage|p1a: Celebi|0 fnt\n|faint|p1a: Celebi\n|\n|upkeep\n|\n|t:|1661709494\n|switch|p1a: Rotom|Rotom-Wash|93\/303\n|-damage|p1a: Rotom|56\/303|[from] Stealth Rock\n|turn|20\n|\n|t:|1661709500\n|move|p2a: Landorus|Stone Edge|p1a: Rotom\n|-damage|p1a: Rotom|0 fnt\n|faint|p1a: Rotom\n|\n|upkeep\n|c|\u2606Lasen|IT'S NOT SCARDF\n|\n|t:|1661709508\n|switch|p1a: Medicham|Medicham-Mega, F|166\/262 tox\n|-damage|p1a: Medicham|150\/262 tox|[from] Stealth Rock\n|turn|21\n|c|\u2606Skysolo \u2764|Oh?\n|\n|t:|1661709512\n|switch|p2a: Jirachi|Jirachi|336\/404 par\n|-damage|p2a: Jirachi|311\/404 par|[from] Stealth Rock\n|move|p1a: Medicham|Ice Punch|p2a: Jirachi\n|-resisted|p2a: Jirachi\n|-damage|p2a: Jirachi|234\/404 par\n|\n|-heal|p2a: Jirachi|259\/404 par|[from] item: Leftovers\n|-damage|p1a: Medicham|134\/262 tox|[from] psn\n|upkeep\n|turn|22\n|\n|t:|1661709520\n|move|p1a: Medicham|High Jump Kick|p2a: Jirachi\n|-damage|p2a: Jirachi|0 fnt\n|faint|p2a: Jirachi\n|\n|-damage|p1a: Medicham|102\/262 tox|[from] psn\n|upkeep\n|\n|t:|1661709523\n|switch|p2a: Landorus|Landorus-Therian, M|216\/319\n|-damage|p2a: Landorus|177\/319|[from] Stealth Rock\n|-ability|p2a: Landorus|Intimidate|boost\n|-unboost|p1a: Medicham|atk|1\n|turn|23\n|\n|t:|1661709527\n|move|p2a: Landorus|Earthquake|p1a: Medicham\n|-damage|p1a: Medicham|0 fnt\n|faint|p1a: Medicham\n|\n|upkeep\n|\n|t:|1661709529\n|switch|p1a: Togekiss|Togekiss, M|374\/374\n|-damage|p1a: Togekiss|281\/374|[from] Stealth Rock\n|turn|24\n|\n|t:|1661709533\n|move|p2a: Landorus|Stone Edge|p1a: Togekiss\n|-supereffective|p1a: Togekiss\n|-damage|p1a: Togekiss|23\/374\n|move|p1a: Togekiss|Roost|p1a: Togekiss\n|-heal|p1a: Togekiss|210\/374\n|-singleturn|p1a: Togekiss|move: Roost\n|\n|-heal|p1a: Togekiss|233\/374|[from] item: Leftovers\n|upkeep\n|turn|25\n|\n|t:|1661709537\n|move|p2a: Landorus|Stone Edge|p1a: Togekiss\n|-supereffective|p1a: Togekiss\n|-damage|p1a: Togekiss|0 fnt\n|faint|p1a: Togekiss\n|\n|win|Skysolo \u2764\n","uploadtime":1661709538,"views":7,"p1id":"lasen","p2id":"skysolo","formatid":"gen6battlefactory","rating":0,"private":0,"password":null}