{"id":"smogtours-gen8randombattle-584695","p1":"Buhrito","p2":"cleeve28","format":"gen8randombattle","log":"|inactive|Battle timer is ON: inactive players will automatically lose when time's up.\n|t:|1633731274\n|gametype|singles\n|player|p1|Buhrito|preschooler|\n|player|p2|cleeve28|steven|\n|teamsize|p1|6\n|teamsize|p2|6\n|gen|8\n|tier|[Gen 8] Random Battle\n|rule|Species Clause: Limit one of each Pok\u00e9mon\n|rule|HP Percentage Mod: HP is shown in percentages\n|rule|Sleep Clause Mod: Limit one foe put to sleep\n|\n|t:|1633731274\n|start\n|switch|p1a: Quagsire|Quagsire, L84, F|297\/297\n|switch|p2a: Kingler|Kingler, L84, F|230\/230\n|turn|1\n|c|\u2606cleeve28|glhf\n|c|\u2606Buhrito|you too\n|inactive|Buhrito has 270 seconds left.\n|\n|t:|1633731322\n|switch|p1a: Venusaur|Venusaur, L82, M|265\/265\n|move|p2a: Kingler|Superpower|p1a: Venusaur\n|-resisted|p1a: Venusaur\n|-damage|p1a: Venusaur|188\/265\n|-unboost|p2a: Kingler|atk|1\n|-unboost|p2a: Kingler|def|1\n|-damage|p2a: Kingler|207\/230|[from] item: Life Orb\n|\n|-heal|p1a: Venusaur|204\/265|[from] item: Black Sludge\n|upkeep\n|turn|2\n|\n|t:|1633731347\n|switch|p2a: Mantine|Mantine, L86, F|286\/286\n|move|p1a: Venusaur|Leech Seed|p2a: Mantine\n|-start|p2a: Mantine|move: Leech Seed\n|\n|-heal|p1a: Venusaur|220\/265|[from] item: Black Sludge\n|-damage|p2a: Mantine|251\/286|[from] Leech Seed|[of] p1a: Venusaur\n|-heal|p1a: Venusaur|255\/265|[silent]\n|upkeep\n|turn|3\n|inactive|cleeve28 has 270 seconds left.\n|\n|t:|1633731363\n|move|p1a: Venusaur|Substitute|p1a: Venusaur\n|-start|p1a: Venusaur|Substitute\n|-damage|p1a: Venusaur|189\/265\n|move|p2a: Mantine|Hurricane|p1a: Venusaur|[miss]\n|-miss|p2a: Mantine|p1a: Venusaur\n|\n|-heal|p1a: Venusaur|205\/265|[from] item: Black Sludge\n|-damage|p2a: Mantine|216\/286|[from] Leech Seed|[of] p1a: Venusaur\n|-heal|p1a: Venusaur|240\/265|[silent]\n|upkeep\n|turn|4\n|inactive|cleeve28 has 270 seconds left.\n|\n|t:|1633731383\n|move|p1a: Venusaur|Sludge Bomb|p2a: Mantine\n|-damage|p2a: Mantine|152\/286\n|-status|p2a: Mantine|psn\n|move|p2a: Mantine|Hurricane|p1a: Venusaur\n|-supereffective|p1a: Venusaur\n|-end|p1a: Venusaur|Substitute\n|\n|-heal|p1a: Venusaur|256\/265|[from] item: Black Sludge\n|-damage|p2a: Mantine|117\/286 psn|[from] Leech Seed|[of] p1a: Venusaur\n|-heal|p1a: Venusaur|265\/265|[silent]\n|-damage|p2a: Mantine|82\/286 psn|[from] psn\n|upkeep\n|turn|5\n|\n|t:|1633731399\n|switch|p2a: Volcarona|Volcarona, L76, M|254\/254\n|move|p1a: Venusaur|Substitute|p1a: Venusaur\n|-start|p1a: Venusaur|Substitute\n|-damage|p1a: Venusaur|199\/265\n|\n|-heal|p1a: Venusaur|215\/265|[from] item: Black Sludge\n|upkeep\n|turn|6\n|\n|t:|1633731414\n|move|p2a: Volcarona|Quiver Dance|p2a: Volcarona\n|-boost|p2a: Volcarona|spa|1\n|-boost|p2a: Volcarona|spd|1\n|-boost|p2a: Volcarona|spe|1\n|move|p1a: Venusaur|Leech Seed|p2a: Volcarona\n|-start|p2a: Volcarona|move: Leech Seed\n|\n|-heal|p1a: Venusaur|231\/265|[from] item: Black Sludge\n|-damage|p2a: Volcarona|223\/254|[from] Leech Seed|[of] p1a: Venusaur\n|-heal|p1a: Venusaur|262\/265|[silent]\n|upkeep\n|turn|7\n|c|\u2606cleeve28|!weak venusaur\n|c| cleeve28|\/raw <div class=\"infobox\">Venusaur (ignoring abilities):<br \/><span class=\"message-effect-weak\">Weaknesses<\/span>: Fire, Flying, Ice, Psychic<br \/><span class=\"message-effect-resist\">Resistances<\/span>: Electric, Fairy, Fighting, <b>Grass<\/b>, Water<br \/><span class=\"message-effect-immune\">Immunities<\/span>: Powder moves, Toxic<\/div>\n|\n|t:|1633731438\n|move|p2a: Volcarona|Fire Blast|p1a: Venusaur\n|-supereffective|p1a: Venusaur\n|-crit|p1a: Venusaur\n|-end|p1a: Venusaur|Substitute\n|move|p1a: Venusaur|Substitute|p1a: Venusaur\n|-start|p1a: Venusaur|Substitute\n|-damage|p1a: Venusaur|196\/265\n|\n|-heal|p1a: Venusaur|212\/265|[from] item: Black Sludge\n|-damage|p2a: Volcarona|192\/254|[from] Leech Seed|[of] p1a: Venusaur\n|-heal|p1a: Venusaur|243\/265|[silent]\n|upkeep\n|turn|8\n|inactive|cleeve28 has 240 seconds left.\n|\n|t:|1633731459\n|move|p2a: Volcarona|Bug Buzz|p1a: Venusaur\n|-damage|p1a: Venusaur|101\/265\n|move|p1a: Venusaur|Substitute|p1a: Venusaur\n|-fail|p1a: Venusaur|move: Substitute\n|\n|-heal|p1a: Venusaur|117\/265|[from] item: Black Sludge\n|-damage|p2a: Volcarona|161\/254|[from] Leech Seed|[of] p1a: Venusaur\n|-heal|p1a: Venusaur|148\/265|[silent]\n|upkeep\n|turn|9\n|\n|t:|1633731469\n|switch|p1a: Unfezant|Unfezant, L84, M|271\/271\n|move|p2a: Volcarona|Bug Buzz|p1a: Unfezant\n|-resisted|p1a: Unfezant\n|-damage|p1a: Unfezant|164\/271\n|\n|-damage|p2a: Volcarona|130\/254|[from] Leech Seed|[of] p1a: Unfezant\n|-heal|p1a: Unfezant|195\/271|[silent]\n|upkeep\n|turn|10\n|\n|t:|1633731480\n|switch|p2a: Coalossal|Coalossal, L86, F|329\/329\n|-item|p2a: Coalossal|Air Balloon\n|move|p1a: Unfezant|Brave Bird|p2a: Coalossal\n|-resisted|p2a: Coalossal\n|-crit|p2a: Coalossal\n|-damage|p2a: Coalossal|247\/329\n|-enditem|p2a: Coalossal|Air Balloon\n|-damage|p1a: Unfezant|168\/271|[from] Recoil\n|\n|upkeep\n|turn|11\n|inactive|Buhrito has 270 seconds left.\n|\n|t:|1633731516\n|switch|p1a: Quagsire|Quagsire, L84, F|297\/297\n|move|p2a: Coalossal|Will-O-Wisp|p1a: Quagsire\n|-status|p1a: Quagsire|brn\n|\n|-damage|p1a: Quagsire|279\/297 brn|[from] brn\n|upkeep\n|turn|12\n|inactive|Buhrito has 270 seconds left.\n|inactive|cleeve28 has 240 seconds left.\n|\n|t:|1633731534\n|switch|p1a: Kyurem|Kyurem-White, L74|307\/307\n|-ability|p1a: Kyurem|Turboblaze\n|switch|p2a: Orbeetle|Orbeetle, L86, M|243\/243\n|-item|p1a: Kyurem|Heavy-Duty Boots|[from] ability: Frisk|[of] p2a: Orbeetle|[identify]\n|\n|upkeep\n|turn|13\n|inactive|Buhrito has 270 seconds left.\n|inactive|cleeve28 has 240 seconds left.\n|\n|t:|1633731565\n|move|p2a: Orbeetle|U-turn|p1a: Kyurem\n|-damage|p1a: Kyurem|255\/307\n|\n|t:|1633731572\n|switch|p2a: Coalossal|Coalossal, L86, F|247\/329\n|move|p1a: Kyurem|Draco Meteor|p2a: Coalossal\n|-damage|p2a: Coalossal|73\/329\n|-unboost|p1a: Kyurem|spa|2\n|\n|upkeep\n|turn|14\n|\n|t:|1633731592\n|move|p1a: Kyurem|Earth Power|p2a: Coalossal\n|-supereffective|p2a: Coalossal\n|-damage|p2a: Coalossal|0 fnt\n|faint|p2a: Coalossal\n|\n|upkeep\n|\n|t:|1633731600\n|switch|p2a: Regidrago|Regidrago, L78|440\/440\n|turn|15\n|\n|t:|1633731607\n|switch|p1a: Wigglytuff|Wigglytuff, L90, M|398\/398\n|-item|p2a: Regidrago|Lum Berry|[from] ability: Frisk|[of] p1a: Wigglytuff|[identify]\n|move|p2a: Regidrago|Dragon Dance|p2a: Regidrago\n|-boost|p2a: Regidrago|atk|1\n|-boost|p2a: Regidrago|spe|1\n|\n|upkeep\n|turn|16\n|inactive|Buhrito has 270 seconds left.\n|\n|t:|1633731636\n|-start|p2a: Regidrago|Dynamax\n|-heal|p2a: Regidrago|880\/880|[silent]\n|move|p2a: Regidrago|Max Knuckle|p1a: Wigglytuff\n|-damage|p1a: Wigglytuff|264\/398\n|-boost|p2a: Regidrago|atk|1\n|move|p1a: Wigglytuff|Reflect|p1a: Wigglytuff\n|-sidestart|p1: Buhrito|Reflect\n|\n|upkeep\n|turn|17\n|\n|t:|1633731651\n|move|p2a: Regidrago|Max Flare|p1a: Wigglytuff\n|-damage|p1a: Wigglytuff|158\/398\n|-weather|SunnyDay\n|move|p1a: Wigglytuff|Dazzling Gleam|p2a: Regidrago\n|-supereffective|p2a: Regidrago\n|-damage|p2a: Regidrago|610\/880\n|\n|-weather|SunnyDay|[upkeep]\n|upkeep\n|turn|18\n|inactive|cleeve28 has 210 seconds left.\n|\n|t:|1633731666\n|switch|p1a: Togekiss|Togekiss, L80, M|267\/267\n|move|p2a: Regidrago|Max Flare|p1a: Togekiss\n|-damage|p1a: Togekiss|164\/267\n|\n|-weather|SunnyDay|[upkeep]\n|-heal|p1a: Togekiss|180\/267|[from] item: Leftovers\n|-end|p2a: Regidrago|Dynamax\n|-heal|p2a: Regidrago|305\/440|[silent]\n|upkeep\n|turn|19\n|inactive|Buhrito has 270 seconds left.\n|inactive|cleeve28 has 210 seconds left.\n|inactive|cleeve28 has 180 seconds left.\n|\n|t:|1633731711\n|switch|p2a: Kingler|Kingler, L84, F|207\/230\n|move|p1a: Togekiss|Thunder Wave|p2a: Kingler\n|-status|p2a: Kingler|par\n|\n|-weather|SunnyDay|[upkeep]\n|-heal|p1a: Togekiss|196\/267|[from] item: Leftovers\n|upkeep\n|turn|20\n|inactive|cleeve28 has 180 seconds left.\n|\n|t:|1633731722\n|move|p1a: Togekiss|Air Slash|p2a: Kingler\n|-damage|p2a: Kingler|74\/230 par\n|cant|p2a: Kingler|flinch\n|\n|-weather|SunnyDay|[upkeep]\n|-heal|p1a: Togekiss|212\/267|[from] item: Leftovers\n|upkeep\n|turn|21\n|inactive|cleeve28 has 180 seconds left.\n|inactive|Buhrito has 270 seconds left.\n|c|\u2606cleeve28|yeah, gg\n|-message|cleeve28 forfeited.\n|\n|win|Buhrito\n","inputlog":">version 8151ffca2a6be5be4e1eb17ce0154f90b9ec3bd9\n>start {\"formatid\":\"gen8randombattle\",\"seed\":[53303,6460,64393,31393]}\n>player p1 {\"name\":\"Buhrito\",\"avatar\":\"preschooler\",\"rating\":0,\"seed\":[49432,48626,26732,10737]}\n>player p2 {\"name\":\"cleeve28\",\"avatar\":\"steven\",\"rating\":0,\"seed\":[43870,29688,40473,51702]}\n>chat \u2606cleeve28|glhf\n>chat \u2606Buhrito|you too\n>p1 switch 6\n>p2 move superpower\n>p1 move leechseed\n>p2 switch 4\n>p1 move substitute\n>p2 move hurricane\n>p1 move sludgebomb\n>p2 move hurricane\n>p1 move substitute\n>p2 switch 3\n>p1 move leechseed\n>p2 move quiverdance\n>chat \u2606cleeve28|!weak venusaur\n>p1 move substitute\n>p2 move fireblast\n>p1 move substitute\n>p2 move bugbuzz\n>p1 switch 4\n>p2 move bugbuzz\n>p1 move bravebird\n>p2 switch 6\n>p1 switch 6\n>p2 move willowisp\n>p1 switch 2\n>p2 switch 5\n>p1 move dracometeor\n>p2 move uturn\n>p2 switch 5\n>p1 move earthpower\n>p2 move stoneedge\n>p2 switch 2\n>p1 switch 3\n>p2 move dragondance\n>p1 move reflect\n>p2 move hammerarm dynamax\n>p1 move dazzlinggleam\n>p2 move firefang dynamax\n>p1 switch 5\n>p2 move firefang dynamax\n>p1 move thunderwave\n>p2 switch 4\n>p1 move airslash\n>p2 move swordsdance\n>chat \u2606cleeve28|yeah, gg\n>forcelose p2","uploadtime":1633731760,"views":13,"p1id":"buhrito","p2id":"cleeve28","formatid":"gen8randombattle","rating":0,"private":0,"password":null}