{"id":"smogtours-gen6ou-592934","p1":"lonietzzz","p2":"K. Maro","format":"gen6ou","log":"|inactive|Battle timer is ON: inactive players will automatically lose when time's up.\n|t:|1636839172\n|gametype|singles\n|player|p1|lonietzzz|pokemonbreederf|\n|player|p2|K. Maro|#fcl8skystrikers|\n|teamsize|p1|6\n|teamsize|p2|6\n|gen|6\n|tier|[Gen 6] OU\n|rule|Sleep Clause Mod: Limit one foe put to sleep\n|rule|Species Clause: Limit one of each Pok\u00e9mon\n|rule|OHKO Clause: OHKO moves are banned\n|rule|Moody Clause: Moody is banned\n|rule|Evasion Moves Clause: Evasion moves are banned\n|rule|Endless Battle Clause: Forcing endless battles is banned\n|rule|HP Percentage Mod: HP is shown in percentages\n|rule|Swagger Clause: Swagger is banned\n|clearpoke\n|poke|p1|Magnezone|item\n|poke|p1|Medicham, M|item\n|poke|p1|Dragonite, M|item\n|poke|p1|Excadrill, M|item\n|poke|p1|Slowbro, M|item\n|poke|p1|Weavile, M|item\n|poke|p2|Manectric, F|item\n|poke|p2|Landorus-Therian, M|item\n|poke|p2|Kyurem-Black|item\n|poke|p2|Tornadus-Therian, M|item\n|poke|p2|Excadrill, M|item\n|poke|p2|Heatran, F|item\n|teampreview\n|c|\u2606K. Maro|hf\n|c|\u2606lonietzzz|hf\n|inactive|lonietzzz has 270 seconds left.\n|\n|t:|1636839204\n|start\n|switch|p1a: Medicham|Medicham, M|100\/100\n|switch|p2a: J'ai bi1 travaill\u00e9|Manectric, F|100\/100\n|turn|1\n|\n|t:|1636839210\n|detailschange|p2a: J'ai bi1 travaill\u00e9|Manectric-Mega, F\n|-mega|p2a: J'ai bi1 travaill\u00e9|Manectric|Manectite\n|-ability|p2a: J'ai bi1 travaill\u00e9|Intimidate|boost\n|-unboost|p1a: Medicham|atk|1\n|detailschange|p1a: Medicham|Medicham-Mega, M\n|-mega|p1a: Medicham|Medicham|Medichamite\n|move|p1a: Medicham|Fake Out|p2a: J'ai bi1 travaill\u00e9\n|-damage|p2a: J'ai bi1 travaill\u00e9|77\/100\n|cant|p2a: J'ai bi1 travaill\u00e9|flinch\n|\n|upkeep\n|turn|2\n|\n|t:|1636839232\n|move|p2a: J'ai bi1 travaill\u00e9|Flamethrower|p1a: Medicham\n|-damage|p1a: Medicham|53\/100\n|move|p1a: Medicham|Zen Headbutt|p2a: J'ai bi1 travaill\u00e9|[miss]\n|-miss|p1a: Medicham|p2a: J'ai bi1 travaill\u00e9\n|\n|upkeep\n|turn|3\n|c|\u2606lonietzzz|comon\n|\n|t:|1636839245\n|switch|p1a: Excadrill|Excadrill, M|100\/100\n|-ability|p1a: Excadrill|Mold Breaker\n|move|p2a: J'ai bi1 travaill\u00e9|Thunderbolt|p1a: Excadrill\n|-immune|p1a: Excadrill\n|\n|upkeep\n|turn|4\n|\n|t:|1636839251\n|switch|p2a: J'\u00e9tais respect\u00e9|Landorus-Therian, M|100\/100\n|-ability|p2a: J'\u00e9tais respect\u00e9|Intimidate|boost\n|-unboost|p1a: Excadrill|atk|1\n|move|p1a: Excadrill|Stealth Rock|p2a: J'\u00e9tais respect\u00e9\n|-sidestart|p2: K. Maro|move: Stealth Rock\n|\n|upkeep\n|turn|5\n|\n|t:|1636839259\n|switch|p1a: Slowbro|Slowbro, M|100\/100\n|move|p2a: J'\u00e9tais respect\u00e9|U-turn|p1a: Slowbro\n|-supereffective|p1a: Slowbro\n|-damage|p1a: Slowbro|67\/100\n|-enditem|p1a: Slowbro|Eject Button\n|\n|t:|1636839265\n|switch|p1a: Weavile|Weavile, M|100\/100\n|-ability|p1a: Weavile|Pressure\n|\n|upkeep\n|turn|6\n|c|+zS|ah tu \u00e9tais respect\u00e9?\n|c|+zS|:henry:\n|inactive|K. Maro has 270 seconds left.\n|\n|t:|1636839295\n|-activate|p2a: J'\u00e9tais respect\u00e9|move: Pursuit\n|move|p1a: Weavile|Pursuit|p2a: J'\u00e9tais respect\u00e9|[from]Pursuit\n|-damage|p2a: J'\u00e9tais respect\u00e9|30\/100\n|switch|p2a: Ma vie j'ai rat\u00e9|Heatran, F|100\/100\n|-damage|p2a: Ma vie j'ai rat\u00e9|88\/100|[from] Stealth Rock\n|\n|-heal|p2a: Ma vie j'ai rat\u00e9|94\/100|[from] item: Leftovers\n|upkeep\n|turn|7\n|inactive|K. Maro has 270 seconds left.\n|\n|t:|1636839306\n|switch|p1a: Dragonite|Dragonite, M|100\/100\n|move|p2a: Ma vie j'ai rat\u00e9|Stealth Rock|p1a: Dragonite\n|-sidestart|p1: lonietzzz|move: Stealth Rock\n|\n|-heal|p2a: Ma vie j'ai rat\u00e9|100\/100|[from] item: Leftovers\n|upkeep\n|turn|8\n|inactive|K. Maro has 270 seconds left.\n|inactive|K. Maro has 240 seconds left.\n|\n|t:|1636839347\n|switch|p2a: J'\u00e9tais respect\u00e9|Landorus-Therian, M|30\/100\n|-damage|p2a: J'\u00e9tais respect\u00e9|18\/100|[from] Stealth Rock\n|-ability|p2a: J'\u00e9tais respect\u00e9|Intimidate|boost\n|-unboost|p1a: Dragonite|atk|1\n|move|p1a: Dragonite|Dragon Dance|p1a: Dragonite\n|-boost|p1a: Dragonite|atk|1\n|-boost|p1a: Dragonite|spe|1\n|\n|upkeep\n|turn|9\n|\n|t:|1636839352\n|move|p2a: J'\u00e9tais respect\u00e9|Stone Edge|p1a: Dragonite\n|-supereffective|p1a: Dragonite\n|-damage|p1a: Dragonite|58\/100\n|move|p1a: Dragonite|Dragon Dance|p1a: Dragonite\n|-boost|p1a: Dragonite|atk|1\n|-boost|p1a: Dragonite|spe|1\n|\n|upkeep\n|turn|10\n|\n|t:|1636839360\n|switch|p2a: Ma vie j'ai rat\u00e9|Heatran, F|100\/100\n|-damage|p2a: Ma vie j'ai rat\u00e9|88\/100|[from] Stealth Rock\n|move|p1a: Dragonite|Roost|p1a: Dragonite\n|-heal|p1a: Dragonite|100\/100\n|-singleturn|p1a: Dragonite|move: Roost\n|\n|-heal|p2a: Ma vie j'ai rat\u00e9|94\/100|[from] item: Leftovers\n|upkeep\n|turn|11\n|\n|t:|1636839382\n|move|p1a: Dragonite|Earthquake|p2a: Ma vie j'ai rat\u00e9\n|-supereffective|p2a: Ma vie j'ai rat\u00e9\n|-damage|p2a: Ma vie j'ai rat\u00e9|0 fnt\n|faint|p2a: Ma vie j'ai rat\u00e9\n|\n|upkeep\n|inactive|K. Maro has 240 seconds left.\n|inactive|K. Maro has 210 seconds left.\n|\n|t:|1636839425\n|switch|p2a: De juv\u00e9nile|Kyurem-Black|100\/100\n|-damage|p2a: De juv\u00e9nile|76\/100|[from] Stealth Rock\n|-ability|p2a: De juv\u00e9nile|Teravolt\n|turn|12\n|\n|t:|1636839428\n|move|p1a: Dragonite|Outrage|p2a: De juv\u00e9nile\n|-supereffective|p2a: De juv\u00e9nile\n|-damage|p2a: De juv\u00e9nile|0 fnt\n|faint|p2a: De juv\u00e9nile\n|\n|upkeep\n|c|+Zenadark|c'\u00e9tait sympa :paz:\n|\n|t:|1636839440\n|switch|p2a: J'n'ai pas profit\u00e9|Excadrill, M|100\/100\n|-damage|p2a: J'n'ai pas profit\u00e9|97\/100|[from] Stealth Rock\n|-ability|p2a: J'n'ai pas profit\u00e9|Mold Breaker\n|turn|13\n|c|\u2606K. Maro|il a chang\u00e9 la team :henry:\n|c|+zS|:bectlic:\n|inactive|K. Maro has 210 seconds left.\n|\n|t:|1636839456\n|move|p1a: Dragonite|Outrage|p2a: J'n'ai pas profit\u00e9|[from]lockedmove\n|-resisted|p2a: J'n'ai pas profit\u00e9\n|-damage|p2a: J'n'ai pas profit\u00e9|18\/100\n|-start|p1a: Dragonite|confusion|[fatigue]\n|-enditem|p1a: Dragonite|Lum Berry|[eat]\n|-end|p1a: Dragonite|confusion\n|move|p2a: J'n'ai pas profit\u00e9|Rapid Spin|p1a: Dragonite\n|-damage|p1a: Dragonite|93\/100\n|-sideend|p2: K. Maro|Stealth Rock|[from] move: Rapid Spin|[of] p2a: J'n'ai pas profit\u00e9\n|\n|-heal|p2a: J'n'ai pas profit\u00e9|24\/100|[from] item: Leftovers\n|upkeep\n|turn|14\n|c|+S-arcobaleno|\u00e0 tout de suite cousin\n|\n|t:|1636839466\n|switch|p2a: J'ai bi1 travaill\u00e9|Manectric-Mega, F|77\/100\n|-ability|p2a: J'ai bi1 travaill\u00e9|Intimidate|boost\n|-unboost|p1a: Dragonite|atk|1\n|move|p1a: Dragonite|Dragon Dance|p1a: Dragonite\n|-boost|p1a: Dragonite|atk|1\n|-boost|p1a: Dragonite|spe|1\n|\n|upkeep\n|turn|15\n|\n|t:|1636839471\n|switch|p2a: J'\u00e9tais respect\u00e9|Landorus-Therian, M|18\/100\n|-ability|p2a: J'\u00e9tais respect\u00e9|Intimidate|boost\n|-unboost|p1a: Dragonite|atk|1\n|move|p1a: Dragonite|Outrage|p2a: J'\u00e9tais respect\u00e9\n|-damage|p2a: J'\u00e9tais respect\u00e9|0 fnt\n|faint|p2a: J'\u00e9tais respect\u00e9\n|\n|upkeep\n|\n|t:|1636839477\n|switch|p2a: J'ai bi1 travaill\u00e9|Manectric-Mega, F|77\/100\n|-ability|p2a: J'ai bi1 travaill\u00e9|Intimidate|boost\n|-unboost|p1a: Dragonite|atk|1\n|turn|16\n|\n|t:|1636839479\n|move|p1a: Dragonite|Outrage|p2a: J'ai bi1 travaill\u00e9|[from]lockedmove\n|-damage|p2a: J'ai bi1 travaill\u00e9|10\/100\n|move|p2a: J'ai bi1 travaill\u00e9|Hidden Power|p1a: Dragonite\n|-supereffective|p1a: Dragonite\n|-damage|p1a: Dragonite|9\/100\n|\n|upkeep\n|turn|17\n|inactive|K. Maro has 240 seconds left.\n|\n|t:|1636839485\n|move|p1a: Dragonite|Outrage|p2a: J'ai bi1 travaill\u00e9|[from]lockedmove\n|-damage|p2a: J'ai bi1 travaill\u00e9|0 fnt\n|faint|p2a: J'ai bi1 travaill\u00e9\n|-start|p1a: Dragonite|confusion|[fatigue]\n|\n|upkeep\n|inactive|K. Maro has 240 seconds left.\n|\n|t:|1636839491\n|switch|p2a: J'n'ai pas profit\u00e9|Excadrill, M|24\/100\n|-ability|p2a: J'n'ai pas profit\u00e9|Mold Breaker\n|turn|18\n|\n|t:|1636839496\n|-activate|p1a: Dragonite|confusion\n|-damage|p1a: Dragonite|0 fnt|[from] confusion\n|faint|p1a: Dragonite\n|move|p2a: J'n'ai pas profit\u00e9|Iron Head|p1: Dragonite|[notarget]\n|-fail|p2a: J'n'ai pas profit\u00e9\n|\n|-heal|p2a: J'n'ai pas profit\u00e9|30\/100|[from] item: Leftovers\n|upkeep\n|c|\u2606lonietzzz|opps\n|\n|t:|1636839505\n|switch|p1a: Weavile|Weavile, M|100\/100\n|-damage|p1a: Weavile|76\/100|[from] Stealth Rock\n|-ability|p1a: Weavile|Pressure\n|turn|19\n|\n|t:|1636839509\n|move|p2a: J'n'ai pas profit\u00e9|Protect|p2a: J'n'ai pas profit\u00e9\n|-singleturn|p2a: J'n'ai pas profit\u00e9|Protect\n|move|p1a: Weavile|Icicle Crash|p2a: J'n'ai pas profit\u00e9\n|-activate|p2a: J'n'ai pas profit\u00e9|move: Protect\n|\n|-heal|p2a: J'n'ai pas profit\u00e9|36\/100|[from] item: Leftovers\n|upkeep\n|turn|20\n|inactive|K. Maro has 270 seconds left.\n|\n|t:|1636839514\n|move|p1a: Weavile|Icicle Crash|p2a: J'n'ai pas profit\u00e9\n|-damage|p2a: J'n'ai pas profit\u00e9|0 fnt\n|faint|p2a: J'n'ai pas profit\u00e9\n|\n|upkeep\n|\n|t:|1636839516\n|switch|p2a: \u00c0 pr\u00e9-retrait\u00e9|Tornadus-Therian, M|100\/100\n|turn|21\n|\n|t:|1636839522\n|move|p1a: Weavile|Icicle Crash|p2a: \u00c0 pr\u00e9-retrait\u00e9\n|-supereffective|p2a: \u00c0 pr\u00e9-retrait\u00e9\n|-damage|p2a: \u00c0 pr\u00e9-retrait\u00e9|0 fnt\n|faint|p2a: \u00c0 pr\u00e9-retrait\u00e9\n|\n|win|lonietzzz\n|c|\u2606K. Maro|gg\n|c|\u2606lonietzzz|ggs\n|c|+zS|:cousiin:\n","uploadtime":1636839523,"views":40,"p1id":"lonietzzz","p2id":"kmaro","formatid":"gen6ou","rating":0,"private":0,"password":null}