{"id":"smogtours-gen7zu-657676","p1":"btboy","p2":"ayevon","format":"gen7zu","log":"|inactive|Battle timer is ON: inactive players will automatically lose when time's up.\n|t:|1667014033\n|gametype|singles\n|player|p1|btboy|spenser-gen3|\n|player|p2|ayevon|169|\n|teamsize|p1|6\n|teamsize|p2|6\n|gen|7\n|tier|[Gen 7] ZU\n|rule|Sleep Clause Mod: Limit one foe put to sleep\n|rule|Species Clause: Limit one of each Pok\u00e9mon\n|rule|OHKO Clause: OHKO moves are banned\n|rule|Moody Clause: Moody is banned\n|rule|Evasion Items Clause: Evasion items are banned\n|rule|Evasion Moves Clause: Evasion moves are banned\n|rule|Endless Battle Clause: Forcing endless battles is banned\n|rule|HP Percentage Mod: HP is shown in percentages\n|clearpoke\n|poke|p1|Toucannon, F|item\n|poke|p1|Silvally-*|item\n|poke|p1|Wishiwashi, L99, M|item\n|poke|p1|Golem, F|item\n|poke|p1|Simisage, F|item\n|poke|p1|Electivire, F|item\n|poke|p2|Silvally-*|item\n|poke|p2|Combusken, F|item\n|poke|p2|Golem, F|item\n|poke|p2|Toucannon, M|item\n|poke|p2|Simisage, F|item\n|poke|p2|Muk, F|item\n|teampreview\n|inactive|ayevon also wants the timer to be on.\n|c|\u2606btboy|glhf\n|c|\u2606ayevon|hf\n|c|\u2606btboy|gaming\n|\n|t:|1667014059\n|start\n|switch|p1a: Toucannon|Toucannon, F|100\/100\n|switch|p2a: Toucannon|Toucannon, M|100\/100\n|turn|1\n|c|\u2606btboy|rn??\n|\n|t:|1667014074\n|switch|p2a: Golem|Golem, F|100\/100\n|move|p1a: Toucannon|Brave Bird|p2a: Golem\n|-resisted|p2a: Golem\n|-damage|p2a: Golem|76\/100\n|-damage|p1a: Toucannon|91\/100|[from] Recoil\n|\n|-heal|p2a: Golem|82\/100|[from] item: Leftovers\n|upkeep\n|turn|2\n|\n|t:|1667014081\n|move|p1a: Toucannon|Brave Bird|p2a: Golem\n|-resisted|p2a: Golem\n|-damage|p2a: Golem|58\/100\n|-damage|p1a: Toucannon|81\/100|[from] Recoil\n|move|p2a: Golem|Stealth Rock|p1a: Toucannon\n|-sidestart|p1: btboy|move: Stealth Rock\n|\n|-heal|p2a: Golem|65\/100|[from] item: Leftovers\n|upkeep\n|turn|3\n|c|\u2606btboy|who stays\n|\n|t:|1667014093\n|move|p1a: Toucannon|Bullet Seed|p2a: Golem\n|-supereffective|p2a: Golem\n|-damage|p2a: Golem|43\/100\n|-supereffective|p2a: Golem\n|-damage|p2a: Golem|22\/100\n|-supereffective|p2a: Golem\n|-damage|p2a: Golem|0 fnt\n|faint|p2a: Golem\n|-hitcount|p2: Golem|3\n|\n|upkeep\n|\n|t:|1667014106\n|switch|p2a: Toucannon|Toucannon, M|100\/100\n|turn|4\n|\n|t:|1667014116\n|move|p2a: Toucannon|Rock Blast|p1a: Toucannon|[miss]\n|-miss|p2a: Toucannon|p1a: Toucannon\n|move|p1a: Toucannon|Brave Bird|p2a: Toucannon\n|-damage|p2a: Toucannon|0 fnt\n|faint|p2a: Toucannon\n|-damage|p1a: Toucannon|48\/100|[from] Recoil\n|\n|upkeep\n|c|\u2606ayevon|.\n|c|\u2606btboy|imbright powder\n|\n|t:|1667014126\n|switch|p2a: Silvally|Silvally-Water|100\/100\n|turn|5\n|\n|t:|1667014134\n|move|p2a: Silvally|Thunderbolt|p1a: Toucannon\n|-supereffective|p1a: Toucannon\n|-damage|p1a: Toucannon|0 fnt\n|faint|p1a: Toucannon\n|\n|upkeep\n|\n|t:|1667014137\n|switch|p1a: Silvally|Silvally-Poison|100\/100\n|-damage|p1a: Silvally|88\/100|[from] Stealth Rock\n|turn|6\n|\n|t:|1667014141\n|move|p2a: Silvally|Surf|p1a: Silvally\n|-damage|p1a: Silvally|59\/100\n|move|p1a: Silvally|Defog|p2a: Silvally\n|-unboost|p2a: Silvally|evasion|1\n|-sideend|p1: btboy|Stealth Rock|[from] move: Defog|[of] p1a: Silvally\n|\n|upkeep\n|turn|7\n|\n|t:|1667014144\n|switch|p1a: Simisage|Simisage, F|100\/100\n|move|p2a: Silvally|U-turn|p1a: Simisage\n|-supereffective|p1a: Simisage\n|-damage|p1a: Simisage|53\/100\n|\n|t:|1667014147\n|switch|p2a: Muk|Muk, F|100\/100|[from]move: U-turn\n|\n|upkeep\n|turn|8\n|\n|t:|1667014152\n|switch|p1a: Golem|Golem, F|100\/100\n|move|p2a: Muk|Gunk Shot|p1a: Golem|[miss]\n|-miss|p2a: Muk|p1a: Golem\n|\n|upkeep\n|turn|9\n|\n|t:|1667014155\n|move|p1a: Golem|Stealth Rock|p2a: Muk\n|-sidestart|p2: ayevon|move: Stealth Rock\n|move|p2a: Muk|Giga Drain|p1a: Golem\n|-supereffective|p1a: Golem\n|-damage|p1a: Golem|44\/100\n|\n|upkeep\n|turn|10\n|\n|t:|1667014164\n|switch|p2a: Simisage|Simisage, F|100\/100\n|-damage|p2a: Simisage|88\/100|[from] Stealth Rock\n|move|p1a: Golem|Earthquake|p2a: Simisage\n|-resisted|p2a: Simisage\n|-damage|p2a: Simisage|39\/100\n|\n|upkeep\n|turn|11\n|\n|t:|1667014175\n|switch|p1a: Silvally|Silvally-Poison|59\/100\n|move|p2a: Simisage|Leaf Storm|p1a: Silvally\n|-resisted|p1a: Silvally\n|-damage|p1a: Silvally|27\/100\n|-unboost|p2a: Simisage|spa|2\n|-damage|p2a: Simisage|29\/100|[from] item: Life Orb\n|\n|upkeep\n|turn|12\n|\n|t:|1667014181\n|switch|p2a: Muk|Muk, F|100\/100\n|-damage|p2a: Muk|88\/100|[from] Stealth Rock\n|move|p1a: Silvally|U-turn|p2a: Muk\n|-resisted|p2a: Muk\n|-damage|p2a: Muk|81\/100\n|\n|t:|1667014188\n|switch|p1a: Golem|Golem, F|44\/100|[from]move: U-turn\n|\n|-heal|p2a: Muk|87\/100|[from] item: Leftovers\n|upkeep\n|turn|13\n|\n|t:|1667014193\n|switch|p2a: Silvally|Silvally-Water|100\/100\n|-damage|p2a: Silvally|88\/100|[from] Stealth Rock\n|move|p1a: Golem|Earthquake|p2a: Silvally\n|-damage|p2a: Silvally|54\/100\n|\n|upkeep\n|turn|14\n|\n|t:|1667014200\n|switch|p1a: Simisage|Simisage, F|53\/100\n|move|p2a: Silvally|Defog|p1a: Simisage\n|-unboost|p1a: Simisage|evasion|1\n|-sideend|p2: ayevon|Stealth Rock|[from] move: Defog|[of] p2a: Silvally\n|\n|upkeep\n|turn|15\n|\n|t:|1667014208\n|switch|p2a: Muk|Muk, F|87\/100\n|move|p1a: Simisage|Leaf Storm|p2a: Muk\n|-resisted|p2a: Muk\n|-damage|p2a: Muk|61\/100\n|-unboost|p1a: Simisage|spa|2\n|-damage|p1a: Simisage|43\/100|[from] item: Life Orb\n|\n|-heal|p2a: Muk|67\/100|[from] item: Leftovers\n|upkeep\n|turn|16\n|\n|t:|1667014222\n|switch|p1a: Silvally|Silvally-Poison|27\/100\n|move|p2a: Muk|Giga Drain|p1a: Silvally\n|-resisted|p1a: Silvally\n|-damage|p1a: Silvally|22\/100\n|-heal|p2a: Muk|70\/100|[from] drain|[of] p1a: Silvally\n|\n|-heal|p2a: Muk|76\/100|[from] item: Leftovers\n|upkeep\n|turn|17\n|\n|t:|1667014228\n|move|p1a: Silvally|Thunderbolt|p2a: Muk\n|-damage|p2a: Muk|63\/100\n|move|p2a: Muk|Gunk Shot|p1a: Silvally\n|-resisted|p1a: Silvally\n|-damage|p1a: Silvally|4\/100\n|\n|-heal|p2a: Muk|69\/100|[from] item: Leftovers\n|upkeep\n|turn|18\n|\n|t:|1667014235\n|move|p1a: Silvally|Ice Beam|p2a: Muk\n|-damage|p2a: Muk|54\/100\n|move|p2a: Muk|Giga Drain|p1a: Silvally\n|-resisted|p1a: Silvally\n|-damage|p1a: Silvally|0 fnt\n|-heal|p2a: Muk|56\/100|[from] drain|[of] p1a: Silvally\n|faint|p1a: Silvally\n|\n|-heal|p2a: Muk|62\/100|[from] item: Leftovers\n|upkeep\n|\n|t:|1667014240\n|switch|p1a: Golem|Golem, F|44\/100\n|turn|19\n|\n|t:|1667014244\n|switch|p2a: Silvally|Silvally-Water|54\/100\n|move|p1a: Golem|Earthquake|p2a: Silvally\n|-damage|p2a: Silvally|19\/100\n|\n|upkeep\n|turn|20\n|\n|t:|1667014253\n|move|p1a: Golem|Sucker Punch|p2a: Silvally\n|-damage|p2a: Silvally|0 fnt\n|faint|p2a: Silvally\n|\n|upkeep\n|\n|t:|1667014254\n|switch|p2a: Combusken|Combusken, F|100\/100\n|turn|21\n|\n|t:|1667014267\n|-zpower|p2a: Combusken\n|move|p2a: Combusken|All-Out Pummeling|p1a: Golem|[zeffect]\n|-supereffective|p1a: Golem\n|-damage|p1a: Golem|0 fnt\n|faint|p1a: Golem\n|\n|-ability|p2a: Combusken|Speed Boost|boost\n|-boost|p2a: Combusken|spe|1\n|upkeep\n|\n|t:|1667014273\n|switch|p1a: Wishiwashi|Wishiwashi, L99, M|100\/100\n|-formechange|p1a: Wishiwashi|Wishiwashi-School||[from] ability: Schooling\n|turn|22\n|\n|t:|1667014277\n|switch|p2a: Muk|Muk, F|62\/100\n|move|p1a: Wishiwashi|Scald|p2a: Muk\n|-damage|p2a: Muk|40\/100\n|-status|p2a: Muk|brn\n|\n|-heal|p2a: Muk|46\/100 brn|[from] item: Leftovers\n|-damage|p2a: Muk|40\/100 brn|[from] brn\n|upkeep\n|turn|23\n|\n|t:|1667014285\n|move|p2a: Muk|Gunk Shot|p1a: Wishiwashi\n|-damage|p1a: Wishiwashi|76\/100\n|move|p1a: Wishiwashi|U-turn|p2a: Muk\n|-resisted|p2a: Muk\n|-damage|p2a: Muk|28\/100 brn\n|\n|t:|1667014287\n|switch|p1a: Electivire|Electivire, F|100\/100|[from]move: U-turn\n|\n|-heal|p2a: Muk|34\/100 brn|[from] item: Leftovers\n|-damage|p2a: Muk|28\/100 brn|[from] brn\n|upkeep\n|turn|24\n|\n|t:|1667014295\n|move|p1a: Electivire|Earthquake|p2a: Muk\n|-supereffective|p2a: Muk\n|-damage|p2a: Muk|0 fnt\n|faint|p2a: Muk\n|\n|upkeep\n|c|\u2606ayevon|alas u mega haxed \n|\n|t:|1667014299\n|switch|p2a: Simisage|Simisage, F|29\/100\n|turn|25\n|c|\u2606btboy|im bright powder\n|\n|t:|1667014309\n|move|p1a: Electivire|Earthquake|p2a: Simisage\n|-resisted|p2a: Simisage\n|-damage|p2a: Simisage|0 fnt\n|faint|p2a: Simisage\n|\n|upkeep\n|-message|ayevon forfeited.\n|\n|win|btboy\n","uploadtime":1667014314,"views":11,"p1id":"btboy","p2id":"ayevon","formatid":"gen7zu","rating":0,"private":0,"password":null}