{"id":"smogtours-gen8monotype-628314","p1":"Bushtush","p2":"tolstoy","format":"gen8monotype","log":"|inactive|Battle timer is ON: inactive players will automatically lose when time's up.\n|t:|1653590017\n|gametype|singles\n|player|p1|Bushtush|#bushtush|\n|player|p2|tolstoy|lyra|\n|teamsize|p1|6\n|teamsize|p2|6\n|gen|8\n|tier|[Gen 8] Monotype\n|rule|Same Type Clause: Pok\u00e9mon in a team must share a type\n|rule|Sleep Clause Mod: Limit one foe put to sleep\n|rule|Species Clause: Limit one of each Pok\u00e9mon\n|rule|OHKO Clause: OHKO moves are banned\n|rule|Evasion Moves Clause: Evasion moves are banned\n|rule|Endless Battle Clause: Forcing endless battles is banned\n|rule|HP Percentage Mod: HP is shown in percentages\n|rule|Dynamax Clause: You cannot dynamax\n|clearpoke\n|poke|p1|Mandibuzz, F|\n|poke|p1|Hydreigon, M|\n|poke|p1|Tyranitar, M|\n|poke|p1|Drapion, F|\n|poke|p1|Zarude|\n|poke|p1|Weavile, F|\n|poke|p2|Ferrothorn, M|\n|poke|p2|Excadrill, M|\n|poke|p2|Skarmory, M|\n|poke|p2|Aegislash, M|\n|poke|p2|Heatran, F|\n|poke|p2|Registeel|\n|teampreview\n|inactive|Bushtush has 270 seconds left.\n|inactive|tolstoy has 270 seconds left.\n|inactive|Bushtush has 240 seconds left.\n|inactive|tolstoy has 240 seconds left.\n|inactive|Bushtush has 210 seconds left.\n|\n|t:|1653590126\n|start\n|switch|p1a: Zarude|Zarude|100\/100\n|switch|p2a: Isza|Excadrill, M|100\/100\n|-ability|p2a: Isza|Mold Breaker\n|turn|1\n|c|+felines|isza \ud83d\ude0d\n|inactive|Bushtush has 240 seconds left.\n|c|\u2606tolstoy|x scissor\n|c|\u2606tolstoy|u scouting?\n|c|\u2606Bushtush|maan\n|c|\u2606Bushtush|why u sayin that\n|c|\u2606tolstoy|jk lol I don't have it\n|inactive|tolstoy has 270 seconds left.\n|c|\u2606Bushtush|u aint got that\n|c|\u2606tolstoy|dw bro\n|c|\u2606tolstoy|u got me\n|inactive|Bushtush has 210 seconds left.\n|\n|t:|1653590184\n|switch|p2a: USNorthEastYEAAAA|Skarmory, M|100\/100\n|move|p1a: Zarude|Bulk Up|p1a: Zarude\n|-boost|p1a: Zarude|atk|1\n|-boost|p1a: Zarude|def|1\n|\n|upkeep\n|turn|2\n|inactive|Bushtush has 210 seconds left.\n|\n|t:|1653590205\n|move|p1a: Zarude|Darkest Lariat|p2a: USNorthEastYEAAAA\n|-damage|p2a: USNorthEastYEAAAA|62\/100\n|-damage|p1a: Zarude|84\/100|[from] item: Rocky Helmet|[of] p2a: USNorthEastYEAAAA\n|move|p2a: USNorthEastYEAAAA|Spikes|p1a: Zarude\n|-sidestart|p1: Bushtush|Spikes\n|\n|upkeep\n|turn|3\n|\n|t:|1653590211\n|switch|p1a: Hydreigon|Hydreigon, M|100\/100\n|move|p2a: USNorthEastYEAAAA|Roost|p2a: USNorthEastYEAAAA\n|-heal|p2a: USNorthEastYEAAAA|100\/100\n|-singleturn|p2a: USNorthEastYEAAAA|move: Roost\n|\n|upkeep\n|turn|4\n|inactive|Bushtush has 210 seconds left.\n|\n|t:|1653590230\n|move|p1a: Hydreigon|Focus Blast|p2a: USNorthEastYEAAAA\n|-damage|p2a: USNorthEastYEAAAA|15\/100\n|move|p2a: USNorthEastYEAAAA|Body Press|p1a: Hydreigon\n|-supereffective|p1a: Hydreigon\n|-damage|p1a: Hydreigon|22\/100\n|\n|upkeep\n|turn|5\n|\n|t:|1653590253\n|move|p1a: Hydreigon|Focus Blast|p2a: USNorthEastYEAAAA\n|-damage|p2a: USNorthEastYEAAAA|0 fnt\n|faint|p2a: USNorthEastYEAAAA\n|\n|upkeep\n|\n|t:|1653590257\n|switch|p2a: I am Bushtush.|Aegislash, M|100\/100\n|turn|6\n|\n|t:|1653590264\n|switch|p1a: Mandibuzz|Mandibuzz, F|100\/100\n|-formechange|p2a: I am Bushtush.|Aegislash-Blade||[from] ability: Stance Change\n|move|p2a: I am Bushtush.|Flash Cannon|p1a: Mandibuzz\n|-damage|p1a: Mandibuzz|37\/100\n|\n|upkeep\n|turn|7\n|c|\u2606Bushtush|.\n|c|\u2606Bushtush|woah\n|c|\u2606Bushtush|wtf\n|inactive|Bushtush has 180 seconds left.\n|inactive|Bushtush has 150 seconds left.\n|\n|t:|1653590348\n|switch|p2a: Ferrothorn|Ferrothorn, M|100\/100\n|switch|p1a: Weavile|Weavile, F|100\/100\n|-damage|p1a: Weavile|88\/100|[from] Spikes\n|-ability|p1a: Weavile|Pressure\n|\n|upkeep\n|turn|8\n|inactive|Bushtush has 120 seconds left.\n|\n|t:|1653590372\n|move|p1a: Weavile|Knock Off|p2a: Ferrothorn\n|-crit|p2a: Ferrothorn\n|-damage|p2a: Ferrothorn|49\/100\n|-damage|p1a: Weavile|76\/100|[from] ability: Iron Barbs|[of] p2a: Ferrothorn\n|-enditem|p2a: Ferrothorn|Leftovers|[from] move: Knock Off|[of] p1a: Weavile\n|move|p2a: Ferrothorn|Stealth Rock|p1a: Weavile\n|-sidestart|p1: Bushtush|move: Stealth Rock\n|\n|upkeep\n|turn|9\n|inactive|Bushtush has 120 seconds left.\n|\n|t:|1653590392\n|switch|p1a: Mandibuzz|Mandibuzz, F|37\/100\n|move|p2a: Ferrothorn|Leech Seed|p1a: Mandibuzz\n|-start|p1a: Mandibuzz|move: Leech Seed\n|\n|-damage|p1a: Mandibuzz|24\/100|[from] Leech Seed|[of] p2a: Ferrothorn\n|-heal|p2a: Ferrothorn|64\/100|[silent]\n|upkeep\n|turn|10\n|\n|t:|1653590399\n|switch|p2a: I am Bushtush.|Aegislash, M|100\/100\n|move|p1a: Mandibuzz|Defog|p2a: I am Bushtush.\n|-unboost|p2a: I am Bushtush.|evasion|1\n|-sideend|p1: Bushtush|Spikes|[from] move: Defog|[of] p1a: Mandibuzz\n|-sideend|p1: Bushtush|Stealth Rock|[from] move: Defog|[of] p1a: Mandibuzz\n|\n|-damage|p1a: Mandibuzz|12\/100|[from] Leech Seed|[of] p2a: I am Bushtush.\n|upkeep\n|turn|11\n|inactive|Bushtush has 120 seconds left.\n|\n|t:|1653590406\n|-formechange|p2a: I am Bushtush.|Aegislash-Blade||[from] ability: Stance Change\n|move|p2a: I am Bushtush.|Flash Cannon|p1a: Mandibuzz\n|-damage|p1a: Mandibuzz|0 fnt\n|faint|p1a: Mandibuzz\n|\n|upkeep\n|c|\u2606tolstoy|wait\n|inactive|Bushtush has 120 seconds left.\n|c|\u2606tolstoy|I was faster?\n|c|\u2606tolstoy|wtf\n|c|\u2606Bushtush|ye\n|c|\u2606tolstoy|perdemos\n|c|+felines|LOL\n|\n|t:|1653590435\n|switch|p1a: Hydreigon|Hydreigon, M|22\/100\n|turn|12\n|\n|t:|1653590446\n|switch|p2a: Isza|Excadrill, M|100\/100\n|-ability|p2a: Isza|Mold Breaker\n|move|p1a: Hydreigon|Dark Pulse|p2a: Isza\n|-damage|p2a: Isza|22\/100\n|\n|upkeep\n|turn|13\n|inactive|Bushtush has 90 seconds left.\n|inactive|Bushtush has 60 seconds left.\n|inactive|Bushtush has 30 seconds left.\n|inactive|Bushtush has 20 seconds left.\n|inactive|Bushtush has 15 seconds left.\n|\n|t:|1653590553\n|switch|p1a: Weavile|Weavile, F|76\/100\n|-ability|p1a: Weavile|Pressure\n|move|p2a: Isza|Iron Head|p1a: Weavile\n|-supereffective|p1a: Weavile\n|-damage|p1a: Weavile|0 fnt\n|faint|p1a: Weavile\n|\n|upkeep\n|inactive|Bushtush has 20 seconds left this turn.\n|inactive|Bushtush has 15 seconds left.\n|inactive|Bushtush has 10 seconds left.\n|\n|t:|1653590565\n|switch|p1a: Drapion|Drapion, F|100\/100\n|turn|14\n|inactive|Bushtush has 20 seconds left this turn.\n|inactive|Bushtush has 15 seconds left.\n|inactive|Bushtush has 10 seconds left.\n|\n|t:|1653590575\n|switch|p2a: Ferrothorn|Ferrothorn, M|64\/100\n|move|p1a: Drapion|Swords Dance|p1a: Drapion\n|-boost|p1a: Drapion|atk|2\n|\n|upkeep\n|turn|15\n|inactive|Bushtush has 20 seconds left this turn.\n|inactive|Bushtush has 15 seconds left.\n|\n|t:|1653590582\n|move|p1a: Drapion|Earthquake|p2a: Ferrothorn\n|-damage|p2a: Ferrothorn|27\/100\n|move|p2a: Ferrothorn|Leech Seed|p1a: Drapion\n|-start|p1a: Drapion|move: Leech Seed\n|\n|-damage|p1a: Drapion|88\/100|[from] Leech Seed|[of] p2a: Ferrothorn\n|-heal|p2a: Ferrothorn|37\/100|[silent]\n|upkeep\n|turn|16\n|inactive|Bushtush has 25 seconds left this turn.\n|\n|t:|1653590587\n|move|p2a: Ferrothorn|Protect|p2a: Ferrothorn\n|-singleturn|p2a: Ferrothorn|Protect\n|move|p1a: Drapion|Earthquake|p2a: Ferrothorn\n|-activate|p2a: Ferrothorn|move: Protect\n|\n|-heal|p1a: Drapion|94\/100|[from] item: Leftovers\n|-damage|p1a: Drapion|82\/100|[from] Leech Seed|[of] p2a: Ferrothorn\n|-heal|p2a: Ferrothorn|47\/100|[silent]\n|upkeep\n|turn|17\n|inactive|Bushtush has 30 seconds left.\n|\n|t:|1653590598\n|switch|p1a: Hydreigon|Hydreigon, M|22\/100\n|move|p2a: Ferrothorn|Stealth Rock|p1a: Hydreigon\n|-sidestart|p1: Bushtush|move: Stealth Rock\n|\n|upkeep\n|turn|18\n|\n|t:|1653590603\n|switch|p1a: Zarude|Zarude|84\/100\n|-damage|p1a: Zarude|72\/100|[from] Stealth Rock\n|move|p2a: Ferrothorn|Protect||[still]\n|-fail|p2a: Ferrothorn\n|\n|upkeep\n|turn|19\n|\n|t:|1653590607\n|switch|p2a: Heatran|Heatran, F|100\/100\n|move|p1a: Zarude|Bulk Up|p1a: Zarude\n|-boost|p1a: Zarude|atk|1\n|-boost|p1a: Zarude|def|1\n|\n|upkeep\n|turn|20\n|inactive|Bushtush has 30 seconds left.\n|\n|t:|1653590633\n|switch|p1a: Tyranitar|Tyranitar, M|100\/100\n|-damage|p1a: Tyranitar|88\/100|[from] Stealth Rock\n|-weather|Sandstorm|[from] ability: Sand Stream|[of] p1a: Tyranitar\n|move|p2a: Heatran|Magma Storm|p1a: Tyranitar\n|-resisted|p1a: Tyranitar\n|-damage|p1a: Tyranitar|80\/100\n|-activate|p1a: Tyranitar|move: Magma Storm|[of] p2a: Heatran\n|\n|-weather|Sandstorm|[upkeep]\n|-heal|p1a: Tyranitar|86\/100|[from] item: Leftovers\n|-damage|p1a: Tyranitar|74\/100|[from] move: Magma Storm|[partiallytrapped]\n|upkeep\n|turn|21\n|\n|t:|1653590641\n|switch|p2a: I am Bushtush.|Aegislash, M|100\/100\n|move|p1a: Tyranitar|Stealth Rock|p2a: I am Bushtush.\n|-sidestart|p2: tolstoy|move: Stealth Rock\n|\n|-weather|Sandstorm|[upkeep]\n|-heal|p1a: Tyranitar|80\/100|[from] item: Leftovers\n|-end|p1a: Tyranitar|Magma Storm|[partiallytrapped]|[silent]\n|upkeep\n|turn|22\n|inactive|Bushtush has 30 seconds left.\n|inactive|Bushtush has 20 seconds left.\n|inactive|Bushtush has 15 seconds left.\n|\n|t:|1653590671\n|switch|p1a: Hydreigon|Hydreigon, M|22\/100\n|-damage|p1a: Hydreigon|9\/100|[from] Stealth Rock\n|-formechange|p2a: I am Bushtush.|Aegislash-Blade||[from] ability: Stance Change\n|move|p2a: I am Bushtush.|Steel Beam|p1a: Hydreigon\n|-damage|p1a: Hydreigon|0 fnt\n|-damage|p2a: I am Bushtush.|50\/100|[from] mindblown\n|faint|p1a: Hydreigon\n|\n|-weather|Sandstorm|[upkeep]\n|upkeep\n|inactive|Bushtush has 20 seconds left this turn.\n|inactive|Bushtush has 15 seconds left.\n|\n|t:|1653590677\n|switch|p1a: Drapion|Drapion, F|82\/100\n|-damage|p1a: Drapion|69\/100|[from] Stealth Rock\n|turn|23\n|inactive|Bushtush has 25 seconds left this turn.\n|\n|t:|1653590685\n|switch|p2a: Ferrothorn|Ferrothorn, M|47\/100\n|-damage|p2a: Ferrothorn|41\/100|[from] Stealth Rock\n|move|p1a: Drapion|Earthquake|p2a: Ferrothorn\n|-damage|p2a: Ferrothorn|19\/100\n|\n|-weather|Sandstorm|[upkeep]\n|-damage|p1a: Drapion|63\/100|[from] Sandstorm\n|-heal|p1a: Drapion|69\/100|[from] item: Leftovers\n|upkeep\n|turn|24\n|inactive|Bushtush has 30 seconds left.\n|\n|t:|1653590694\n|switch|p1a: Zarude|Zarude|72\/100\n|-damage|p1a: Zarude|59\/100|[from] Stealth Rock\n|move|p2a: Ferrothorn|Leech Seed|p1a: Zarude\n|-immune|p1a: Zarude\n|\n|-weather|none\n|upkeep\n|turn|25\n|\n|t:|1653590699\n|switch|p2a: Heatran|Heatran, F|100\/100\n|-damage|p2a: Heatran|88\/100|[from] Stealth Rock\n|move|p1a: Zarude|Bulk Up|p1a: Zarude\n|-boost|p1a: Zarude|atk|1\n|-boost|p1a: Zarude|def|1\n|\n|-heal|p2a: Heatran|94\/100|[from] item: Leftovers\n|upkeep\n|turn|26\n|\n|t:|1653590705\n|move|p1a: Zarude|Close Combat|p2a: Heatran\n|-supereffective|p2a: Heatran\n|-crit|p2a: Heatran\n|-damage|p2a: Heatran|0 fnt\n|-unboost|p1a: Zarude|def|1\n|-unboost|p1a: Zarude|spd|1\n|faint|p2a: Heatran\n|\n|upkeep\n|\n|t:|1653590713\n|switch|p2a: Isza|Excadrill, M|22\/100\n|-damage|p2a: Isza|19\/100|[from] Stealth Rock\n|-ability|p2a: Isza|Mold Breaker\n|turn|27\n|\n|t:|1653590724\n|move|p2a: Isza|Iron Head|p1a: Zarude\n|-damage|p1a: Zarude|20\/100\n|move|p1a: Zarude|Darkest Lariat|p2a: Isza\n|-damage|p2a: Isza|0 fnt\n|faint|p2a: Isza\n|\n|upkeep\n|\n|t:|1653590729\n|switch|p2a: ABR|Registeel|100\/100\n|-damage|p2a: ABR|94\/100|[from] Stealth Rock\n|turn|28\n|c|\u2606tolstoy|oh oops\n|\n|t:|1653590757\n|move|p1a: Zarude|Close Combat|p2a: ABR\n|-supereffective|p2a: ABR\n|-crit|p2a: ABR\n|-damage|p2a: ABR|0 fnt\n|-unboost|p1a: Zarude|def|1\n|-unboost|p1a: Zarude|spd|1\n|faint|p2a: ABR\n|\n|upkeep\n|c|\u2606tolstoy|bruh\n|c|\u2606tolstoy|not another\n|c|\u2606Bushtush|u had ID?\n|inactive|tolstoy has 270 seconds left.\n|c|\u2606Bushtush|think u lost without that\n|\n|t:|1653590790\n|switch|p2a: I am Bushtush.|Aegislash, M|50\/100\n|-damage|p2a: I am Bushtush.|44\/100|[from] Stealth Rock\n|turn|29\n|inactive|Bushtush has 60 seconds left.\n|\n|t:|1653590803\n|move|p1a: Zarude|Darkest Lariat|p2a: I am Bushtush.\n|-supereffective|p2a: I am Bushtush.\n|-damage|p2a: I am Bushtush.|0 fnt\n|faint|p2a: I am Bushtush.\n|\n|upkeep\n|c|\u2606tolstoy|ahhh\n|c|\u2606tolstoy|ggs\n|c|\u2606Bushtush|ggs\n|-message|tolstoy forfeited.\n|\n|win|Bushtush\n","uploadtime":1653590813,"views":587,"p1id":"bushtush","p2id":"tolstoy","formatid":"gen8monotype","rating":0,"private":0,"password":null}