{"id":"smogtours-gen7randombattle-397292","p1":"BestixL \u263e","p2":"Rey Joya \u2600\ufe0f","format":"gen7randombattle","log":"|inactive|Battle timer is ON: inactive players will automatically lose when time's up.\n|player|p1|BestixL \u263e|262\n|player|p2|Rey Joya \u2600\ufe0f|233\n|teamsize|p1|6\n|teamsize|p2|6\n|gametype|singles\n|gen|7\n|tier|[Gen 7] Random Battle\n|seed|45256,25028,53469,4365\n|rule|Sleep Clause Mod: Limit one foe put to sleep\n|rule|HP Percentage Mod: HP is shown in percentages\n|\n|start\n|switch|p1a: Toucannon|Toucannon, L83, M|267\/267\n|switch|p2a: Lycanroc|Lycanroc-Dusk, L79, F|248\/248\n|turn|1\n|\n|switch|p1a: Mawile|Mawile, L75, M|199\/199\n|-ability|p1a: Mawile|Intimidate|boost\n|-unboost|p2a: Lycanroc|atk|1\n|move|p2a: Lycanroc|Accelerock|p1a: Mawile\n|-resisted|p1a: Mawile\n|-damage|p1a: Mawile|169\/199\n|\n|upkeep\n|turn|2\n|\n|switch|p2a: Blacephalon|Blacephalon, L75|203\/203\n|detailschange|p1a: Mawile|Mawile-Mega, L75, M\n|-mega|p1a: Mawile|Mawile|Mawilite\n|move|p1a: Mawile|Iron Head|p2a: Blacephalon\n|-resisted|p2a: Blacephalon\n|-damage|p2a: Blacephalon|96\/203\n|\n|upkeep\n|turn|3\n|c|\u2606BestixL \u263e|A\n|c|\u2606Rey Joya \u2600\ufe0f|M\n|c|\u2606Rey Joya \u2600\ufe0f|P\n|inactive|BestixL \u263e has 270 seconds left.\n|\n|switch|p1a: Goodra|Goodra, L79, M|272\/272\n|move|p2a: Blacephalon|Will-O-Wisp|p1a: Goodra\n|-status|p1a: Goodra|brn\n|\n|-damage|p1a: Goodra|255\/272 brn|[from] brn\n|upkeep\n|turn|4\n|\n|switch|p2a: Lycanroc|Lycanroc-Dusk, L79, F|248\/248\n|move|p1a: Goodra|Draco Meteor|p2a: Lycanroc\n|-damage|p2a: Lycanroc|74\/248\n|-unboost|p1a: Goodra|spa|2\n|\n|-damage|p1a: Goodra|238\/272 brn|[from] brn\n|upkeep\n|turn|5\n|\n|switch|p1a: Jumpluff|Jumpluff, L83, F|259\/259\n|move|p2a: Lycanroc|Drill Run|p1a: Jumpluff\n|-immune|p1a: Jumpluff|[msg]\n|\n|upkeep\n|turn|6\n|\n|switch|p2a: Dragonite|Dragonite, L76, M|263\/263\n|move|p1a: Jumpluff|Seed Bomb|p2a: Dragonite\n|-resisted|p2a: Dragonite\n|-damage|p2a: Dragonite|257\/263\n|\n|upkeep\n|turn|7\n|\n|switch|p1a: Deoxys|Deoxys-Attack, L73|193\/193\n|-ability|p1a: Deoxys|Pressure\n|move|p2a: Dragonite|Earthquake|p1a: Deoxys\n|-damage|p1a: Deoxys|0\n|faint|p1a: Deoxys\n|\n|upkeep\n|\n|switch|p1a: Mawile|Mawile-Mega, L75, M|169\/199\n|turn|8\n|\n|move|p2a: Dragonite|Earthquake|p1a: Mawile\n|-supereffective|p1a: Mawile\n|-damage|p1a: Mawile|35\/199\n|move|p1a: Mawile|Iron Head|p2a: Dragonite\n|-crit|p2a: Dragonite\n|-damage|p2a: Dragonite|34\/263\n|\n|upkeep\n|turn|9\n|\n|move|p2a: Dragonite|Roost|p2a: Dragonite\n|-heal|p2a: Dragonite|166\/263\n|move|p1a: Mawile|Iron Head|p2a: Dragonite\n|-damage|p2a: Dragonite|19\/263\n|\n|upkeep\n|turn|10\n|\n|move|p2a: Dragonite|Roost|p2a: Dragonite\n|-heal|p2a: Dragonite|151\/263\n|move|p1a: Mawile|Iron Head|p2a: Dragonite\n|-damage|p2a: Dragonite|0\n|faint|p2a: Dragonite\n|\n|upkeep\n|\n|switch|p2a: Kabutops|Kabutops, L83, M|235\/235\n|turn|11\n|\n|move|p2a: Kabutops|Liquidation|p1a: Mawile\n|-damage|p1a: Mawile|0\n|-damage|p2a: Kabutops|212\/235|[from] item: Life Orb\n|faint|p1a: Mawile\n|\n|upkeep\n|\n|switch|p1a: Feraligatr|Feraligatr, L79, M|264\/264\n|turn|12\n|c|+oh95|bestixl en 2k18\n|\n|move|p2a: Kabutops|Stone Edge|p1a: Feraligatr|[miss]\n|-miss|p2a: Kabutops|p1a: Feraligatr\n|move|p1a: Feraligatr|Dragon Dance|p1a: Feraligatr\n|-boost|p1a: Feraligatr|atk|1\n|-boost|p1a: Feraligatr|spe|1\n|\n|upkeep\n|turn|13\n|\n|move|p1a: Feraligatr|Liquidation|p2a: Kabutops\n|-damage|p2a: Kabutops|31\/235\n|move|p2a: Kabutops|Stone Edge|p1a: Feraligatr\n|-damage|p1a: Feraligatr|111\/264\n|-damage|p2a: Kabutops|8\/235|[from] item: Life Orb\n|\n|upkeep\n|turn|14\n|c|\u2606Rey Joya \u2600\ufe0f|puto oh de los cojones\n|\n|move|p1a: Feraligatr|Crunch|p2a: Kabutops\n|-damage|p2a: Kabutops|0\n|faint|p2a: Kabutops\n|\n|upkeep\n|\n|switch|p2a: Zeraora|Zeraora, L75|256\/256\n|turn|15\n|\n|move|p2a: Zeraora|Plasma Fists|p1a: Feraligatr\n|-supereffective|p1a: Feraligatr\n|-damage|p1a: Feraligatr|0\n|-fieldactivate|move: Ion Deluge\n|faint|p1a: Feraligatr\n|\n|upkeep\n|\n|switch|p1a: Jumpluff|Jumpluff, L83, F|259\/259\n|turn|16\n|\n|move|p2a: Zeraora|Hidden Power|p1a: Jumpluff\n|-supereffective|p1a: Jumpluff\n|-damage|p1a: Jumpluff|115\/259\n|move|p1a: Jumpluff|Swords Dance|p1a: Jumpluff\n|-boost|p1a: Jumpluff|atk|2\n|\n|upkeep\n|turn|17\n|\n|switch|p1a: Goodra|Goodra, L79, M|238\/272 brn\n|move|p2a: Zeraora|Hidden Power|p1a: Goodra\n|-supereffective|p1a: Goodra\n|-damage|p1a: Goodra|202\/272 brn\n|\n|-damage|p1a: Goodra|185\/272 brn|[from] brn\n|upkeep\n|turn|18\n|\n|move|p2a: Zeraora|Volt Switch|p1a: Goodra\n|-resisted|p1a: Goodra\n|-damage|p1a: Goodra|169\/272 brn\n|\n|switch|p2a: Lycanroc|Lycanroc-Dusk, L79, F|74\/248|[from]move: Volt Switch\n|move|p1a: Goodra|Draco Meteor|p2a: Lycanroc\n|-damage|p2a: Lycanroc|0\n|-unboost|p1a: Goodra|spa|2\n|faint|p2a: Lycanroc\n|\n|-damage|p1a: Goodra|152\/272 brn|[from] brn\n|upkeep\n|\n|switch|p2a: Delcatty|Delcatty, L83, F|252\/252\n|turn|19\n|\n|switch|p1a: Toucannon|Toucannon, L83, M|267\/267\n|move|p2a: Delcatty|Double-Edge|p1a: Toucannon\n|-damage|p1a: Toucannon|133\/267\n|-damage|p2a: Delcatty|208\/252|[from] Recoil\n|-damage|p2a: Delcatty|183\/252|[from] item: Life Orb\n|\n|-heal|p1a: Toucannon|149\/267|[from] item: Leftovers\n|upkeep\n|turn|20\n|\n|move|p2a: Delcatty|Wild Charge|p1a: Toucannon\n|-supereffective|p1a: Toucannon\n|-damage|p1a: Toucannon|0\n|-damage|p2a: Delcatty|146\/252|[from] Recoil\n|-damage|p2a: Delcatty|121\/252|[from] item: Life Orb\n|faint|p1a: Toucannon\n|\n|upkeep\n|c|\u2606BestixL \u263e|!dt normalize\n|raw|<ul class=\"utilichart\"><li class=\"result\"><span class=\"col namecol\"><a href=\"https:\/\/pokemonshowdown.com\/dex\/abilities\/normalize\">Normalize<\/a><\/span> <span class=\"col abilitydesccol\">This Pokemon's moves are changed to be Normal type and have 1.2x power.<\/span> <\/li><li style=\"clear:both\"><\/li><\/ul>\n\n|\n|switch|p1a: Jumpluff|Jumpluff, L83, F|115\/259\n|turn|21\n|\n|move|p1a: Jumpluff|Strength Sap|p2a: Delcatty|[miss]\n|-miss|p1a: Jumpluff|p2a: Delcatty\n|move|p2a: Delcatty|Double-Edge|p1a: Jumpluff\n|-damage|p1a: Jumpluff|0\n|-damage|p2a: Delcatty|83\/252|[from] Recoil\n|-damage|p2a: Delcatty|58\/252|[from] item: Life Orb\n|faint|p1a: Jumpluff\n|\n|upkeep\n|\n|switch|p1a: Goodra|Goodra, L79, M|152\/272 brn\n|turn|22\n|\n|move|p2a: Delcatty|Double-Edge|p1a: Goodra\n|-damage|p1a: Goodra|0 brn\n|-damage|p2a: Delcatty|8\/252|[from] Recoil\n|-damage|p2a: Delcatty|0|[from] item: Life Orb\n|faint|p1a: Goodra\n|faint|p2a: Delcatty\n|\n|win|Rey Joya \u2600\ufe0f\n","inputlog":">version f02cb59e0e9cc1c7999661a8ccbdf119e3e8fe8f\n>start {\"formatid\":\"gen7randombattle\",\"seed\":[45256,25028,53469,4365]}\n>player p1 {\"name\":\"BestixL \u263e\",\"avatar\":\"262\",\"team\":\"\"}\n>player p2 {\"name\":\"Rey Joya \u2600\ufe0f\",\"avatar\":\"233\",\"team\":\"\"}\n>p1 switch 6\n>p2 move accelerock\n>p1 move ironhead mega\n>p2 switch 6\n>p1 switch 4\n>p2 move willowisp\n>p1 move dracometeor\n>p2 switch 6\n>p1 switch 3\n>p2 move drillrun\n>p1 move seedbomb\n>p2 switch 3\n>p1 switch 2\n>p2 move earthquake\n>p1 switch 4\n>p1 move ironhead\n>p2 move earthquake\n>p1 move ironhead\n>p2 move roost\n>p1 move ironhead\n>p2 move roost\n>p2 switch 4\n>p1 move ironhead\n>p2 move liquidation\n>p1 switch 5\n>p1 move dragondance\n>p2 move stoneedge\n>p1 move liquidation\n>p2 move stoneedge\n>p1 move crunch\n>p2 move knockoff\n>p2 switch 5\n>p1 move liquidation\n>p2 move plasmafists\n>p1 switch 2\n>p1 move swordsdance\n>p2 move hiddenpower\n>p1 switch 3\n>p2 move hiddenpower\n>p1 move dracometeor\n>p2 move voltswitch\n>p2 switch 3\n>p2 switch 2\n>p1 switch 6\n>p2 move doubleedge\n>p1 move roost\n>p2 move wildcharge\n>p1 switch 3\n>p1 move strengthsap\n>p2 move doubleedge\n>p1 switch 6\n>p1 move thunderbolt\n>p2 move doubleedge","uploadtime":1537024908,"views":25,"p1id":"bestixl","p2id":"reyjoya","formatid":"gen7randombattle","rating":0,"private":0,"password":null}