{"id":"smogtours-gen5ubers-644384","p1":"Stellakitties1312","p2":"Skysolo \u2764","format":"gen5ubers","log":"|inactive|Battle timer is ON: inactive players will automatically lose when time's up.\n|t:|1660967892\n|gametype|singles\n|player|p1|Stellakitties1312|#steelskitty|\n|player|p2|Skysolo \u2764|#pspl2019ubers|\n|teamsize|p1|6\n|teamsize|p2|6\n|gen|5\n|tier|[Gen 5] Ubers\n|rule|Species Clause: Limit one of each Pok\u00e9mon\n|rule|OHKO Clause: OHKO moves are banned\n|rule|Moody Clause: Moody is banned\n|rule|Evasion Moves Clause: Evasion moves are banned\n|rule|Endless Battle Clause: Forcing endless battles is banned\n|rule|HP Percentage Mod: HP is shown in percentages\n|rule|Sleep Clause Mod: Limit one foe put to sleep\n|clearpoke\n|poke|p1|Kyogre|item\n|poke|p1|Latios, M|item\n|poke|p1|Arceus-*|item\n|poke|p1|Genesect|item\n|poke|p1|Groudon|item\n|poke|p1|Excadrill, M|item\n|poke|p2|Deoxys-Speed|item\n|poke|p2|Giratina-Origin|item\n|poke|p2|Dialga|item\n|poke|p2|Groudon|item\n|poke|p2|Arceus-*|item\n|poke|p2|Latios, M|item\n|teampreview\n|inactive|Stellakitties1312 also wants the timer to be on.\n|c|\u2606Stellakitties1312|GL HF\n|c|\u2606Skysolo \u2764|u2\n|\n|t:|1660967914\n|start\n|switch|p1a: fossa|Excadrill, M|100\/100\n|switch|p2a: Deoxys|Deoxys-Speed|100\/100\n|-ability|p2a: Deoxys|Pressure\n|-ability|p1a: fossa|Mold Breaker\n|turn|1\n|\n|t:|1660967926\n|move|p2a: Deoxys|Spikes|p1a: fossa\n|-sidestart|p1: Stellakitties1312|Spikes\n|move|p1a: fossa|Earthquake|p2a: Deoxys\n|-damage|p2a: Deoxys|42\/100\n|-enditem|p2a: Deoxys|Red Card|[of] p1a: fossa\n|drag|p1a: made of stone|Groudon|100\/100\n|-damage|p1a: made of stone|88\/100|[from] Spikes\n|-weather|SunnyDay|[from] ability: Drought|[of] p1a: made of stone\n|\n|-weather|SunnyDay|[upkeep]\n|upkeep\n|turn|2\n|\n|t:|1660967934\n|move|p2a: Deoxys|Spikes|p1a: made of stone\n|-sidestart|p1: Stellakitties1312|Spikes\n|move|p1a: made of stone|Thunder Wave|p2a: Deoxys\n|-status|p2a: Deoxys|par\n|\n|-weather|SunnyDay|[upkeep]\n|upkeep\n|turn|3\n|\n|t:|1660967942\n|switch|p1a: fossa|Excadrill, M|100\/100\n|-damage|p1a: fossa|84\/100|[from] Spikes\n|-ability|p1a: fossa|Mold Breaker\n|move|p2a: Deoxys|Magic Coat|p2a: Deoxys\n|-singleturn|p2a: Deoxys|move: Magic Coat\n|\n|-weather|SunnyDay|[upkeep]\n|upkeep\n|turn|4\n|\n|t:|1660967950\n|switch|p2a: Giratina|Giratina-Origin|100\/100\n|move|p1a: fossa|Stealth Rock|p2a: Giratina\n|-sidestart|p2: Skysolo \u2764|move: Stealth Rock\n|\n|-weather|SunnyDay|[upkeep]\n|upkeep\n|turn|5\n|\n|t:|1660967964\n|move|p1a: fossa|Earthquake|p2a: Giratina\n|-damage|p2a: Giratina|66\/100\n|move|p2a: Giratina|Hidden Power|p1a: fossa\n|-supereffective|p1a: fossa\n|-damage|p1a: fossa|0 fnt\n|faint|p1a: fossa\n|\n|-weather|SunnyDay|[upkeep]\n|upkeep\n|\n|t:|1660967980\n|switch|p1a: no care|Latios, M|100\/100\n|turn|6\n|\n|t:|1660967984\n|switch|p2a: Deoxys|Deoxys-Speed|42\/100 par\n|-damage|p2a: Deoxys|29\/100 par|[from] Stealth Rock\n|-ability|p2a: Deoxys|Pressure\n|move|p1a: no care|Calm Mind|p1a: no care\n|-boost|p1a: no care|spa|1\n|-boost|p1a: no care|spd|1\n|\n|-weather|SunnyDay|[upkeep]\n|upkeep\n|turn|7\n|\n|t:|1660967990\n|move|p1a: no care|Psyshock|p2a: Deoxys\n|-resisted|p2a: Deoxys\n|-damage|p2a: Deoxys|0 fnt\n|faint|p2a: Deoxys\n|\n|-weather|SunnyDay|[upkeep]\n|upkeep\n|inactive|Skysolo \u2764 has 270 seconds left.\n|\n|t:|1660968037\n|switch|p2a: Giratina|Giratina-Origin|66\/100\n|-damage|p2a: Giratina|54\/100|[from] Stealth Rock\n|turn|8\n|\n|t:|1660968061\n|move|p2a: Giratina|Shadow Sneak|p1a: no care\n|-supereffective|p1a: no care\n|-damage|p1a: no care|41\/100\n|move|p1a: no care|Psyshock|p2a: Giratina\n|-damage|p2a: Giratina|0 fnt\n|faint|p2a: Giratina\n|\n|-weather|SunnyDay|[upkeep]\n|upkeep\n|\n|t:|1660968075\n|switch|p2a: Dialga|Dialga|100\/100\n|-damage|p2a: Dialga|94\/100|[from] Stealth Rock\n|-ability|p2a: Dialga|Pressure\n|turn|9\n|\n|t:|1660968096\n|switch|p1a: new ways|Kyogre|100\/100\n|-damage|p1a: new ways|84\/100|[from] Spikes\n|-weather|RainDance|[from] ability: Drizzle|[of] p1a: new ways\n|move|p2a: Dialga|Dragon Pulse|p1a: new ways\n|-damage|p1a: new ways|43\/100\n|\n|-weather|RainDance|[upkeep]\n|upkeep\n|turn|10\n|\n|t:|1660968100\n|move|p2a: Dialga|Dragon Pulse|p1a: new ways\n|-damage|p1a: new ways|6\/100\n|move|p1a: new ways|Ice Beam|p2a: Dialga\n|-enditem|p1a: new ways|Ice Gem|[from] gem\n|-damage|p2a: Dialga|37\/100\n|\n|-weather|RainDance|[upkeep]\n|upkeep\n|turn|11\n|\n|t:|1660968109\n|move|p2a: Dialga|Dragon Pulse|p1a: new ways\n|-crit|p1a: new ways\n|-damage|p1a: new ways|0 fnt\n|faint|p1a: new ways\n|\n|-weather|RainDance|[upkeep]\n|upkeep\n|inactive|Stellakitties1312 has 270 seconds left.\n|inactive|Stellakitties1312 has 240 seconds left.\n|inactive|Stellakitties1312 has 210 seconds left.\n|\n|t:|1660968212\n|switch|p1a: made of stone|Groudon|88\/100\n|-damage|p1a: made of stone|72\/100|[from] Spikes\n|-weather|SunnyDay|[from] ability: Drought|[of] p1a: made of stone\n|turn|12\n|\n|t:|1660968228\n|move|p2a: Dialga|Dragon Pulse|p1a: made of stone\n|-damage|p1a: made of stone|24\/100\n|move|p1a: made of stone|Swords Dance|p1a: made of stone\n|-boost|p1a: made of stone|atk|2\n|\n|-weather|SunnyDay|[upkeep]\n|upkeep\n|turn|13\n|\n|t:|1660968234\n|move|p2a: Dialga|Dragon Pulse|p1a: made of stone\n|-crit|p1a: made of stone\n|-damage|p1a: made of stone|0 fnt\n|faint|p1a: made of stone\n|\n|-weather|SunnyDay|[upkeep]\n|upkeep\n|inactive|Stellakitties1312 has 180 seconds left.\n|\n|t:|1660968279\n|switch|p1a: alone \/ with you|Genesect, shiny|100\/100\n|-damage|p1a: alone \/ with you|84\/100|[from] Spikes\n|-ability|p1a: alone \/ with you|Download|boost\n|-boost|p1a: alone \/ with you|spa|1\n|turn|14\n|\n|t:|1660968286\n|move|p1a: alone \/ with you|Ice Beam|p2a: Dialga\n|-damage|p2a: Dialga|2\/100\n|move|p2a: Dialga|Dragon Pulse|p1a: alone \/ with you\n|-resisted|p1a: alone \/ with you\n|-damage|p1a: alone \/ with you|45\/100\n|\n|-weather|SunnyDay|[upkeep]\n|upkeep\n|turn|15\n|\n|t:|1660968291\n|move|p1a: alone \/ with you|Ice Beam|p2a: Dialga\n|-damage|p2a: Dialga|0 fnt\n|faint|p2a: Dialga\n|\n|-weather|SunnyDay|[upkeep]\n|upkeep\n|\n|t:|1660968297\n|switch|p2a: Arceus|Arceus-Ghost|100\/100\n|-damage|p2a: Arceus|88\/100|[from] Stealth Rock\n|turn|16\n|\n|t:|1660968301\n|switch|p1a: no care|Latios, M|41\/100\n|move|p2a: Arceus|Calm Mind|p2a: Arceus\n|-boost|p2a: Arceus|spa|1\n|-boost|p2a: Arceus|spd|1\n|\n|-weather|SunnyDay|[upkeep]\n|upkeep\n|turn|17\n|\n|t:|1660968304\n|move|p2a: Arceus|Judgment|p1a: no care\n|-supereffective|p1a: no care\n|-damage|p1a: no care|0 fnt\n|faint|p1a: no care\n|\n|-weather|SunnyDay|[upkeep]\n|upkeep\n|\n|t:|1660968307\n|switch|p1a: alone \/ with you|Genesect, shiny|45\/100\n|-damage|p1a: alone \/ with you|28\/100|[from] Spikes\n|-ability|p1a: alone \/ with you|Download|boost\n|-boost|p1a: alone \/ with you|atk|1\n|turn|18\n|\n|t:|1660968311\n|move|p1a: alone \/ with you|Iron Head|p2a: Arceus\n|-damage|p2a: Arceus|51\/100\n|cant|p2a: Arceus|flinch\n|\n|-weather|SunnyDay|[upkeep]\n|upkeep\n|turn|19\n|\n|t:|1660968315\n|move|p1a: alone \/ with you|Iron Head|p2a: Arceus\n|-damage|p2a: Arceus|15\/100\n|move|p2a: Arceus|Recover|p2a: Arceus\n|-heal|p2a: Arceus|65\/100\n|\n|-weather|SunnyDay|[upkeep]\n|upkeep\n|turn|20\n|\n|t:|1660968320\n|move|p1a: alone \/ with you|Iron Head|p2a: Arceus\n|-damage|p2a: Arceus|26\/100\n|move|p2a: Arceus|Recover|p2a: Arceus\n|-heal|p2a: Arceus|76\/100\n|\n|-weather|SunnyDay|[upkeep]\n|upkeep\n|turn|21\n|\n|t:|1660968323\n|move|p1a: alone \/ with you|Iron Head|p2a: Arceus\n|-damage|p2a: Arceus|40\/100\n|move|p2a: Arceus|Judgment|p1a: alone \/ with you\n|-resisted|p1a: alone \/ with you\n|-damage|p1a: alone \/ with you|0 fnt\n|faint|p1a: alone \/ with you\n|\n|-weather|SunnyDay|[upkeep]\n|upkeep\n|\n|t:|1660968326\n|switch|p1a: to belong|Arceus-Ghost|100\/100\n|-damage|p1a: to belong|84\/100|[from] Spikes\n|turn|22\n|\n|t:|1660968328\n|move|p2a: Arceus|Judgment|p1a: to belong\n|-supereffective|p1a: to belong\n|-damage|p1a: to belong|0 fnt\n|faint|p1a: to belong\n|\n|win|Skysolo \u2764\n|c|\u2606Stellakitties1312|congrats\n|c|\u2606Skysolo \u2764|ggs\n|c|\u2606Stellakitties1312|ggs\n|c|\u2606Skysolo \u2764|ty\n","uploadtime":1660968329,"views":152,"p1id":"stellakitties1312","p2id":"skysolo","formatid":"gen5ubers","rating":0,"private":0,"password":null}