{"id":"smogtours-gen8randombattle-643560","p1":"pop smoke","p2":"Skysolo \u2764","format":"gen8randombattle","log":"|inactive|Battle timer is ON: inactive players will automatically lose when time's up.\n|t:|1660441974\n|gametype|singles\n|player|p1|pop smoke|lyra|\n|player|p2|Skysolo \u2764|#pspl2019ubers|\n|teamsize|p1|6\n|teamsize|p2|6\n|gen|8\n|tier|[Gen 8] Random Battle\n|rule|Species Clause: Limit one of each Pok\u00e9mon\n|rule|HP Percentage Mod: HP is shown in percentages\n|rule|Sleep Clause Mod: Limit one foe put to sleep\n|\n|t:|1660441974\n|start\n|switch|p1a: Azumarill|Azumarill, L84, M|305\/305\n|switch|p2a: Steelix|Steelix, L84, F|263\/263\n|turn|1\n|inactive|pop smoke also wants the timer to be on.\n|\n|t:|1660441986\n|switch|p2a: Tsareena|Tsareena, L84, F|258\/258\n|move|p1a: Azumarill|Liquidation|p2a: Tsareena\n|-resisted|p2a: Tsareena\n|-damage|p2a: Tsareena|186\/258\n|\n|upkeep\n|turn|2\n|\n|t:|1660441992\n|switch|p1a: Eldegoss|Eldegoss, L90, M|254\/254\n|move|p2a: Tsareena|Power Whip|p1a: Eldegoss\n|-resisted|p1a: Eldegoss\n|-damage|p1a: Eldegoss|164\/254\n|-damage|p2a: Tsareena|161\/258|[from] item: Life Orb\n|\n|-heal|p1a: Eldegoss|179\/254|[from] item: Leftovers\n|upkeep\n|turn|3\n|\n|t:|1660442004\n|move|p2a: Tsareena|High Jump Kick|p1a: Eldegoss\n|-damage|p1a: Eldegoss|54\/254\n|-damage|p2a: Tsareena|136\/258|[from] item: Life Orb\n|move|p1a: Eldegoss|Pollen Puff|p2a: Tsareena\n|-supereffective|p2a: Tsareena\n|-damage|p2a: Tsareena|26\/258\n|\n|-heal|p1a: Eldegoss|69\/254|[from] item: Leftovers\n|upkeep\n|turn|4\n|\n|t:|1660442019\n|switch|p1a: Duraludon|Duraludon, L84, M|255\/255\n|move|p2a: Tsareena|Synthesis|p2a: Tsareena\n|-heal|p2a: Tsareena|155\/258\n|\n|upkeep\n|turn|5\n|\n|t:|1660442034\n|move|p1a: Duraludon|Draco Meteor|p2a: Tsareena\n|-damage|p2a: Tsareena|5\/258\n|-unboost|p1a: Duraludon|spa|2\n|move|p2a: Tsareena|High Jump Kick|p1a: Duraludon\n|-supereffective|p1a: Duraludon\n|-damage|p1a: Duraludon|39\/255\n|-damage|p2a: Tsareena|0 fnt|[from] item: Life Orb\n|faint|p2a: Tsareena\n|\n|upkeep\n|\n|t:|1660442049\n|switch|p2a: Steelix|Steelix, L84, F|263\/263\n|turn|6\n|\n|t:|1660442055\n|switch|p1a: Eldegoss|Eldegoss, L90, M|153\/254\n|move|p2a: Steelix|Dragon Dance|p2a: Steelix\n|-boost|p2a: Steelix|atk|1\n|-boost|p2a: Steelix|spe|1\n|\n|-heal|p1a: Eldegoss|168\/254|[from] item: Leftovers\n|upkeep\n|turn|7\n|c|\u2606pop smoke|.\n|\n|t:|1660442080\n|move|p1a: Eldegoss|Sleep Powder|p2a: Steelix\n|-status|p2a: Steelix|slp|[from] move: Sleep Powder\n|cant|p2a: Steelix|slp\n|\n|-heal|p1a: Eldegoss|183\/254|[from] item: Leftovers\n|upkeep\n|turn|8\n|c|\u2606Skysolo \u2764|,\n|c|\u2606Skysolo \u2764|its slower?\n|inactive|Skysolo \u2764 has 270 seconds left.\n|\n|t:|1660442097\n|switch|p2a: Nidoking|Nidoking, L82, M|267\/267\n|move|p1a: Eldegoss|Leech Seed|p2a: Nidoking\n|-start|p2a: Nidoking|move: Leech Seed\n|\n|-heal|p1a: Eldegoss|198\/254|[from] item: Leftovers\n|-damage|p2a: Nidoking|234\/267|[from] Leech Seed|[of] p1a: Eldegoss\n|-heal|p1a: Eldegoss|231\/254|[silent]\n|upkeep\n|turn|9\n|c|\u2606pop smoke|yeah bitch\n|\n|t:|1660442111\n|switch|p1a: Duraludon|Duraludon, L84, M|39\/255\n|move|p2a: Nidoking|Sludge Wave|p1a: Duraludon\n|-immune|p1a: Duraludon\n|\n|-damage|p2a: Nidoking|201\/267|[from] Leech Seed|[of] p1a: Duraludon\n|-heal|p1a: Duraludon|72\/255|[silent]\n|upkeep\n|turn|10\n|\n|t:|1660442124\n|switch|p2a: Steelix|Steelix, L84, F|263\/263 slp\n|move|p1a: Duraludon|Draco Meteor|p2a: Steelix\n|-resisted|p2a: Steelix\n|-damage|p2a: Steelix|170\/263 slp\n|-unboost|p1a: Duraludon|spa|2\n|\n|-heal|p2a: Steelix|186\/263 slp|[from] item: Leftovers\n|upkeep\n|turn|11\n|\n|t:|1660442130\n|switch|p1a: Azumarill|Azumarill, L84, M|305\/305\n|cant|p2a: Steelix|slp\n|\n|-heal|p2a: Steelix|202\/263 slp|[from] item: Leftovers\n|upkeep\n|turn|12\n|inactive|Skysolo \u2764 has 270 seconds left.\n|\n|t:|1660442161\n|move|p1a: Azumarill|Liquidation|p2a: Steelix\n|-supereffective|p2a: Steelix\n|-damage|p2a: Steelix|20\/263 slp\n|-unboost|p2a: Steelix|def|1\n|cant|p2a: Steelix|slp\n|\n|-heal|p2a: Steelix|36\/263 slp|[from] item: Leftovers\n|upkeep\n|turn|13\n|\n|t:|1660442164\n|move|p1a: Azumarill|Liquidation|p2a: Steelix\n|-supereffective|p2a: Steelix\n|-damage|p2a: Steelix|0 fnt\n|faint|p2a: Steelix\n|\n|upkeep\n|\n|t:|1660442174\n|switch|p2a: Nidoking|Nidoking, L82, M|201\/267\n|turn|14\n|\n|t:|1660442179\n|move|p2a: Nidoking|Substitute|p2a: Nidoking\n|-start|p2a: Nidoking|Substitute\n|-damage|p2a: Nidoking|135\/267\n|move|p1a: Azumarill|Liquidation|p2a: Nidoking\n|-supereffective|p2a: Nidoking\n|-end|p2a: Nidoking|Substitute\n|\n|upkeep\n|turn|15\n|\n|t:|1660442182\n|move|p2a: Nidoking|Sludge Wave|p1a: Azumarill\n|-supereffective|p1a: Azumarill\n|-damage|p1a: Azumarill|1\/305\n|move|p1a: Azumarill|Liquidation|p2a: Nidoking\n|-supereffective|p2a: Nidoking\n|-damage|p2a: Nidoking|0 fnt\n|faint|p2a: Nidoking\n|\n|upkeep\n|c|\u2606pop smoke|LOL\n|c|\u2606Skysolo \u2764|hello\n|\n|t:|1660442192\n|switch|p2a: Cinccino|Cinccino, L84, M|263\/263\n|turn|16\n|\n|t:|1660442200\n|move|p2a: Cinccino|Tail Slap|p1a: Azumarill\n|-damage|p1a: Azumarill|0 fnt\n|faint|p1a: Azumarill\n|-hitcount|p1: Azumarill|1\n|\n|upkeep\n|\n|t:|1660442202\n|switch|p1a: Bouffalant|Bouffalant, L84, F|297\/297\n|turn|17\n|\n|t:|1660442224\n|move|p2a: Cinccino|Tail Slap|p1a: Bouffalant\n|-damage|p1a: Bouffalant|258\/297\n|-damage|p1a: Bouffalant|219\/297\n|-damage|p1a: Bouffalant|180\/297\n|-damage|p1a: Bouffalant|141\/297\n|-damage|p1a: Bouffalant|102\/297\n|-hitcount|p1a: Bouffalant|5\n|move|p1a: Bouffalant|Close Combat|p2a: Cinccino\n|-supereffective|p2a: Cinccino\n|-damage|p2a: Cinccino|19\/263\n|-unboost|p1a: Bouffalant|def|1\n|-unboost|p1a: Bouffalant|spd|1\n|\n|-heal|p1a: Bouffalant|120\/297|[from] item: Leftovers\n|upkeep\n|turn|18\n|c|\u2606pop smoke|.\n|\n|t:|1660442234\n|switch|p1a: Duraludon|Duraludon, L84, M|72\/255\n|move|p2a: Cinccino|Tail Slap|p1a: Duraludon\n|-resisted|p1a: Duraludon\n|-damage|p1a: Duraludon|57\/255\n|-resisted|p1a: Duraludon\n|-damage|p1a: Duraludon|40\/255\n|-resisted|p1a: Duraludon\n|-damage|p1a: Duraludon|23\/255\n|-resisted|p1a: Duraludon\n|-damage|p1a: Duraludon|6\/255\n|-resisted|p1a: Duraludon\n|-damage|p1a: Duraludon|0 fnt\n|faint|p1a: Duraludon\n|-hitcount|p1: Duraludon|5\n|\n|upkeep\n|\n|t:|1660442238\n|switch|p1a: Eldegoss|Eldegoss, L90, M|254\/254\n|turn|19\n|c|\u2606Skysolo \u2764|?\n|\n|t:|1660442241\n|move|p2a: Cinccino|Tail Slap|p1a: Eldegoss\n|-damage|p1a: Eldegoss|220\/254\n|-damage|p1a: Eldegoss|183\/254\n|-damage|p1a: Eldegoss|143\/254\n|-damage|p1a: Eldegoss|109\/254\n|-damage|p1a: Eldegoss|70\/254\n|-hitcount|p1a: Eldegoss|5\n|move|p1a: Eldegoss|Energy Ball|p2a: Cinccino\n|-damage|p2a: Cinccino|0 fnt\n|faint|p2a: Cinccino\n|\n|-heal|p1a: Eldegoss|85\/254|[from] item: Leftovers\n|upkeep\n|\n|t:|1660442253\n|switch|p2a: Obstagoon|Obstagoon, L80, F|280\/280\n|turn|20\n|\n|t:|1660442270\n|switch|p1a: Kartana|Kartana, L74|209\/209\n|move|p2a: Obstagoon|Knock Off|p1a: Kartana\n|-crit|p1a: Kartana\n|-damage|p1a: Kartana|92\/209\n|-enditem|p1a: Kartana|Life Orb|[from] move: Knock Off|[of] p2a: Obstagoon\n|\n|-status|p2a: Obstagoon|brn|[from] item: Flame Orb\n|upkeep\n|turn|21\n|\n|t:|1660442275\n|switch|p2a: Manectric|Manectric, L86, M|261\/261\n|move|p1a: Kartana|Sacred Sword|p2a: Manectric\n|-damage|p2a: Manectric|161\/261\n|\n|upkeep\n|turn|22\n|\n|t:|1660442284\n|switch|p1a: Eldegoss|Eldegoss, L90, M|169\/254\n|move|p2a: Manectric|Overheat|p1a: Eldegoss\n|-supereffective|p1a: Eldegoss\n|-damage|p1a: Eldegoss|7\/254\n|-unboost|p2a: Manectric|spa|2\n|\n|-heal|p1a: Eldegoss|22\/254|[from] item: Leftovers\n|upkeep\n|turn|23\n|\n|t:|1660442290\n|switch|p1a: Bouffalant|Bouffalant, L84, F|120\/297\n|move|p2a: Manectric|Overheat|p1a: Bouffalant\n|-damage|p1a: Bouffalant|72\/297\n|-unboost|p2a: Manectric|spa|2\n|\n|-heal|p1a: Bouffalant|90\/297|[from] item: Leftovers\n|upkeep\n|turn|24\n|\n|t:|1660442306\n|switch|p2a: Obstagoon|Obstagoon, L80, F|280\/280 brn\n|move|p1a: Bouffalant|Head Charge|p2a: Obstagoon\n|-damage|p2a: Obstagoon|121\/280 brn\n|-damage|p1a: Bouffalant|50\/297|[from] Recoil\n|\n|-heal|p1a: Bouffalant|68\/297|[from] item: Leftovers\n|-damage|p2a: Obstagoon|104\/280 brn|[from] brn\n|upkeep\n|turn|25\n|\n|t:|1660442318\n|move|p2a: Obstagoon|Knock Off|p1a: Bouffalant\n|-damage|p1a: Bouffalant|0 fnt\n|-enditem|p1a: Bouffalant|Leftovers|[from] move: Knock Off|[of] p2a: Obstagoon\n|faint|p1a: Bouffalant\n|\n|-damage|p2a: Obstagoon|87\/280 brn|[from] brn\n|upkeep\n|\n|t:|1660442323\n|switch|p1a: Kartana|Kartana, L74|92\/209\n|turn|26\n|\n|t:|1660442325\n|move|p1a: Kartana|Leaf Blade|p2a: Obstagoon\n|-damage|p2a: Obstagoon|0 fnt\n|faint|p2a: Obstagoon\n|-ability|p1a: Kartana|Beast Boost|boost\n|-boost|p1a: Kartana|atk|1\n|\n|upkeep\n|\n|t:|1660442328\n|switch|p2a: Manectric|Manectric, L86, M|161\/261\n|turn|27\n|\n|t:|1660442340\n|move|p2a: Manectric|Overheat|p1a: Kartana\n|-supereffective|p1a: Kartana\n|-damage|p1a: Kartana|0 fnt\n|-unboost|p2a: Manectric|spa|2\n|faint|p1a: Kartana\n|\n|upkeep\n|\n|t:|1660442344\n|switch|p1a: Alakazam|Alakazam, L78, M|214\/214\n|turn|28\n|\n|t:|1660442348\n|-start|p2a: Manectric|Dynamax|\n|-heal|p2a: Manectric|322\/522|[silent]\n|-start|p1a: Alakazam|Dynamax|\n|-heal|p1a: Alakazam|428\/428|[silent]\n|move|p1a: Alakazam|Max Mindstorm|p2a: Manectric\n|-damage|p2a: Manectric|49\/522\n|-fieldstart|move: Psychic Terrain\n|move|p2a: Manectric|Max Lightning|p1a: Alakazam\n|-damage|p1a: Alakazam|346\/428\n|-fieldstart|move: Electric Terrain\n|\n|upkeep\n|turn|29\n|c|\u2606Skysolo \u2764|GG\n|\n|t:|1660442356\n|move|p1a: Alakazam|Max Mindstorm|p2a: Manectric\n|-damage|p2a: Manectric|0 fnt\n|-fieldstart|move: Psychic Terrain\n|faint|p2a: Manectric\n|\n|win|pop smoke\n","inputlog":">version 0cabc02675e7bff5f88c3f0c0d02e4d5cdb34013\n>start {\"formatid\":\"gen8randombattle\",\"seed\":[9895,61667,47604,40039]}\n>player p1 {\"name\":\"pop smoke\",\"avatar\":\"lyra\",\"rating\":0,\"seed\":[22220,41041,45585,32276]}\n>player p2 {\"name\":\"Skysolo \u2764\",\"avatar\":\"#pspl2019ubers\",\"rating\":0,\"seed\":[12588,26577,49298,13683]}\n>p1 move liquidation\n>p2 switch 3\n>p1 switch 3\n>p2 move powerwhip\n>p1 move pollenpuff\n>p2 move highjumpkick\n>p1 switch 4\n>p2 move synthesis\n>p1 move dracometeor\n>p2 move highjumpkick\n>p2 switch 3\n>p1 switch 4\n>p2 move dragondance\n>chat \u2606pop smoke|.\n>p1 move sleeppowder\n>p2 move heavyslam\n>chat \u2606Skysolo \u2764|,\n>chat \u2606Skysolo \u2764|its slower?\n>p1 move leechseed\n>p2 switch 5\n>chat \u2606pop smoke|yeah bitch\n>p1 switch 4\n>p2 move sludgewave\n>p1 move dracometeor\n>p2 switch 5\n>p1 switch 3\n>p2 move dragondance\n>p1 move liquidation\n>p2 move dragondance\n>p1 move liquidation\n>p2 move heavyslam\n>p2 switch 5\n>p1 move liquidation\n>p2 move substitute\n>p1 move liquidation\n>p2 move sludgewave\n>chat \u2606pop smoke|LOL\n>chat \u2606Skysolo \u2764|hello\n>p2 switch 6\n>p1 move liquidation\n>p2 move tailslap\n>p1 switch 2\n>p1 move closecombat\n>p2 move tailslap\n>chat \u2606pop smoke|.\n>p1 switch 3\n>p2 move tailslap\n>p1 switch 4\n>chat \u2606Skysolo \u2764|?\n>p1 move energyball\n>p2 move tailslap\n>p2 switch 2\n>p1 switch 6\n>p2 move knockoff\n>p1 move sacredsword\n>p2 switch 4\n>p1 switch 6\n>p2 move overheat\n>p1 switch 3\n>p2 move overheat\n>p1 move headcharge\n>p2 switch 4\n>p1 move headcharge\n>p2 move knockoff\n>p1 switch 6\n>p1 move leafblade\n>p2 move closecombat\n>p2 switch 4\n>p1 move leafblade\n>p2 move overheat\n>p1 switch 5\n>p1 move psychic dynamax\n>p2 move thunderbolt dynamax\n>chat \u2606Skysolo \u2764|GG\n>p1 move psychic dynamax\n>p2 move thunderbolt dynamax","uploadtime":1660442357,"views":7,"p1id":"popsmoke","p2id":"skysolo","formatid":"gen8randombattle","rating":0,"private":0,"password":null}