{"id":"smogtours-gen8nfe-643450","p1":"Skysolo \u2764","p2":"Fraises des boas","format":"gen8nfe","log":"|inactive|Battle timer is ON: inactive players will automatically lose when time's up.\n|t:|1660417748\n|gametype|singles\n|player|p1|Skysolo \u2764|#pspl2019ubers|\n|player|p2|Fraises des boas|alder|\n|teamsize|p1|6\n|teamsize|p2|6\n|gen|8\n|tier|[Gen 8] NFE\n|rule|Sleep Clause Mod: Limit one foe put to sleep\n|rule|Species Clause: Limit one of each Pok\u00e9mon\n|rule|OHKO Clause: OHKO moves are banned\n|rule|Evasion Moves Clause: Evasion moves are banned\n|rule|Endless Battle Clause: Forcing endless battles is banned\n|rule|HP Percentage Mod: HP is shown in percentages\n|rule|Dynamax Clause: You cannot dynamax\n|clearpoke\n|poke|p1|Linoone-Galar, M|\n|poke|p1|Dartrix, F|\n|poke|p1|Hattrem, F|\n|poke|p1|Piloswine, F|\n|poke|p1|Electabuzz, F|\n|poke|p1|Wartortle, M|\n|poke|p2|Piloswine, F|\n|poke|p2|Vullaby, F|\n|poke|p2|Hattrem, F|\n|poke|p2|Roselia, F|\n|poke|p2|Lampent, F|\n|poke|p2|Electabuzz, F|\n|teampreview\n|c|\u2606Skysolo \u2764|hf\n|c|+Arct!c|THE STRAP\n|inactive|Skysolo \u2764 has 270 seconds left.\n|inactive|Fraises des boas has 270 seconds left.\n|inactive|Skysolo \u2764 has 240 seconds left.\n|\n|t:|1660417826\n|start\n|switch|p1a: Electabuzz|Electabuzz, F|100\/100\n|switch|p2a: Piloswine|Piloswine, F|100\/100\n|turn|1\n|\n|t:|1660417843\n|switch|p1a: Hattrem|Hattrem, F|100\/100\n|move|p2a: Piloswine|High Horsepower|p1a: Hattrem\n|-damage|p1a: Hattrem|65\/100\n|\n|upkeep\n|turn|2\n|\n|t:|1660417853\n|move|p2a: Piloswine|High Horsepower|p1a: Hattrem\n|-damage|p1a: Hattrem|32\/100\n|move|p1a: Hattrem|Psychic|p2a: Piloswine\n|-damage|p2a: Piloswine|78\/100\n|\n|upkeep\n|turn|3\n|\n|t:|1660417861\n|switch|p1a: Wartortle|Wartortle, M|100\/100\n|move|p2a: Piloswine|High Horsepower|p1a: Wartortle\n|-damage|p1a: Wartortle|74\/100\n|\n|upkeep\n|turn|4\n|inactive|Fraises des boas has 270 seconds left.\n|\n|t:|1660417899\n|switch|p2a: Roselia|Roselia, F|100\/100\n|move|p1a: Wartortle|Flip Turn|p2a: Roselia\n|-resisted|p2a: Roselia\n|-damage|p2a: Roselia|90\/100\n|inactive|Skysolo \u2764 has 270 seconds left.\n|inactive|Skysolo \u2764 has 240 seconds left.\n|inactive|Skysolo \u2764 has 210 seconds left.\n|\n|t:|1660417997\n|switch|p1a: Dartrix|Dartrix, F|100\/100|[from]move: Flip Turn\n|\n|upkeep\n|turn|5\n|inactive|Skysolo \u2764 has 210 seconds left.\n|inactive|Fraises des boas has 270 seconds left.\n|\n|t:|1660418028\n|switch|p2a: Hattrem|Hattrem, F|100\/100\n|move|p1a: Dartrix|Swords Dance|p1a: Dartrix\n|-boost|p1a: Dartrix|atk|2\n|\n|upkeep\n|turn|6\n|\n|t:|1660418043\n|move|p1a: Dartrix|Leaf Blade|p2a: Hattrem\n|-damage|p2a: Hattrem|48\/100\n|move|p2a: Hattrem|Nuzzle|p1a: Dartrix\n|-damage|p1a: Dartrix|98\/100\n|-status|p1a: Dartrix|par\n|\n|upkeep\n|turn|7\n|inactive|Fraises des boas has 270 seconds left.\n|inactive|Fraises des boas has 240 seconds left.\n|\n|t:|1660418083\n|move|p2a: Hattrem|Mystical Fire|p1a: Dartrix\n|-supereffective|p1a: Dartrix\n|-damage|p1a: Dartrix|65\/100 par\n|-unboost|p1a: Dartrix|spa|1\n|move|p1a: Dartrix|Brave Bird|p2a: Hattrem\n|-damage|p2a: Hattrem|0 fnt\n|faint|p2a: Hattrem\n|-damage|p1a: Dartrix|48\/100 par|[from] Recoil\n|\n|upkeep\n|inactive|Fraises des boas has 240 seconds left.\n|\n|t:|1660418093\n|switch|p2a: Piloswine|Piloswine, F|78\/100\n|turn|8\n|inactive|Fraises des boas has 240 seconds left.\n|\n|t:|1660418102\n|switch|p1a: Wartortle|Wartortle, M|74\/100\n|move|p2a: Piloswine|Icicle Crash|p1a: Wartortle\n|-resisted|p1a: Wartortle\n|-damage|p1a: Wartortle|64\/100\n|\n|upkeep\n|turn|9\n|inactive|Fraises des boas has 240 seconds left.\n|inactive|Fraises des boas has 210 seconds left.\n|\n|t:|1660418147\n|move|p1a: Wartortle|Seismic Toss|p2a: Piloswine\n|-damage|p2a: Piloswine|53\/100\n|move|p2a: Piloswine|High Horsepower|p1a: Wartortle\n|-damage|p1a: Wartortle|36\/100\n|\n|upkeep\n|turn|10\n|inactive|Fraises des boas has 210 seconds left.\n|\n|t:|1660418167\n|switch|p2a: Roselia|Roselia, F|90\/100\n|move|p1a: Wartortle|Seismic Toss|p2a: Roselia\n|-damage|p2a: Roselia|57\/100\n|\n|upkeep\n|turn|11\n|\n|t:|1660418177\n|switch|p1a: Hattrem|Hattrem, F|32\/100\n|move|p2a: Roselia|Giga Drain|p1a: Hattrem\n|-damage|p1a: Hattrem|12\/100\n|-heal|p2a: Roselia|68\/100|[from] drain|[of] p1a: Hattrem\n|\n|upkeep\n|turn|12\n|\n|t:|1660418183\n|move|p2a: Roselia|Giga Drain|p1a: Hattrem\n|-damage|p1a: Hattrem|0 fnt\n|-heal|p2a: Roselia|74\/100|[from] drain|[of] p1a: Hattrem\n|faint|p1a: Hattrem\n|\n|upkeep\n|\n|t:|1660418198\n|switch|p1a: Linoone|Linoone-Galar, M|100\/100\n|turn|13\n|inactive|Fraises des boas has 210 seconds left.\n|inactive|Skysolo \u2764 has 180 seconds left.\n|\n|t:|1660418224\n|switch|p2a: Vullaby|Vullaby, F|100\/100\n|move|p1a: Linoone|Double-Edge|p2a: Vullaby\n|-damage|p2a: Vullaby|49\/100\n|-damage|p1a: Linoone|81\/100|[from] Recoil\n|\n|upkeep\n|turn|14\n|inactive|Skysolo \u2764 has 180 seconds left.\n|inactive|Fraises des boas has 210 seconds left.\n|\n|t:|1660418243\n|switch|p1a: Electabuzz|Electabuzz, F|100\/100\n|move|p2a: Vullaby|U-turn|p1a: Electabuzz\n|-damage|p1a: Electabuzz|80\/100\n|-status|p2a: Vullaby|par|[from] ability: Static|[of] p1a: Electabuzz\n|\n|t:|1660418252\n|switch|p2a: Roselia|Roselia, F|74\/100|[from]move: U-turn\n|\n|upkeep\n|turn|15\n|inactive|Fraises des boas has 210 seconds left.\n|\n|t:|1660418265\n|move|p1a: Electabuzz|Psychic|p2a: Roselia\n|-supereffective|p2a: Roselia\n|-damage|p2a: Roselia|30\/100\n|move|p2a: Roselia|Giga Drain|p1a: Electabuzz\n|-damage|p1a: Electabuzz|43\/100\n|-heal|p2a: Roselia|47\/100|[from] drain|[of] p1a: Electabuzz\n|\n|upkeep\n|turn|16\n|\n|t:|1660418278\n|move|p1a: Electabuzz|Psychic|p2a: Roselia\n|-supereffective|p2a: Roselia\n|-damage|p2a: Roselia|3\/100\n|move|p2a: Roselia|Synthesis|p2a: Roselia\n|-heal|p2a: Roselia|53\/100\n|\n|upkeep\n|turn|17\n|\n|t:|1660418281\n|switch|p1a: Linoone|Linoone-Galar, M|81\/100\n|move|p2a: Roselia|Synthesis|p2a: Roselia\n|-heal|p2a: Roselia|100\/100\n|\n|upkeep\n|turn|18\n|inactive|Fraises des boas has 210 seconds left.\n|inactive|Fraises des boas has 180 seconds left.\n|\n|t:|1660418340\n|move|p1a: Linoone|Double-Edge|p2a: Roselia\n|-damage|p2a: Roselia|11\/100\n|-damage|p1a: Linoone|51\/100|[from] Recoil\n|move|p2a: Roselia|Giga Drain|p1a: Linoone\n|-damage|p1a: Linoone|3\/100\n|-heal|p2a: Roselia|35\/100|[from] drain|[of] p1a: Linoone\n|\n|upkeep\n|turn|19\n|inactive|Fraises des boas has 180 seconds left.\n|\n|t:|1660418358\n|switch|p2a: Vullaby|Vullaby, F|49\/100 par\n|move|p1a: Linoone|Double-Edge|p2a: Vullaby\n|-damage|p2a: Vullaby|0 fnt\n|faint|p2a: Vullaby\n|-damage|p1a: Linoone|0 fnt|[from] Recoil\n|faint|p1a: Linoone\n|\n|upkeep\n|inactive|Fraises des boas has 180 seconds left.\n|inactive|Skysolo \u2764 has 180 seconds left.\n|\n|t:|1660418374\n|switch|p1a: Electabuzz|Electabuzz, F|43\/100\n|switch|p2a: Lampent|Lampent, F|100\/100\n|turn|20\n|inactive|Skysolo \u2764 has 180 seconds left.\n|inactive|Fraises des boas has 150 seconds left.\n|inactive|Fraises des boas has 120 seconds left.\n|\n|t:|1660418434\n|switch|p2a: Electabuzz|Electabuzz, F|100\/100\n|move|p1a: Electabuzz|Volt Switch|p2a: Electabuzz\n|-resisted|p2a: Electabuzz\n|-damage|p2a: Electabuzz|78\/100\n|\n|t:|1660418439\n|switch|p1a: Piloswine|Piloswine, F|100\/100|[from]move: Volt Switch\n|\n|upkeep\n|turn|21\n|inactive|Fraises des boas has 120 seconds left.\n|\n|t:|1660418455\n|move|p2a: Electabuzz|Focus Blast|p1a: Piloswine|[miss]\n|-miss|p2a: Electabuzz|p1a: Piloswine\n|move|p1a: Piloswine|Earthquake|p2a: Electabuzz\n|-supereffective|p2a: Electabuzz\n|-damage|p2a: Electabuzz|0 fnt\n|faint|p2a: Electabuzz\n|\n|upkeep\n|inactive|Fraises des boas has 120 seconds left.\n|\n|t:|1660418460\n|switch|p2a: Lampent|Lampent, F|100\/100\n|turn|22\n|inactive|Skysolo \u2764 has 180 seconds left.\n|inactive|Fraises des boas has 120 seconds left.\n|inactive|Skysolo \u2764 has 150 seconds left.\n|inactive|Fraises des boas has 90 seconds left.\n|\n|t:|1660418532\n|switch|p1a: Dartrix|Dartrix, F|48\/100 par\n|move|p2a: Lampent|Energy Ball|p1a: Dartrix\n|-resisted|p1a: Dartrix\n|-damage|p1a: Dartrix|37\/100 par\n|\n|upkeep\n|turn|23\n|inactive|Fraises des boas has 90 seconds left.\n|inactive|Fraises des boas has 60 seconds left.\n|inactive|Skysolo \u2764 has 120 seconds left.\n|\n|t:|1660418585\n|switch|p2a: Roselia|Roselia, F|35\/100\n|move|p1a: Dartrix|Brave Bird|p2a: Roselia\n|-supereffective|p2a: Roselia\n|-damage|p2a: Roselia|0 fnt\n|faint|p2a: Roselia\n|-damage|p1a: Dartrix|25\/100 par|[from] Recoil\n|\n|upkeep\n|\n|t:|1660418588\n|switch|p2a: Piloswine|Piloswine, F|53\/100\n|turn|24\n|inactive|Fraises des boas has 60 seconds left.\n|\n|t:|1660418603\n|move|p2a: Piloswine|Icicle Crash|p1a: Dartrix\n|-supereffective|p1a: Dartrix\n|-damage|p1a: Dartrix|0 fnt\n|faint|p1a: Dartrix\n|\n|upkeep\n|\n|t:|1660418613\n|switch|p1a: Piloswine|Piloswine, F|100\/100\n|turn|25\n|\n|t:|1660418619\n|move|p1a: Piloswine|Earthquake|p2a: Piloswine\n|-damage|p2a: Piloswine|20\/100\n|move|p2a: Piloswine|High Horsepower|p1a: Piloswine\n|-damage|p1a: Piloswine|68\/100\n|\n|upkeep\n|turn|26\n|\n|t:|1660418626\n|move|p1a: Piloswine|Earthquake|p2a: Piloswine\n|-damage|p2a: Piloswine|0 fnt\n|faint|p2a: Piloswine\n|\n|upkeep\n|\n|t:|1660418628\n|switch|p2a: Lampent|Lampent, F|100\/100\n|turn|27\n|\n|t:|1660418633\n|move|p2a: Lampent|Energy Ball|p1a: Piloswine\n|-supereffective|p1a: Piloswine\n|-damage|p1a: Piloswine|0 fnt\n|faint|p1a: Piloswine\n|\n|upkeep\n|\n|t:|1660418638\n|switch|p1a: Electabuzz|Electabuzz, F|43\/100\n|turn|28\n|\n|t:|1660418657\n|move|p1a: Electabuzz|Volt Switch|p2a: Lampent\n|-damage|p2a: Lampent|13\/100\n|\n|t:|1660418660\n|switch|p1a: Wartortle|Wartortle, M|36\/100|[from]move: Volt Switch\n|move|p2a: Lampent|Energy Ball|p1a: Wartortle\n|-supereffective|p1a: Wartortle\n|-damage|p1a: Wartortle|0 fnt\n|faint|p1a: Wartortle\n|\n|upkeep\n|\n|t:|1660418663\n|switch|p1a: Electabuzz|Electabuzz, F|43\/100\n|turn|29\n|\n|t:|1660418666\n|move|p1a: Electabuzz|Thunderbolt|p2a: Lampent\n|-damage|p2a: Lampent|0 fnt\n|faint|p2a: Lampent\n|\n|win|Skysolo \u2764\n|c|+Arct!c|87.\n|c|\u2606Skysolo \u2764|gg\n|c|\u2606Fraises des boas|gg\n","uploadtime":1660418667,"views":213,"p1id":"skysolo","p2id":"fraisesdesboas","formatid":"gen8nfe","rating":0,"private":0,"password":null}