{"id":"smogtours-gen5ou-607447","p1":"Goootzinho","p2":"THE PDC SHOW","format":"gen5ou","log":"|inactive|Battle timer is ON: inactive players will automatically lose when time's up.\n|t:|1644176624\n|gametype|singles\n|player|p1|Goootzinho|karen-gen2|\n|player|p2|THE PDC SHOW|#splxiiityrants|\n|teamsize|p1|6\n|teamsize|p2|6\n|gen|5\n|tier|[Gen 5] OU\n|rule|Species Clause: Limit one of each Pok\u00e9mon\n|rule|OHKO Clause: OHKO moves are banned\n|rule|Moody Clause: Moody is banned\n|rule|Evasion Moves Clause: Evasion moves are banned\n|rule|Endless Battle Clause: Forcing endless battles is banned\n|rule|HP Percentage Mod: HP is shown in percentages\n|rule|Evasion Abilities Clause: Evasion abilities are banned\n|rule|Sleep Clause: Sleep-inducing moves are banned\n|rule|Swagger Clause: Swagger is banned\n|clearpoke\n|poke|p1|Xatu, F|item\n|poke|p1|Latios, M|item\n|poke|p1|Jirachi|item\n|poke|p1|Hippowdon, F|item\n|poke|p1|Rotom-Wash|item\n|poke|p1|Terrakion|item\n|poke|p2|Victini|item\n|poke|p2|Breloom, M|item\n|poke|p2|Scizor, M|item\n|poke|p2|Landorus-Therian, M|item\n|poke|p2|Heatran, M|item\n|poke|p2|Latios, M|item\n|teampreview\n|c|\u2606Goootzinho|hf\n|c|\u2606THE PDC SHOW|u2\n|inactive|Goootzinho has 270 seconds left.\n|inactive|THE PDC SHOW has 270 seconds left.\n|inactive|Goootzinho has 240 seconds left.\n|\n|t:|1644176701\n|start\n|switch|p1a: Shiny Happy People|Hippowdon, F|100\/100\n|switch|p2a: Breloom|Breloom, M|100\/100\n|-weather|Sandstorm|[from] ability: Sand Stream|[of] p1a: Shiny Happy People\n|turn|1\n|inactive|Goootzinho has 270 seconds left.\n|\n|t:|1644176729\n|move|p2a: Breloom|Bullet Seed|p1a: Shiny Happy People\n|-enditem|p2a: Breloom|Grass Gem|[from] gem\n|-supereffective|p1a: Shiny Happy People\n|-damage|p1a: Shiny Happy People|66\/100\n|-supereffective|p1a: Shiny Happy People\n|-damage|p1a: Shiny Happy People|31\/100\n|-supereffective|p1a: Shiny Happy People\n|-damage|p1a: Shiny Happy People|0 fnt\n|faint|p1a: Shiny Happy People\n|-hitcount|p1: Shiny Happy People|3\n|\n|-weather|Sandstorm|[upkeep]\n|-damage|p2a: Breloom|94\/100|[from] Sandstorm\n|upkeep\n|inactive|Goootzinho has 270 seconds left.\n|\n|t:|1644176740\n|switch|p1a: Fox's Down B|Latios, M|100\/100\n|turn|2\n|\n|t:|1644176760\n|switch|p2a: Scizor|Scizor, M|100\/100\n|move|p1a: Fox's Down B|Calm Mind|p1a: Fox's Down B\n|-boost|p1a: Fox's Down B|spa|1\n|-boost|p1a: Fox's Down B|spd|1\n|\n|-weather|Sandstorm|[upkeep]\n|-damage|p1a: Fox's Down B|95\/100|[from] Sandstorm\n|upkeep\n|turn|3\n|\n|t:|1644176762\n|move|p2a: Scizor|U-turn|p1a: Fox's Down B\n|-supereffective|p1a: Fox's Down B\n|-damage|p1a: Fox's Down B|0 fnt\n|faint|p1a: Fox's Down B\n|\n|t:|1644176777\n|switch|p2a: Victini|Victini|100\/100|[from]move: U-turn\n|\n|-weather|Sandstorm|[upkeep]\n|-damage|p2a: Victini|94\/100|[from] Sandstorm\n|upkeep\n|\n|t:|1644176788\n|switch|p1a: Shining|Rotom-Wash, shiny|100\/100\n|turn|4\n|\n|t:|1644176793\n|move|p2a: Victini|Final Gambit|p1a: Shining\n|-damage|p1a: Shining|0 fnt\n|faint|p2a: Victini\n|faint|p1a: Shining\n|\n|-weather|Sandstorm|[upkeep]\n|upkeep\n|inactive|Goootzinho has 270 seconds left.\n|\n|t:|1644176828\n|switch|p2a: Landorus|Landorus-Therian, M|100\/100\n|switch|p1a: SHINY NATU|Xatu, F, shiny|100\/100\n|-ability|p2a: Landorus|Intimidate|boost\n|-unboost|p1a: SHINY NATU|atk|1\n|turn|5\n|inactive|Goootzinho has 270 seconds left.\n|\n|t:|1644176848\n|move|p2a: Landorus|Hidden Power|p1a: SHINY NATU\n|-supereffective|p1a: SHINY NATU\n|-damage|p1a: SHINY NATU|54\/100\n|move|p1a: SHINY NATU|Reflect|p1a: SHINY NATU\n|-sidestart|p1: Goootzinho|Reflect\n|\n|-weather|Sandstorm|[upkeep]\n|-damage|p1a: SHINY NATU|48\/100|[from] Sandstorm\n|-heal|p1a: SHINY NATU|54\/100|[from] item: Leftovers\n|upkeep\n|turn|6\n|\n|t:|1644176854\n|move|p2a: Landorus|U-turn|p1a: SHINY NATU\n|-damage|p1a: SHINY NATU|41\/100\n|\n|t:|1644176856\n|switch|p2a: Heatran|Heatran, M|100\/100|[from]move: U-turn\n|-item|p2a: Heatran|Air Balloon\n|move|p1a: SHINY NATU|Roost|p1a: SHINY NATU\n|-heal|p1a: SHINY NATU|91\/100\n|-singleturn|p1a: SHINY NATU|move: Roost\n|\n|-weather|Sandstorm|[upkeep]\n|-damage|p1a: SHINY NATU|85\/100|[from] Sandstorm\n|-heal|p1a: SHINY NATU|91\/100|[from] item: Leftovers\n|upkeep\n|turn|7\n|\n|t:|1644176864\n|switch|p1a: Yooperlites|Terrakion|100\/100\n|move|p2a: Heatran|Sunny Day|p2a: Heatran\n|-weather|SunnyDay\n|\n|-weather|SunnyDay|[upkeep]\n|upkeep\n|turn|8\n|\n|t:|1644176871\n|switch|p2a: Landorus|Landorus-Therian, M|100\/100\n|-ability|p2a: Landorus|Intimidate|boost\n|-unboost|p1a: Yooperlites|atk|1\n|move|p1a: Yooperlites|Stone Edge|p2a: Landorus\n|-damage|p2a: Landorus|40\/100\n|\n|-weather|SunnyDay|[upkeep]\n|upkeep\n|turn|9\n|\n|t:|1644176888\n|switch|p2a: Breloom|Breloom, M|94\/100\n|move|p1a: Yooperlites|Stone Edge|p2a: Breloom\n|-resisted|p2a: Breloom\n|-damage|p2a: Breloom|54\/100\n|\n|-weather|SunnyDay|[upkeep]\n|-sideend|p1: Goootzinho|Reflect\n|upkeep\n|turn|10\n|inactive|Goootzinho has 270 seconds left.\n|inactive|Goootzinho has 240 seconds left.\n|\n|t:|1644176935\n|switch|p1a: SHINY NATU|Xatu, F, shiny|91\/100\n|move|p2a: Breloom|Swords Dance|p2a: Breloom\n|-boost|p2a: Breloom|atk|2\n|\n|-weather|SunnyDay|[upkeep]\n|-heal|p1a: SHINY NATU|97\/100|[from] item: Leftovers\n|upkeep\n|turn|11\n|\n|t:|1644176941\n|move|p1a: SHINY NATU|Heat Wave|p2a: Breloom\n|-supereffective|p2a: Breloom\n|-damage|p2a: Breloom|0 fnt\n|faint|p2a: Breloom\n|\n|-weather|none\n|-heal|p1a: SHINY NATU|100\/100|[from] item: Leftovers\n|upkeep\n|\n|t:|1644176952\n|switch|p2a: Heatran|Heatran, M|100\/100\n|-item|p2a: Heatran|Air Balloon\n|turn|12\n|inactive|Goootzinho has 240 seconds left.\n|\n|t:|1644177001\n|switch|p1a: Yooperlites|Terrakion|100\/100\n|move|p2a: Heatran|Magma Storm|p1a: Yooperlites\n|-resisted|p1a: Yooperlites\n|-damage|p1a: Yooperlites|63\/100\n|-activate|p1a: Yooperlites|move: Magma Storm|[of] p2a: Heatran\n|\n|-damage|p1a: Yooperlites|57\/100|[from] move: Magma Storm|[partiallytrapped]\n|upkeep\n|turn|13\n|inactive|Goootzinho has 210 seconds left.\n|inactive|Goootzinho has 180 seconds left.\n|\n|t:|1644177070\n|switch|p2a: Landorus|Landorus-Therian, M|40\/100\n|-ability|p2a: Landorus|Intimidate|boost\n|-unboost|p1a: Yooperlites|atk|1\n|move|p1a: Yooperlites|Stone Edge|p2a: Landorus\n|-damage|p2a: Landorus|0 fnt\n|faint|p2a: Landorus\n|\n|upkeep\n|\n|t:|1644177089\n|switch|p2a: Latios|Latios, M|100\/100\n|turn|14\n|inactive|Goootzinho has 150 seconds left.\n|inactive|Goootzinho has 120 seconds left.\n|\n|t:|1644177146\n|move|p2a: Latios|Draco Meteor|p1a: Yooperlites\n|-enditem|p2a: Latios|Dragon Gem|[from] gem\n|-damage|p1a: Yooperlites|0 fnt\n|-unboost|p2a: Latios|spa|2\n|faint|p1a: Yooperlites\n|\n|upkeep\n|inactive|Goootzinho has 120 seconds left.\n|\n|t:|1644177154\n|switch|p1a: Shine Bright Like|Jirachi|100\/100\n|turn|15\n|\n|t:|1644177157\n|switch|p2a: Heatran|Heatran, M|100\/100\n|-item|p2a: Heatran|Air Balloon\n|move|p1a: Shine Bright Like|Body Slam|p2a: Heatran\n|-resisted|p2a: Heatran\n|-damage|p2a: Heatran|91\/100\n|-enditem|p2a: Heatran|Air Balloon\n|\n|upkeep\n|turn|16\n|\n|t:|1644177162\n|move|p2a: Heatran|Magma Storm|p1a: Shine Bright Like|[miss]\n|-miss|p2a: Heatran|p1a: Shine Bright Like\n|move|p1a: Shine Bright Like|Body Slam|p2a: Heatran\n|-resisted|p2a: Heatran\n|-damage|p2a: Heatran|81\/100\n|\n|upkeep\n|turn|17\n|\n|t:|1644177166\n|move|p1a: Shine Bright Like|Protect|p1a: Shine Bright Like\n|-singleturn|p1a: Shine Bright Like|Protect\n|move|p2a: Heatran|Magma Storm|p1a: Shine Bright Like\n|-activate|p1a: Shine Bright Like|move: Protect\n|\n|upkeep\n|turn|18\n|\n|t:|1644177171\n|move|p2a: Heatran|Magma Storm|p1a: Shine Bright Like|[miss]\n|-miss|p2a: Heatran|p1a: Shine Bright Like\n|move|p1a: Shine Bright Like|Body Slam|p2a: Heatran\n|-resisted|p2a: Heatran\n|-damage|p2a: Heatran|72\/100\n|-status|p2a: Heatran|par\n|\n|upkeep\n|turn|19\n|c|\u2606THE PDC SHOW|this could get crazy\n|inactive|Goootzinho has 150 seconds left.\n|\n|t:|1644177207\n|move|p1a: Shine Bright Like|Protect|p1a: Shine Bright Like\n|-singleturn|p1a: Shine Bright Like|Protect\n|move|p2a: Heatran|Sunny Day|p2a: Heatran\n|-weather|SunnyDay\n|\n|-weather|SunnyDay|[upkeep]\n|upkeep\n|turn|20\n|\n|t:|1644177211\n|switch|p1a: SHINY NATU|Xatu, F, shiny|100\/100\n|move|p2a: Heatran|Magma Storm|p1a: SHINY NATU|[miss]\n|-miss|p2a: Heatran|p1a: SHINY NATU\n|\n|-weather|SunnyDay|[upkeep]\n|upkeep\n|turn|21\n|\n|t:|1644177221\n|switch|p2a: Latios|Latios, M|100\/100\n|move|p1a: SHINY NATU|Reflect|p1a: SHINY NATU\n|-sidestart|p1: Goootzinho|Reflect\n|\n|-weather|SunnyDay|[upkeep]\n|upkeep\n|turn|22\n|\n|t:|1644177226\n|switch|p1a: Shine Bright Like|Jirachi|100\/100\n|move|p2a: Latios|Calm Mind|p2a: Latios\n|-boost|p2a: Latios|spa|1\n|-boost|p2a: Latios|spd|1\n|\n|-weather|SunnyDay|[upkeep]\n|upkeep\n|turn|23\n|inactive|Goootzinho has 150 seconds left.\n|c|+sugarhigh|the king\n|c|+sugarhigh|bro\n|c|+sugarhigh|i was looking at old teams\n|c|+sugarhigh|do u remember\n|c|+sugarhigh|dog + kingdra\n|c|+sugarhigh|sand\n|c|\u2606THE PDC SHOW|ye\n|inactive|Goootzinho has 120 seconds left.\n|c|\u2606THE PDC SHOW|the\n|c|\u2606THE PDC SHOW|dragonuser\n|c|\u2606THE PDC SHOW|team\n|c|+sugarhigh|goated team\n|c|\u2606THE PDC SHOW|we need to free stoutland\n|\n|t:|1644177269\n|move|p2a: Latios|Hidden Power|p1a: Shine Bright Like\n|-supereffective|p1a: Shine Bright Like\n|-damage|p1a: Shine Bright Like|27\/100\n|move|p1a: Shine Bright Like|Wish|p1a: Shine Bright Like\n|\n|-weather|none\n|-heal|p1a: Shine Bright Like|33\/100|[from] item: Leftovers\n|upkeep\n|turn|24\n|\n|t:|1644177274\n|move|p1a: Shine Bright Like|Protect|p1a: Shine Bright Like\n|-singleturn|p1a: Shine Bright Like|Protect\n|move|p2a: Latios|Calm Mind|p2a: Latios\n|-boost|p2a: Latios|spa|1\n|-boost|p2a: Latios|spd|1\n|\n|-heal|p1a: Shine Bright Like|83\/100|[from] move: Wish|[wisher] Shine Bright Like\n|-heal|p1a: Shine Bright Like|89\/100|[from] item: Leftovers\n|upkeep\n|turn|25\n|\n|t:|1644177279\n|move|p2a: Latios|Hidden Power|p1a: Shine Bright Like\n|-supereffective|p1a: Shine Bright Like\n|-damage|p1a: Shine Bright Like|30\/100\n|move|p1a: Shine Bright Like|Body Slam|p2a: Latios\n|-damage|p2a: Latios|75\/100\n|-status|p2a: Latios|par\n|\n|-heal|p1a: Shine Bright Like|36\/100|[from] item: Leftovers\n|-sideend|p1: Goootzinho|Reflect\n|upkeep\n|turn|26\n|\n|t:|1644177285\n|move|p1a: Shine Bright Like|Iron Head|p2a: Latios\n|-damage|p2a: Latios|36\/100 par\n|move|p2a: Latios|Hidden Power|p1a: Shine Bright Like\n|-supereffective|p1a: Shine Bright Like\n|-damage|p1a: Shine Bright Like|0 fnt\n|faint|p1a: Shine Bright Like\n|\n|upkeep\n|\n|t:|1644177291\n|switch|p1a: SHINY NATU|Xatu, F, shiny|100\/100\n|turn|27\n|\n|t:|1644177294\n|move|p1a: SHINY NATU|U-turn|p2a: Latios\n|-supereffective|p2a: Latios\n|-crit|p2a: Latios\n|-damage|p2a: Latios|0 fnt\n|faint|p2a: Latios\n|\n|upkeep\n|\n|t:|1644177297\n|switch|p2a: Heatran|Heatran, M|72\/100 par\n|turn|28\n|\n|t:|1644177305\n|move|p1a: SHINY NATU|U-turn|p2a: Heatran\n|-resisted|p2a: Heatran\n|-damage|p2a: Heatran|69\/100 par\n|move|p2a: Heatran|Sunny Day|p2a: Heatran\n|-weather|SunnyDay\n|\n|-weather|SunnyDay|[upkeep]\n|upkeep\n|turn|29\n|\n|t:|1644177307\n|move|p1a: SHINY NATU|U-turn|p2a: Heatran\n|-resisted|p2a: Heatran\n|-damage|p2a: Heatran|66\/100 par\n|cant|p2a: Heatran|par\n|\n|-weather|SunnyDay|[upkeep]\n|upkeep\n|turn|30\n|\n|t:|1644177310\n|move|p1a: SHINY NATU|U-turn|p2a: Heatran\n|-resisted|p2a: Heatran\n|-damage|p2a: Heatran|64\/100 par\n|cant|p2a: Heatran|par\n|\n|-weather|SunnyDay|[upkeep]\n|upkeep\n|turn|31\n|\n|t:|1644177313\n|move|p1a: SHINY NATU|U-turn|p2a: Heatran\n|-resisted|p2a: Heatran\n|-damage|p2a: Heatran|61\/100 par\n|move|p2a: Heatran|Magma Storm|p1a: SHINY NATU\n|-damage|p1a: SHINY NATU|0 fnt\n|faint|p1a: SHINY NATU\n|\n|win|THE PDC SHOW\n","uploadtime":1644177314,"views":64,"p1id":"goootzinho","p2id":"thepdcshow","formatid":"gen5ou","rating":0,"private":0,"password":null}