{"id":"smogtours-gen7nu-629065","p1":"tolstoy","p2":"Mr. Aldo","format":"gen7nu","log":"|inactive|Battle timer is ON: inactive players will automatically lose when time's up.\n|t:|1653854067\n|gametype|singles\n|player|p1|tolstoy|lucas|\n|player|p2|Mr. Aldo|#communitytutoring|\n|teamsize|p1|6\n|teamsize|p2|6\n|gen|7\n|tier|[Gen 7] NU\n|rule|Sleep Clause Mod: Limit one foe put to sleep\n|rule|Species Clause: Limit one of each Pok\u00e9mon\n|rule|OHKO Clause: OHKO moves are banned\n|rule|Moody Clause: Moody is banned\n|rule|Evasion Moves Clause: Evasion moves are banned\n|rule|Endless Battle Clause: Forcing endless battles is banned\n|rule|HP Percentage Mod: HP is shown in percentages\n|clearpoke\n|poke|p1|Scrafty, F|item\n|poke|p1|Garbodor, F|item\n|poke|p1|Dhelmise|item\n|poke|p1|Seismitoad, M|item\n|poke|p1|Aerodactyl, F|item\n|poke|p1|Xatu, F|item\n|poke|p2|Slowking, F|item\n|poke|p2|Klinklang|item\n|poke|p2|Garbodor, M|item\n|poke|p2|Rotom|item\n|poke|p2|Whimsicott, F|item\n|poke|p2|Rhydon, M|item\n|teampreview\n|inactive|tolstoy has 270 seconds left.\n|inactive|Mr. Aldo has 270 seconds left.\n|\n|t:|1653854109\n|start\n|switch|p1a: ima2|Garbodor, F|100\/100\n|switch|p2a: Whimsicott|Whimsicott, F|100\/100\n|turn|1\n|\n|t:|1653854122\n|switch|p2a: Garbodor|Garbodor, M|100\/100\n|move|p1a: ima2|Spikes|p2a: Garbodor\n|-sidestart|p2: Mr. Aldo|Spikes\n|\n|upkeep\n|turn|2\n|\n|t:|1653854129\n|switch|p1a: aiko|Xatu, F|100\/100\n|move|p2a: Garbodor|Spikes|p1a: aiko\n|move|p1a: aiko|Spikes|p2a: Garbodor|[from]ability: Magic Bounce\n|-sidestart|p2: Mr. Aldo|Spikes\n|\n|upkeep\n|turn|3\n|\n|t:|1653854146\n|move|p1a: aiko|U-turn|p2a: Garbodor\n|-resisted|p2a: Garbodor\n|-damage|p2a: Garbodor|94\/100\n|-damage|p1a: aiko|84\/100|[from] item: Rocky Helmet|[of] p2a: Garbodor\n|\n|t:|1653854148\n|switch|p1a: ima|Seismitoad, M|100\/100|[from]move: U-turn\n|move|p2a: Garbodor|Gunk Shot|p1a: ima\n|-resisted|p1a: ima\n|-damage|p1a: ima|78\/100\n|\n|upkeep\n|turn|4\n|c|+EviGaro|noupl?\n|c|+rabia.|yes\n|\n|t:|1653854163\n|switch|p2a: Slowking|Slowking, F|100\/100\n|-damage|p2a: Slowking|84\/100|[from] Spikes\n|move|p1a: ima|Earthquake|p2a: Slowking\n|-damage|p2a: Slowking|45\/100\n|\n|upkeep\n|turn|5\n|inactive|tolstoy has 270 seconds left.\n|inactive|Mr. Aldo has 270 seconds left.\n|\n|t:|1653854220\n|switch|p1a: ABR|Scrafty, F|100\/100\n|switch|p2a: Rotom|Rotom|100\/100\n|\n|upkeep\n|turn|6\n|\n|t:|1653854227\n|move|p2a: Rotom|Volt Switch|p1a: ABR\n|-damage|p1a: ABR|80\/100\n|\n|t:|1653854238\n|switch|p2a: Garbodor|Garbodor, M|94\/100|[from]move: Volt Switch\n|-damage|p2a: Garbodor|77\/100|[from] Spikes\n|move|p1a: ABR|Knock Off|p2a: Garbodor\n|-damage|p2a: Garbodor|46\/100\n|-damage|p1a: ABR|63\/100|[from] item: Rocky Helmet|[of] p2a: Garbodor\n|-enditem|p2a: Garbodor|Rocky Helmet|[from] move: Knock Off|[of] p1a: ABR\n|\n|-heal|p1a: ABR|69\/100|[from] item: Leftovers\n|upkeep\n|turn|7\n|\n|t:|1653854250\n|switch|p1a: aiko|Xatu, F|84\/100\n|move|p2a: Garbodor|Gunk Shot|p1a: aiko\n|-damage|p1a: aiko|44\/100\n|\n|upkeep\n|turn|8\n|inactive|tolstoy has 270 seconds left.\n|\n|t:|1653854256\n|move|p1a: aiko|Roost|p1a: aiko\n|-heal|p1a: aiko|94\/100\n|-singleturn|p1a: aiko|move: Roost\n|move|p2a: Garbodor|Gunk Shot|p1a: aiko|[miss]\n|-miss|p2a: Garbodor|p1a: aiko\n|\n|upkeep\n|turn|9\n|inactive|Mr. Aldo has 270 seconds left.\n|\n|t:|1653854265\n|move|p1a: aiko|Night Shade|p2a: Garbodor\n|-damage|p2a: Garbodor|19\/100\n|move|p2a: Garbodor|Gunk Shot|p1a: aiko\n|-damage|p1a: aiko|56\/100\n|\n|upkeep\n|turn|10\n|inactive|Mr. Aldo has 270 seconds left.\n|\n|t:|1653854285\n|switch|p2a: Rotom|Rotom|100\/100\n|move|p1a: aiko|Night Shade|p2a: Rotom\n|-damage|p2a: Rotom|61\/100\n|\n|upkeep\n|turn|11\n|inactive|Mr. Aldo has 270 seconds left.\n|\n|t:|1653854317\n|switch|p1a: ima2|Garbodor, F|100\/100\n|move|p2a: Rotom|Defog|p1a: ima2\n|-unboost|p1a: ima2|evasion|1\n|-sideend|p2: Mr. Aldo|Spikes|[from] move: Defog|[of] p2a: Rotom\n|\n|upkeep\n|turn|12\n|\n|t:|1653854324\n|switch|p2a: Rhydon|Rhydon, M|100\/100\n|move|p1a: ima2|Spikes|p2a: Rhydon\n|-sidestart|p2: Mr. Aldo|Spikes\n|\n|upkeep\n|turn|13\n|\n|t:|1653854333\n|switch|p1a: pif|Dhelmise|100\/100\n|move|p2a: Rhydon|Earthquake|p1a: pif\n|-resisted|p1a: pif\n|-damage|p1a: pif|75\/100\n|\n|upkeep\n|turn|14\n|\n|t:|1653854344\n|switch|p2a: Garbodor|Garbodor, M|19\/100\n|-damage|p2a: Garbodor|6\/100|[from] Spikes\n|move|p1a: pif|Synthesis|p1a: pif\n|-heal|p1a: pif|100\/100\n|\n|upkeep\n|turn|15\n|c|\u2606tolstoy|\\\n|c|+OnArceus|\\\n|c|\u2606tolstoy|ok that was my cat\n|c|\u2606tolstoy|sry\n|inactive|tolstoy has 270 seconds left.\n|\n|t:|1653854375\n|switch|p1a: aiko|Xatu, F|56\/100\n|move|p2a: Garbodor|Gunk Shot|p1a: aiko|[miss]\n|-miss|p2a: Garbodor|p1a: aiko\n|\n|upkeep\n|turn|16\n|c|+OnArceus|:O\n|c|\u2606Mr. Aldo|cute\n|c|\u2606Mr. Aldo|oh come on, hit\n|\n|t:|1653854388\n|move|p1a: aiko|Roost|p1a: aiko\n|-heal|p1a: aiko|100\/100\n|-singleturn|p1a: aiko|move: Roost\n|move|p2a: Garbodor|Gunk Shot|p1a: aiko|[miss]\n|-miss|p2a: Garbodor|p1a: aiko\n|\n|upkeep\n|turn|17\n|c|\u2606tolstoy|she wanted so much attention when this game started\n|c|+rabia.|cat buff is op\n|c|+rabia.|apparently\n|\n|t:|1653854401\n|move|p1a: aiko|Night Shade|p2a: Garbodor\n|-damage|p2a: Garbodor|0 fnt\n|faint|p2a: Garbodor\n|\n|upkeep\n|inactive|Mr. Aldo has 240 seconds left.\n|\n|t:|1653854426\n|switch|p2a: Whimsicott|Whimsicott, F|100\/100\n|-damage|p2a: Whimsicott|88\/100|[from] Spikes\n|turn|18\n|\n|t:|1653854446\n|move|p2a: Whimsicott|Moonblast|p1a: aiko\n|-damage|p1a: aiko|33\/100\n|-unboost|p1a: aiko|spa|1\n|move|p1a: aiko|U-turn|p2a: Whimsicott\n|-damage|p2a: Whimsicott|68\/100\n|\n|t:|1653854453\n|switch|p1a: ima2|Garbodor, F|100\/100|[from]move: U-turn\n|\n|upkeep\n|turn|19\n|\n|t:|1653854460\n|switch|p2a: Rhydon|Rhydon, M|100\/100\n|-damage|p2a: Rhydon|88\/100|[from] Spikes\n|move|p1a: ima2|Spikes|p2a: Rhydon\n|-sidestart|p2: Mr. Aldo|Spikes\n|\n|upkeep\n|turn|20\n|\n|t:|1653854469\n|switch|p1a: aiko|Xatu, F|33\/100\n|move|p2a: Rhydon|Rock Blast|p1a: aiko\n|-supereffective|p1a: aiko\n|-damage|p1a: aiko|11\/100\n|-supereffective|p1a: aiko\n|-damage|p1a: aiko|0 fnt\n|faint|p1a: aiko\n|-hitcount|p1: aiko|2\n|\n|upkeep\n|\n|t:|1653854478\n|switch|p1a: pif|Dhelmise|100\/100\n|turn|21\n|inactive|Mr. Aldo has 270 seconds left.\n|\n|t:|1653854490\n|switch|p2a: Klinklang|Klinklang|100\/100\n|-damage|p2a: Klinklang|84\/100|[from] Spikes\n|move|p1a: pif|Power Whip|p2a: Klinklang\n|-resisted|p2a: Klinklang\n|-damage|p2a: Klinklang|45\/100\n|\n|upkeep\n|turn|22\n|inactive|Mr. Aldo has 270 seconds left.\n|inactive|tolstoy has 270 seconds left.\n|inactive|tolstoy has 240 seconds left.\n|\n|t:|1653854552\n|switch|p2a: Whimsicott|Whimsicott, F|68\/100\n|-damage|p2a: Whimsicott|51\/100|[from] Spikes\n|move|p1a: pif|Power Whip|p2a: Whimsicott\n|-resisted|p2a: Whimsicott\n|-damage|p2a: Whimsicott|3\/100\n|\n|upkeep\n|turn|23\n|\n|t:|1653854562\n|switch|p1a: ima2|Garbodor, F|100\/100\n|move|p2a: Whimsicott|Moonblast|p1a: ima2\n|-resisted|p1a: ima2\n|-damage|p1a: ima2|82\/100\n|\n|-heal|p1a: ima2|88\/100|[from] item: Black Sludge\n|upkeep\n|turn|24\n|inactive|Mr. Aldo has 270 seconds left.\n|\n|t:|1653854572\n|move|p2a: Whimsicott|Moonblast|p1a: ima2\n|-resisted|p1a: ima2\n|-damage|p1a: ima2|69\/100\n|move|p1a: ima2|Toxic|p2a: Whimsicott\n|-status|p2a: Whimsicott|tox\n|\n|-heal|p1a: ima2|75\/100|[from] item: Black Sludge\n|-damage|p2a: Whimsicott|0 fnt|[from] psn\n|faint|p2a: Whimsicott\n|upkeep\n|inactive|Mr. Aldo has 270 seconds left.\n|\n|t:|1653854581\n|switch|p2a: Rhydon|Rhydon, M|88\/100\n|-damage|p2a: Rhydon|72\/100|[from] Spikes\n|turn|25\n|\n|t:|1653854591\n|move|p1a: ima2|Toxic|p2a: Rhydon\n|-status|p2a: Rhydon|tox\n|move|p2a: Rhydon|Stealth Rock|p1a: ima2\n|-sidestart|p1: tolstoy|move: Stealth Rock\n|\n|-heal|p1a: ima2|81\/100|[from] item: Black Sludge\n|-damage|p2a: Rhydon|65\/100 tox|[from] psn\n|upkeep\n|turn|26\n|\n|t:|1653854599\n|switch|p1a: dangerrandom|Aerodactyl, F|100\/100\n|-ability|p1a: dangerrandom|Unnerve\n|-damage|p1a: dangerrandom|76\/100|[from] Stealth Rock\n|switch|p2a: Rotom|Rotom|61\/100\n|\n|upkeep\n|turn|27\n|inactive|tolstoy has 270 seconds left.\n|\n|t:|1653854613\n|move|p2a: Rotom|Thunderbolt|p1a: dangerrandom\n|-supereffective|p1a: dangerrandom\n|-damage|p1a: dangerrandom|0 fnt\n|faint|p1a: dangerrandom\n|\n|upkeep\n|\n|t:|1653854615\n|switch|p1a: ima|Seismitoad, M|78\/100\n|-damage|p1a: ima|71\/100|[from] Stealth Rock\n|turn|28\n|\n|t:|1653854623\n|switch|p2a: Klinklang|Klinklang|45\/100\n|-damage|p2a: Klinklang|28\/100|[from] Spikes\n|move|p1a: ima|Knock Off|p2a: Klinklang\n|-damage|p2a: Klinklang|5\/100\n|\n|upkeep\n|turn|29\n|\n|t:|1653854630\n|-zpower|p2a: Klinklang\n|move|p2a: Klinklang|Corkscrew Crash|p1a: ima|[zeffect]\n|-resisted|p1a: ima\n|-damage|p1a: ima|21\/100\n|move|p1a: ima|Knock Off|p2a: Klinklang\n|-crit|p2a: Klinklang\n|-damage|p2a: Klinklang|0 fnt\n|faint|p2a: Klinklang\n|\n|upkeep\n|c|+neomon|50\n|\n|t:|1653854640\n|switch|p2a: Rotom|Rotom|61\/100\n|turn|30\n|\n|t:|1653854647\n|move|p2a: Rotom|Shadow Ball|p1a: ima\n|-damage|p1a: ima|0 fnt\n|faint|p1a: ima\n|\n|upkeep\n|\n|t:|1653854650\n|switch|p1a: ABR|Scrafty, F|69\/100\n|-damage|p1a: ABR|63\/100|[from] Stealth Rock\n|turn|31\n|\n|t:|1653854654\n|switch|p2a: Slowking|Slowking, F|78\/100\n|-damage|p2a: Slowking|62\/100|[from] Spikes\n|move|p1a: ABR|Bulk Up|p1a: ABR\n|-boost|p1a: ABR|atk|1\n|-boost|p1a: ABR|def|1\n|\n|-heal|p1a: ABR|69\/100|[from] item: Leftovers\n|upkeep\n|turn|32\n|\n|t:|1653854665\n|move|p1a: ABR|Knock Off|p2a: Slowking\n|-supereffective|p2a: Slowking\n|-enditem|p2a: Slowking|Colbur Berry|[eat]\n|-enditem|p2a: Slowking|Colbur Berry|[weaken]\n|-damage|p2a: Slowking|21\/100\n|move|p2a: Slowking|Slack Off|p2a: Slowking\n|-heal|p2a: Slowking|71\/100\n|\n|-heal|p1a: ABR|75\/100|[from] item: Leftovers\n|upkeep\n|turn|33\n|\n|t:|1653854673\n|move|p1a: ABR|Knock Off|p2a: Slowking\n|-supereffective|p2a: Slowking\n|-damage|p2a: Slowking|20\/100\n|move|p2a: Slowking|Scald|p1a: ABR\n|-damage|p1a: ABR|53\/100\n|\n|-heal|p1a: ABR|59\/100|[from] item: Leftovers\n|upkeep\n|turn|34\n|\n|t:|1653854680\n|move|p1a: ABR|Knock Off|p2a: Slowking\n|-supereffective|p2a: Slowking\n|-damage|p2a: Slowking|0 fnt\n|faint|p2a: Slowking\n|\n|-heal|p1a: ABR|65\/100|[from] item: Leftovers\n|upkeep\n|\n|t:|1653854685\n|switch|p2a: Rotom|Rotom|61\/100\n|turn|35\n|\n|t:|1653854687\n|move|p2a: Rotom|Thunderbolt|p1a: ABR\n|-damage|p1a: ABR|42\/100\n|move|p1a: ABR|Knock Off|p2a: Rotom\n|-supereffective|p2a: Rotom\n|-damage|p2a: Rotom|0 fnt\n|-enditem|p2a: Rotom|Choice Scarf|[from] move: Knock Off|[of] p1a: ABR\n|faint|p2a: Rotom\n|\n|-heal|p1a: ABR|48\/100|[from] item: Leftovers\n|upkeep\n|\n|t:|1653854696\n|switch|p2a: Rhydon|Rhydon, M|65\/100 tox\n|-damage|p2a: Rhydon|49\/100 tox|[from] Spikes\n|turn|36\n|\n|t:|1653854700\n|move|p1a: ABR|Drain Punch|p2a: Rhydon\n|-supereffective|p2a: Rhydon\n|-damage|p2a: Rhydon|14\/100 tox\n|-heal|p1a: ABR|69\/100|[from] drain|[of] p2a: Rhydon\n|move|p2a: Rhydon|Earthquake|p1a: ABR\n|-damage|p1a: ABR|39\/100\n|\n|-heal|p1a: ABR|45\/100|[from] item: Leftovers\n|-damage|p2a: Rhydon|8\/100 tox|[from] psn\n|upkeep\n|turn|37\n|c|\u2606tolstoy|gg\n|c|\u2606Mr. Aldo|gg\n|\n|t:|1653854710\n|move|p1a: ABR|Drain Punch|p2a: Rhydon\n|-supereffective|p2a: Rhydon\n|-damage|p2a: Rhydon|0 fnt\n|-heal|p1a: ABR|50\/100|[from] drain|[of] p2a: Rhydon\n|faint|p2a: Rhydon\n|\n|win|tolstoy\n","uploadtime":1653854711,"views":609,"p1id":"tolstoy","p2id":"mraldo","formatid":"gen7nu","rating":0,"private":0,"password":null}