{"id":"smogtours-gen6ou-560350","p1":"ranitidine","p2":"Gondra","format":"gen6ou","log":"|inactive|Battle timer is ON: inactive players will automatically lose when time's up.\n|t:|1620586455\n|gametype|singles\n|player|p1|ranitidine|266|\n|player|p2|Gondra|lucas|\n|teamsize|p1|6\n|teamsize|p2|6\n|gen|6\n|tier|[Gen 6] OU\n|rule|Sleep Clause Mod: Limit one foe put to sleep\n|rule|Species Clause: Limit one of each Pok\u00e9mon\n|rule|OHKO Clause: OHKO moves are banned\n|rule|Moody Clause: Moody is banned\n|rule|Evasion Moves Clause: Evasion moves are banned\n|rule|Endless Battle Clause: Forcing endless battles is banned\n|rule|HP Percentage Mod: HP is shown in percentages\n|rule|Swagger Clause: Swagger is banned\n|clearpoke\n|poke|p1|Tyranitar, F|item\n|poke|p1|Serperior, F|item\n|poke|p1|Thundurus-Therian, M|item\n|poke|p1|Landorus-Therian, M|item\n|poke|p1|Manaphy|item\n|poke|p1|Volcarona, M|item\n|poke|p2|Azelf|item\n|poke|p2|Pinsir, F|item\n|poke|p2|Bisharp, M|item\n|poke|p2|Dragonite, F|item\n|poke|p2|Manaphy|item\n|poke|p2|Excadrill, F|item\n|teampreview\n|c|+WildWave \u263e\u2605|Gondra HO :O\n|\n|t:|1620586478\n|start\n|switch|p1a: Tyranitar|Tyranitar, F|100\/100\n|switch|p2a: Azelf|Azelf|100\/100\n|-weather|Sandstorm|[from] ability: Sand Stream|[of] p1a: Tyranitar\n|turn|1\n|c|+starry|praj why are u named after heartburn medication \n|c|\u2606ranitidine|ask ipf\n|inactive|ranitidine has 270 seconds left.\n|inactive|Gondra has 270 seconds left.\n|\n|t:|1620586514\n|detailschange|p1a: Tyranitar|Tyranitar-Mega, F\n|-mega|p1a: Tyranitar|Tyranitar|Tyranitarite\n|move|p2a: Azelf|Stealth Rock|p1a: Tyranitar\n|-sidestart|p1: ranitidine|move: Stealth Rock\n|move|p1a: Tyranitar|Crunch|p2a: Azelf\n|-supereffective|p2a: Azelf\n|-enditem|p2a: Azelf|Focus Sash\n|-damage|p2a: Azelf|1\/100\n|\n|-weather|Sandstorm|[upkeep]\n|-damage|p2a: Azelf|0 fnt|[from] Sandstorm\n|faint|p2a: Azelf\n|upkeep\n|c|+starry|...LOL\n|inactive|Gondra has 270 seconds left.\n|c|+IPF|it is my alt yes\n|c|+Rahul_3301|tf is a heartburn medication?\n|c|+IPF|which has been stolen from me\n|c|\u2606ranitidine|if you dont know the password it cant be your alt\n|inactive|Gondra has 240 seconds left.\n|\n|t:|1620586552\n|switch|p2a: Bisharp|Bisharp, M|100\/100\n|turn|2\n|inactive|ranitidine has 270 seconds left.\n|c|+IPF|gave it to you to ladder and you still lost\n|c|+IPF|'-'\n|c|\u2606ranitidine|ipf why i lose to bisharp..\n|\n|t:|1620586596\n|move|p1a: Tyranitar|Crunch|p2a: Bisharp\n|-resisted|p2a: Bisharp\n|-damage|p2a: Bisharp|72\/100\n|move|p2a: Bisharp|Iron Head|p1a: Tyranitar\n|-supereffective|p1a: Tyranitar\n|-damage|p1a: Tyranitar|22\/100\n|-damage|p2a: Bisharp|62\/100|[from] item: Life Orb\n|\n|-weather|Sandstorm|[upkeep]\n|upkeep\n|turn|3\n|c|+IPF|fuckin l2p\n|\n|t:|1620586612\n|move|p1a: Tyranitar|Crunch|p2a: Bisharp\n|-resisted|p2a: Bisharp\n|-damage|p2a: Bisharp|34\/100\n|move|p2a: Bisharp|Iron Head|p1a: Tyranitar\n|-supereffective|p1a: Tyranitar\n|-damage|p1a: Tyranitar|0 fnt\n|faint|p1a: Tyranitar\n|-damage|p2a: Bisharp|24\/100|[from] item: Life Orb\n|\n|-weather|Sandstorm|[upkeep]\n|upkeep\n|inactive|ranitidine has 240 seconds left.\n|\n|t:|1620586637\n|switch|p1a: Landorus|Landorus-Therian, M|100\/100\n|-damage|p1a: Landorus|88\/100|[from] Stealth Rock\n|-ability|p1a: Landorus|Intimidate|boost\n|-unboost|p2a: Bisharp|atk|1\n|-ability|p2a: Bisharp|Defiant\n|-boost|p2a: Bisharp|atk|2\n|turn|4\n|\n|t:|1620586645\n|move|p1a: Landorus|Stealth Rock|p2a: Bisharp\n|-sidestart|p2: Gondra|move: Stealth Rock\n|move|p2a: Bisharp|Knock Off|p1a: Landorus\n|-damage|p1a: Landorus|0 fnt\n|-enditem|p1a: Landorus|Focus Sash|[from] move: Knock Off|[of] p2a: Bisharp\n|faint|p1a: Landorus\n|-damage|p2a: Bisharp|14\/100|[from] item: Life Orb\n|\n|-weather|Sandstorm|[upkeep]\n|upkeep\n|inactive|ranitidine has 240 seconds left.\n|\n|t:|1620586653\n|switch|p1a: Serperior|Serperior, F|100\/100\n|-damage|p1a: Serperior|88\/100|[from] Stealth Rock\n|turn|5\n|\n|t:|1620586657\n|move|p1a: Serperior|Reflect|p1a: Serperior\n|-sidestart|p1: ranitidine|Reflect\n|move|p2a: Bisharp|Knock Off|p1a: Serperior\n|-damage|p1a: Serperior|40\/100\n|-enditem|p1a: Serperior|Light Clay|[from] move: Knock Off|[of] p2a: Bisharp\n|-damage|p2a: Bisharp|4\/100|[from] item: Life Orb\n|\n|-weather|none\n|upkeep\n|turn|6\n|c|+starry|ipf i used to take this medication until it got recalled \n|c|+IPF|yea it causes cancer\n|c|+IPF|LOL\n|\n|t:|1620586673\n|move|p1a: Serperior|Leaf Storm|p2a: Bisharp\n|-resisted|p2a: Bisharp\n|-damage|p2a: Bisharp|0 fnt\n|-boost|p1a: Serperior|spa|2\n|faint|p2a: Bisharp\n|\n|upkeep\n|\n|t:|1620586682\n|switch|p2a: Excadrill|Excadrill, F|100\/100\n|-damage|p2a: Excadrill|97\/100|[from] Stealth Rock\n|-ability|p2a: Excadrill|Mold Breaker\n|turn|7\n|\n|t:|1620586693\n|switch|p1a: Thundurus|Thundurus-Therian, M|100\/100\n|-damage|p1a: Thundurus|76\/100|[from] Stealth Rock\n|move|p2a: Excadrill|Rapid Spin|p1a: Thundurus\n|-damage|p1a: Thundurus|71\/100\n|-sideend|p2: Gondra|Stealth Rock|[from] move: Rapid Spin|[of] p2a: Excadrill\n|\n|-heal|p1a: Thundurus|77\/100|[from] item: Leftovers\n|upkeep\n|turn|8\n|\n|t:|1620586702\n|switch|p2a: Manaphy|Manaphy|100\/100\n|move|p1a: Thundurus|Substitute|p1a: Thundurus\n|-start|p1a: Thundurus|Substitute\n|-damage|p1a: Thundurus|52\/100\n|\n|-heal|p1a: Thundurus|58\/100|[from] item: Leftovers\n|upkeep\n|turn|9\n|\n|t:|1620586711\n|switch|p2a: Excadrill|Excadrill, F|97\/100\n|-ability|p2a: Excadrill|Mold Breaker\n|move|p1a: Thundurus|Thunderbolt|p2a: Excadrill\n|-immune|p2a: Excadrill\n|\n|-heal|p1a: Thundurus|64\/100|[from] item: Leftovers\n|upkeep\n|turn|10\n|inactive|ranitidine has 270 seconds left.\n|\n|t:|1620586720\n|move|p2a: Excadrill|Rock Slide|p1a: Thundurus\n|-supereffective|p1a: Thundurus\n|-end|p1a: Thundurus|Substitute\n|move|p1a: Thundurus|Nasty Plot|p1a: Thundurus\n|-boost|p1a: Thundurus|spa|2\n|\n|-heal|p1a: Thundurus|70\/100|[from] item: Leftovers\n|upkeep\n|turn|11\n|\n|t:|1620586726\n|move|p2a: Excadrill|Rock Slide|p1a: Thundurus\n|-supereffective|p1a: Thundurus\n|-damage|p1a: Thundurus|35\/100\n|move|p1a: Thundurus|Hidden Power|p2a: Excadrill\n|-damage|p2a: Excadrill|40\/100\n|\n|-heal|p1a: Thundurus|41\/100|[from] item: Leftovers\n|upkeep\n|turn|12\n|\n|t:|1620586732\n|move|p2a: Excadrill|Rock Slide|p1a: Thundurus|[miss]\n|-miss|p2a: Excadrill|p1a: Thundurus\n|move|p1a: Thundurus|Hidden Power|p2a: Excadrill\n|-damage|p2a: Excadrill|0 fnt\n|faint|p2a: Excadrill\n|\n|-heal|p1a: Thundurus|47\/100|[from] item: Leftovers\n|-sideend|p1: ranitidine|Reflect\n|upkeep\n|\n|t:|1620586739\n|switch|p2a: Manaphy|Manaphy|100\/100\n|turn|13\n|\n|t:|1620586742\n|move|p2a: Manaphy|Ice Beam|p1a: Thundurus\n|-supereffective|p1a: Thundurus\n|-damage|p1a: Thundurus|0 fnt\n|faint|p1a: Thundurus\n|\n|upkeep\n|\n|t:|1620586750\n|switch|p1a: Serperior|Serperior, F|40\/100\n|-damage|p1a: Serperior|27\/100|[from] Stealth Rock\n|turn|14\n|\n|t:|1620586755\n|move|p1a: Serperior|Reflect|p1a: Serperior\n|-sidestart|p1: ranitidine|Reflect\n|move|p2a: Manaphy|Ice Beam|p1a: Serperior\n|-supereffective|p1a: Serperior\n|-damage|p1a: Serperior|0 fnt\n|faint|p1a: Serperior\n|\n|upkeep\n|\n|t:|1620586769\n|switch|p1a: Volcarona|Volcarona, M|100\/100\n|-damage|p1a: Volcarona|51\/100|[from] Stealth Rock\n|turn|15\n|c|+IPF|,\n|c|+IPF|i told you to fix it\n|c|+IPF|you animal\n|c|\u2606ranitidine|oh\n|c|\u2606ranitidine|rihjy\n|\n|t:|1620586792\n|move|p2a: Manaphy|Scald|p1a: Volcarona\n|-supereffective|p1a: Volcarona\n|-damage|p1a: Volcarona|0 fnt\n|faint|p1a: Volcarona\n|\n|upkeep\n|\n|t:|1620586796\n|switch|p1a: Manaphy|Manaphy|100\/100\n|-damage|p1a: Manaphy|88\/100|[from] Stealth Rock\n|turn|16\n|\n|t:|1620586799\n|move|p2a: Manaphy|Tail Glow|p2a: Manaphy\n|-boost|p2a: Manaphy|spa|3\n|move|p1a: Manaphy|Tail Glow|p1a: Manaphy\n|-boost|p1a: Manaphy|spa|3\n|\n|-heal|p1a: Manaphy|94\/100|[from] item: Leftovers\n|upkeep\n|turn|17\n|\n|t:|1620586802\n|move|p2a: Manaphy|Energy Ball|p1a: Manaphy\n|-supereffective|p1a: Manaphy\n|-damage|p1a: Manaphy|0 fnt\n|faint|p1a: Manaphy\n|\n|win|Gondra\n|c|\u2606ranitidine|gg\n|c|\u2606Gondra|gg\n","uploadtime":1620586804,"views":60,"p1id":"ranitidine","p2id":"gondra","formatid":"gen6ou","rating":0,"private":0,"password":null}