{"id":"smogtours-gen8monotype-630997","p1":"tolstoy","p2":"dpultfan69 uwu","format":"gen8monotype","log":"|inactive|Battle timer is ON: inactive players will automatically lose when time's up.\n|t:|1654809075\n|gametype|singles\n|player|p1|tolstoy|caitlin-gen4|\n|player|p2|dpultfan69 uwu|acerola|\n|teamsize|p1|6\n|teamsize|p2|6\n|gen|8\n|tier|[Gen 8] Monotype\n|rule|Same Type Clause: Pok\u00e9mon in a team must share a type\n|rule|Sleep Clause Mod: Limit one foe put to sleep\n|rule|Species Clause: Limit one of each Pok\u00e9mon\n|rule|OHKO Clause: OHKO moves are banned\n|rule|Evasion Moves Clause: Evasion moves are banned\n|rule|Endless Battle Clause: Forcing endless battles is banned\n|rule|HP Percentage Mod: HP is shown in percentages\n|rule|Dynamax Clause: You cannot dynamax\n|clearpoke\n|poke|p1|Weavile, M|\n|poke|p1|Mandibuzz, F|\n|poke|p1|Bisharp, M|\n|poke|p1|Tyranitar, M|\n|poke|p1|Hydreigon, M|\n|poke|p1|Zarude|\n|poke|p2|Crawdaunt, F|\n|poke|p2|Rotom-Wash|\n|poke|p2|Toxapex, M|\n|poke|p2|Slowking, F|\n|poke|p2|Urshifu-*, M|\n|poke|p2|Gastrodon-East, M|\n|teampreview\n|c|+mushamu|HYPER\n|c|\u2606dpultfan69 uwu|hf\n|c|\u2606tolstoy|u2\n|inactive|dpultfan69 uwu has 270 seconds left.\n|inactive|tolstoy has 270 seconds left.\n|inactive|dpultfan69 uwu has 240 seconds left.\n|c|+felines|GO TOLSTOY\n|inactive|tolstoy has 240 seconds left.\n|inactive|dpultfan69 uwu has 210 seconds left.\n|inactive|tolstoy has 210 seconds left.\n|\n|t:|1654809204\n|start\n|switch|p1a: the dangerrandom|Zarude|100\/100\n|switch|p2a: lanterns|Rotom-Wash|100\/100\n|turn|1\n|inactive|dpultfan69 uwu has 270 seconds left.\n|\n|t:|1654809215\n|move|p1a: the dangerrandom|Power Whip|p2a: lanterns\n|-supereffective|p2a: lanterns\n|-enditem|p2a: lanterns|Rindo Berry|[eat]\n|-enditem|p2a: lanterns|Rindo Berry|[weaken]\n|-damage|p2a: lanterns|9\/100\n|move|p2a: lanterns|Will-O-Wisp|p1a: the dangerrandom\n|-status|p1a: the dangerrandom|brn\n|\n|-damage|p1a: the dangerrandom|95\/100 brn|[from] brn\n|upkeep\n|turn|2\n|inactive|dpultfan69 uwu has 270 seconds left.\n|inactive|tolstoy has 270 seconds left.\n|\n|t:|1654809235\n|switch|p1a: ima|Tyranitar, M|100\/100\n|-weather|Sandstorm|[from] ability: Sand Stream|[of] p1a: ima\n|move|p2a: lanterns|Volt Switch|p1a: ima\n|-damage|p1a: ima|91\/100\n|\n|t:|1654809254\n|switch|p2a: recollections|Crawdaunt, F|100\/100|[from]move: Volt Switch\n|\n|-weather|Sandstorm|[upkeep]\n|-damage|p2a: recollections|95\/100|[from] Sandstorm\n|-heal|p1a: ima|97\/100|[from] item: Leftovers\n|upkeep\n|turn|3\n|\n|t:|1654809264\n|switch|p1a: the dangerrandom|Zarude|95\/100 brn\n|move|p2a: recollections|Crabhammer|p1a: the dangerrandom\n|-resisted|p1a: the dangerrandom\n|-damage|p1a: the dangerrandom|43\/100 brn\n|\n|-weather|Sandstorm|[upkeep]\n|-damage|p1a: the dangerrandom|37\/100 brn|[from] Sandstorm\n|-damage|p2a: recollections|89\/100|[from] Sandstorm\n|-damage|p1a: the dangerrandom|31\/100 brn|[from] brn\n|upkeep\n|turn|4\n|inactive|dpultfan69 uwu has 240 seconds left.\n|\n|t:|1654809301\n|switch|p2a: gloxinia|Toxapex, M|100\/100\n|move|p1a: the dangerrandom|U-turn|p2a: gloxinia\n|-resisted|p2a: gloxinia\n|-damage|p2a: gloxinia|96\/100\n|\n|t:|1654809307\n|switch|p1a: ima|Tyranitar, M|97\/100|[from]move: U-turn\n|\n|-weather|Sandstorm|[upkeep]\n|-damage|p2a: gloxinia|89\/100|[from] Sandstorm\n|-heal|p1a: ima|100\/100|[from] item: Leftovers\n|-heal|p2a: gloxinia|96\/100|[from] item: Black Sludge\n|upkeep\n|turn|5\n|inactive|dpultfan69 uwu has 240 seconds left.\n|inactive|dpultfan69 uwu has 210 seconds left.\n|\n|t:|1654809353\n|switch|p2a: lanterns|Rotom-Wash|9\/100\n|move|p1a: ima|Stealth Rock|p2a: lanterns\n|-sidestart|p2: dpultfan69 uwu|move: Stealth Rock\n|\n|-weather|Sandstorm|[upkeep]\n|-damage|p2a: lanterns|3\/100|[from] Sandstorm\n|upkeep\n|turn|6\n|\n|t:|1654809371\n|move|p2a: lanterns|Pain Split|p1a: ima\n|-sethp|p1a: ima|51\/100|[from] move: Pain Split|[silent]\n|-sethp|p2a: lanterns|68\/100|[from] move: Pain Split\n|move|p1a: ima|Stealth Rock||[still]\n|-fail|p1a: ima\n|\n|-weather|none\n|-heal|p1a: ima|58\/100|[from] item: Leftovers\n|upkeep\n|turn|7\n|c|\u2606tolstoy|yo fr\n|c|\u2606tolstoy|got that too?\n|c|\u2606dpultfan69 uwu|fr.\n|c|\u2606tolstoy|this is so fucked LOL\n|\n|t:|1654809395\n|switch|p1a: Migos|Hydreigon, M|100\/100\n|move|p2a: lanterns|Will-O-Wisp|p1a: Migos\n|-status|p1a: Migos|brn\n|\n|-damage|p1a: Migos|94\/100 brn|[from] brn\n|upkeep\n|turn|8\n|inactive|dpultfan69 uwu has 180 seconds left.\n|\n|t:|1654809434\n|move|p1a: Migos|Substitute|p1a: Migos\n|-start|p1a: Migos|Substitute\n|-damage|p1a: Migos|69\/100 brn\n|move|p2a: lanterns|Defog|p1a: Migos\n|-sideend|p2: dpultfan69 uwu|Stealth Rock|[from] move: Defog|[of] p2a: lanterns\n|\n|-heal|p1a: Migos|76\/100 brn|[from] item: Leftovers\n|-damage|p1a: Migos|69\/100 brn|[from] brn\n|upkeep\n|turn|9\n|c|+ciro napoli|UwU\n|\n|t:|1654809438\n|move|p1a: Migos|Nasty Plot|p1a: Migos\n|-boost|p1a: Migos|spa|2\n|move|p2a: lanterns|Volt Switch|p1a: Migos\n|-resisted|p1a: Migos\n|-activate|p1a: Migos|move: Substitute|[damage]\n|\n|t:|1654809442\n|switch|p2a: tera|Urshifu-Rapid-Strike, M|100\/100|[from]move: Volt Switch\n|\n|-heal|p1a: Migos|76\/100 brn|[from] item: Leftovers\n|-damage|p1a: Migos|69\/100 brn|[from] brn\n|upkeep\n|turn|10\n|inactive|dpultfan69 uwu has 180 seconds left.\n|\n|t:|1654809470\n|move|p2a: tera|U-turn|p1a: Migos\n|-supereffective|p1a: Migos\n|-end|p1a: Migos|Substitute\n|\n|t:|1654809472\n|switch|p2a: lanterns|Rotom-Wash|68\/100|[from]move: U-turn\n|move|p1a: Migos|Nasty Plot|p1a: Migos\n|-boost|p1a: Migos|spa|2\n|\n|-heal|p1a: Migos|76\/100 brn|[from] item: Leftovers\n|-damage|p1a: Migos|69\/100 brn|[from] brn\n|upkeep\n|turn|11\n|inactive|tolstoy has 270 seconds left.\n|inactive|dpultfan69 uwu has 150 seconds left.\n|\n|t:|1654809536\n|switch|p2a: tera|Urshifu-Rapid-Strike, M|100\/100\n|move|p1a: Migos|Substitute|p1a: Migos\n|-start|p1a: Migos|Substitute\n|-damage|p1a: Migos|44\/100 brn\n|\n|-heal|p1a: Migos|51\/100 brn|[from] item: Leftovers\n|-damage|p1a: Migos|44\/100 brn|[from] brn\n|upkeep\n|turn|12\n|\n|t:|1654809548\n|move|p2a: tera|U-turn|p1a: Migos\n|-supereffective|p1a: Migos\n|-end|p1a: Migos|Substitute\n|\n|t:|1654809550\n|switch|p2a: moonfall|Slowking, F|100\/100|[from]move: U-turn\n|move|p1a: Migos|Flamethrower|p2a: moonfall\n|-resisted|p2a: moonfall\n|-damage|p2a: moonfall|76\/100\n|\n|-heal|p1a: Migos|51\/100 brn|[from] item: Leftovers\n|-damage|p1a: Migos|44\/100 brn|[from] brn\n|upkeep\n|turn|13\n|c|\u2606tolstoy|damn this tier might be impossible\n|\n|t:|1654809569\n|switch|p1a: ima|Tyranitar, M|58\/100\n|-weather|Sandstorm|[from] ability: Sand Stream|[of] p1a: ima\n|move|p2a: moonfall|Dragon Tail|p1a: ima\n|-damage|p1a: ima|49\/100\n|drag|p1a: the dangerrandom|Zarude|31\/100 brn\n|\n|-weather|Sandstorm|[upkeep]\n|-damage|p1a: the dangerrandom|25\/100 brn|[from] Sandstorm\n|-damage|p2a: moonfall|70\/100|[from] Sandstorm\n|-damage|p1a: the dangerrandom|19\/100 brn|[from] brn\n|upkeep\n|turn|14\n|\n|t:|1654809585\n|move|p1a: the dangerrandom|U-turn|p2a: moonfall\n|-supereffective|p2a: moonfall\n|-damage|p2a: moonfall|32\/100\n|\n|t:|1654809594\n|switch|p1a: ABR|Bisharp, M|100\/100|[from]move: U-turn\n|move|p2a: moonfall|Teleport|p2a: moonfall\n|\n|t:|1654809596\n|switch|p2a: tera|Urshifu-Rapid-Strike, M|100\/100|[from]move: Teleport\n|\n|-weather|Sandstorm|[upkeep]\n|-damage|p2a: tera|94\/100|[from] Sandstorm\n|upkeep\n|turn|15\n|\n|t:|1654809602\n|switch|p1a: ima's league gf|Mandibuzz, F, shiny|100\/100\n|move|p2a: tera|U-turn|p1a: ima's league gf\n|-damage|p1a: ima's league gf|87\/100\n|-damage|p2a: tera|78\/100|[from] item: Rocky Helmet|[of] p1a: ima's league gf\n|inactive|dpultfan69 uwu has 120 seconds left.\n|\n|t:|1654809653\n|switch|p2a: gloxinia|Toxapex, M|100\/100|[from]move: U-turn\n|\n|-weather|Sandstorm|[upkeep]\n|-damage|p2a: gloxinia|94\/100|[from] Sandstorm\n|-heal|p2a: gloxinia|100\/100|[from] item: Black Sludge\n|upkeep\n|turn|16\n|\n|t:|1654809661\n|move|p1a: ima's league gf|U-turn|p2a: gloxinia\n|-resisted|p2a: gloxinia\n|-damage|p2a: gloxinia|97\/100\n|\n|t:|1654809663\n|switch|p1a: ima|Tyranitar, M|49\/100|[from]move: U-turn\n|move|p2a: gloxinia|Knock Off|p1a: ima\n|-resisted|p1a: ima\n|-damage|p1a: ima|43\/100\n|-enditem|p1a: ima|Leftovers|[from] move: Knock Off|[of] p2a: gloxinia\n|\n|-weather|Sandstorm|[upkeep]\n|-damage|p2a: gloxinia|91\/100|[from] Sandstorm\n|-heal|p2a: gloxinia|97\/100|[from] item: Black Sludge\n|upkeep\n|turn|17\n|\n|t:|1654809672\n|switch|p2a: recollections|Crawdaunt, F|89\/100\n|move|p1a: ima|Stealth Rock|p2a: recollections\n|-sidestart|p2: dpultfan69 uwu|move: Stealth Rock\n|\n|-weather|none\n|upkeep\n|turn|18\n|inactive|dpultfan69 uwu has 120 seconds left.\n|\n|t:|1654809678\n|switch|p1a: the dangerrandom|Zarude|19\/100 brn\n|move|p2a: recollections|Crabhammer|p1a: the dangerrandom\n|-resisted|p1a: the dangerrandom\n|-crit|p1a: the dangerrandom\n|-damage|p1a: the dangerrandom|0 fnt\n|faint|p1a: the dangerrandom\n|\n|upkeep\n|\n|t:|1654809686\n|switch|p1a: BUSHTUSH|Weavile, M|100\/100\n|-ability|p1a: BUSHTUSH|Pressure\n|turn|19\n|inactive|dpultfan69 uwu has 120 seconds left.\n|\n|t:|1654809714\n|move|p1a: BUSHTUSH|Swords Dance|p1a: BUSHTUSH\n|-boost|p1a: BUSHTUSH|atk|2\n|move|p2a: recollections|Crabhammer|p1a: BUSHTUSH\n|-damage|p1a: BUSHTUSH|0 fnt\n|faint|p1a: BUSHTUSH\n|\n|upkeep\n|c|\u2606tolstoy|ok had to bluff\n|c|\u2606tolstoy|gg\n|\n|t:|1654809722\n|switch|p1a: ima's league gf|Mandibuzz, F, shiny|87\/100\n|turn|20\n|\n|t:|1654809725\n|move|p2a: recollections|Crabhammer|p1a: ima's league gf\n|-damage|p1a: ima's league gf|24\/100\n|-damage|p2a: recollections|72\/100|[from] item: Rocky Helmet|[of] p1a: ima's league gf\n|move|p1a: ima's league gf|U-turn|p2a: recollections\n|-supereffective|p2a: recollections\n|-damage|p2a: recollections|36\/100\n|\n|t:|1654809729\n|switch|p1a: ABR|Bisharp, M|100\/100|[from]move: U-turn\n|\n|upkeep\n|turn|21\n|\n|t:|1654809735\n|switch|p2a: lanterns|Rotom-Wash|68\/100\n|-damage|p2a: lanterns|56\/100|[from] Stealth Rock\n|move|p1a: ABR|Swords Dance|p1a: ABR\n|-boost|p1a: ABR|atk|2\n|\n|upkeep\n|turn|22\n|\n|t:|1654809739\n|move|p2a: lanterns|Will-O-Wisp|p1a: ABR\n|-status|p1a: ABR|brn\n|-enditem|p1a: ABR|Lum Berry|[eat]\n|-curestatus|p1a: ABR|brn|[msg]\n|move|p1a: ABR|Knock Off|p2a: lanterns\n|-damage|p2a: lanterns|0 fnt\n|faint|p2a: lanterns\n|\n|upkeep\n|\n|t:|1654809742\n|switch|p2a: tera|Urshifu-Rapid-Strike, M|78\/100\n|-damage|p2a: tera|72\/100|[from] Stealth Rock\n|turn|23\n|\n|t:|1654809749\n|switch|p1a: ima|Tyranitar, M|43\/100\n|-weather|Sandstorm|[from] ability: Sand Stream|[of] p1a: ima\n|move|p2a: tera|Close Combat|p1a: ima\n|-supereffective|p1a: ima\n|-damage|p1a: ima|0 fnt\n|-unboost|p2a: tera|def|1\n|-unboost|p2a: tera|spd|1\n|faint|p1a: ima\n|\n|-weather|Sandstorm|[upkeep]\n|-damage|p2a: tera|66\/100|[from] Sandstorm\n|upkeep\n|\n|t:|1654809754\n|switch|p1a: ima's league gf|Mandibuzz, F, shiny|24\/100\n|turn|24\n|\n|t:|1654809760\n|move|p2a: tera|Close Combat|p1a: ima's league gf\n|-damage|p1a: ima's league gf|0 fnt\n|-unboost|p2a: tera|def|1\n|-unboost|p2a: tera|spd|1\n|-damage|p2a: tera|49\/100|[from] item: Rocky Helmet|[of] p1a: ima's league gf\n|faint|p1a: ima's league gf\n|\n|-weather|Sandstorm|[upkeep]\n|-damage|p2a: tera|43\/100|[from] Sandstorm\n|upkeep\n|\n|t:|1654809763\n|switch|p1a: ABR|Bisharp, M|100\/100\n|turn|25\n|inactive|dpultfan69 uwu has 180 seconds left.\n|inactive|tolstoy has 270 seconds left.\n|inactive|dpultfan69 uwu has 150 seconds left.\n|\n|t:|1654809822\n|switch|p2a: gloxinia|Toxapex, M|100\/100\n|-damage|p2a: gloxinia|88\/100|[from] Stealth Rock\n|switch|p1a: Migos|Hydreigon, M|44\/100 brn\n|\n|-weather|Sandstorm|[upkeep]\n|-damage|p1a: Migos|38\/100 brn|[from] Sandstorm\n|-damage|p2a: gloxinia|82\/100|[from] Sandstorm\n|-heal|p1a: Migos|44\/100 brn|[from] item: Leftovers\n|-heal|p2a: gloxinia|88\/100|[from] item: Black Sludge\n|-damage|p1a: Migos|38\/100 brn|[from] brn\n|upkeep\n|turn|26\n|\n|t:|1654809830\n|switch|p1a: ABR|Bisharp, M|100\/100\n|move|p2a: gloxinia|Poison Jab|p1a: ABR\n|-immune|p1a: ABR\n|\n|-weather|Sandstorm|[upkeep]\n|-damage|p2a: gloxinia|82\/100|[from] Sandstorm\n|-heal|p2a: gloxinia|88\/100|[from] item: Black Sludge\n|upkeep\n|turn|27\n|\n|t:|1654809834\n|move|p1a: ABR|Swords Dance|p1a: ABR\n|-boost|p1a: ABR|atk|2\n|move|p2a: gloxinia|Knock Off|p1a: ABR\n|-resisted|p1a: ABR\n|-damage|p1a: ABR|95\/100\n|\n|-weather|none\n|-heal|p2a: gloxinia|94\/100|[from] item: Black Sludge\n|upkeep\n|turn|28\n|\n|t:|1654809840\n|move|p1a: ABR|Knock Off|p2a: gloxinia\n|-damage|p2a: gloxinia|27\/100\n|-enditem|p2a: gloxinia|Black Sludge|[from] move: Knock Off|[of] p1a: ABR\n|move|p2a: gloxinia|Haze|p2a: gloxinia\n|-clearallboost\n|\n|upkeep\n|turn|29\n|\n|t:|1654809843\n|move|p1a: ABR|Swords Dance|p1a: ABR\n|-boost|p1a: ABR|atk|2\n|move|p2a: gloxinia|Recover|p2a: gloxinia\n|-heal|p2a: gloxinia|77\/100\n|\n|upkeep\n|turn|30\n|\n|t:|1654809847\n|move|p1a: ABR|Iron Head|p2a: gloxinia\n|-resisted|p2a: gloxinia\n|-damage|p2a: gloxinia|52\/100\n|move|p2a: gloxinia|Haze|p2a: gloxinia\n|-clearallboost\n|\n|upkeep\n|turn|31\n|\n|t:|1654809851\n|move|p1a: ABR|Swords Dance|p1a: ABR\n|-boost|p1a: ABR|atk|2\n|move|p2a: gloxinia|Recover|p2a: gloxinia\n|-heal|p2a: gloxinia|100\/100\n|\n|upkeep\n|turn|32\n|\n|t:|1654809854\n|move|p1a: ABR|Knock Off|p2a: gloxinia\n|-damage|p2a: gloxinia|57\/100\n|move|p2a: gloxinia|Haze|p2a: gloxinia\n|-clearallboost\n|\n|upkeep\n|turn|33\n|\n|t:|1654809875\n|move|p1a: ABR|Swords Dance|p1a: ABR\n|-boost|p1a: ABR|atk|2\n|move|p2a: gloxinia|Recover|p2a: gloxinia\n|-heal|p2a: gloxinia|100\/100\n|\n|upkeep\n|turn|34\n|\n|t:|1654809880\n|move|p1a: ABR|Knock Off|p2a: gloxinia\n|-damage|p2a: gloxinia|55\/100\n|move|p2a: gloxinia|Haze|p2a: gloxinia\n|-clearallboost\n|\n|upkeep\n|turn|35\n|\n|t:|1654809904\n|move|p1a: ABR|Swords Dance|p1a: ABR\n|-boost|p1a: ABR|atk|2\n|move|p2a: gloxinia|Recover|p2a: gloxinia\n|-heal|p2a: gloxinia|100\/100\n|\n|upkeep\n|turn|36\n|\n|t:|1654809914\n|move|p1a: ABR|Knock Off|p2a: gloxinia\n|-damage|p2a: gloxinia|57\/100\n|move|p2a: gloxinia|Knock Off|p1a: ABR\n|-resisted|p1a: ABR\n|-damage|p1a: ABR|89\/100\n|\n|upkeep\n|turn|37\n|\n|t:|1654809919\n|switch|p2a: recollections|Crawdaunt, F|36\/100\n|-damage|p2a: recollections|24\/100|[from] Stealth Rock\n|move|p1a: ABR|Iron Head|p2a: recollections\n|-resisted|p2a: recollections\n|-damage|p2a: recollections|0 fnt\n|faint|p2a: recollections\n|\n|upkeep\n|\n|t:|1654809921\n|switch|p2a: gloxinia|Toxapex, M|90\/100\n|-damage|p2a: gloxinia|78\/100|[from] Stealth Rock\n|turn|38\n|\n|t:|1654809924\n|move|p1a: ABR|Knock Off|p2a: gloxinia\n|-damage|p2a: gloxinia|35\/100\n|move|p2a: gloxinia|Haze|p2a: gloxinia\n|-clearallboost\n|\n|upkeep\n|turn|39\n|c|\u2606tolstoy|oh bet\n|\n|t:|1654809928\n|move|p1a: ABR|Swords Dance|p1a: ABR\n|-boost|p1a: ABR|atk|2\n|move|p2a: gloxinia|Haze|p2a: gloxinia\n|-clearallboost\n|\n|upkeep\n|turn|40\n|\n|t:|1654809931\n|move|p1a: ABR|Swords Dance|p1a: ABR\n|-boost|p1a: ABR|atk|2\n|move|p2a: gloxinia|Haze|p2a: gloxinia\n|-clearallboost\n|\n|upkeep\n|turn|41\n|\n|t:|1654809946\n|switch|p1a: Migos|Hydreigon, M|38\/100 brn\n|move|p2a: gloxinia|Recover|p2a: gloxinia\n|-heal|p2a: gloxinia|85\/100\n|\n|-heal|p1a: Migos|44\/100 brn|[from] item: Leftovers\n|-damage|p1a: Migos|38\/100 brn|[from] brn\n|upkeep\n|turn|42\n|\n|t:|1654809949\n|switch|p1a: ABR|Bisharp, M|89\/100\n|move|p2a: gloxinia|Poison Jab|p1a: ABR\n|-immune|p1a: ABR\n|\n|upkeep\n|turn|43\n|\n|t:|1654809954\n|move|p1a: ABR|Swords Dance|p1a: ABR\n|-boost|p1a: ABR|atk|2\n|move|p2a: gloxinia|Haze|p2a: gloxinia\n|-clearallboost\n|\n|upkeep\n|turn|44\n|\n|t:|1654809957\n|move|p1a: ABR|Iron Head|p2a: gloxinia\n|-resisted|p2a: gloxinia\n|-damage|p2a: gloxinia|71\/100\n|move|p2a: gloxinia|Haze|p2a: gloxinia\n|-clearallboost\n|\n|upkeep\n|turn|45\n|\n|t:|1654809961\n|move|p1a: ABR|Knock Off|p2a: gloxinia\n|-damage|p2a: gloxinia|51\/100\n|move|p2a: gloxinia|Haze|p2a: gloxinia\n|-clearallboost\n|\n|upkeep\n|turn|46\n|\n|t:|1654809964\n|move|p1a: ABR|Swords Dance|p1a: ABR\n|-boost|p1a: ABR|atk|2\n|move|p2a: gloxinia|Haze|p2a: gloxinia\n|-clearallboost\n|\n|upkeep\n|turn|47\n|\n|t:|1654809973\n|move|p1a: ABR|Knock Off|p2a: gloxinia\n|-damage|p2a: gloxinia|31\/100\n|move|p2a: gloxinia|Haze|p2a: gloxinia\n|-clearallboost\n|\n|upkeep\n|turn|48\n|\n|t:|1654809978\n|move|p1a: ABR|Swords Dance|p1a: ABR\n|-boost|p1a: ABR|atk|2\n|move|p2a: gloxinia|Haze|p2a: gloxinia\n|-clearallboost\n|\n|upkeep\n|turn|49\n|\n|t:|1654809984\n|move|p1a: ABR|Iron Head|p2a: gloxinia\n|-resisted|p2a: gloxinia\n|-damage|p2a: gloxinia|18\/100\n|move|p2a: gloxinia|Haze|p2a: gloxinia\n|-clearallboost\n|\n|upkeep\n|turn|50\n|\n|t:|1654809988\n|switch|p1a: Migos|Hydreigon, M|38\/100 brn\n|move|p2a: gloxinia|Haze|p2a: gloxinia\n|-clearallboost\n|\n|-heal|p1a: Migos|44\/100 brn|[from] item: Leftovers\n|-damage|p1a: Migos|38\/100 brn|[from] brn\n|upkeep\n|turn|51\n|\n|t:|1654809999\n|switch|p1a: ABR|Bisharp, M|89\/100\n|move|p2a: gloxinia|Poison Jab|p1a: ABR\n|-immune|p1a: ABR\n|\n|upkeep\n|turn|52\n|\n|t:|1654810003\n|switch|p1a: Migos|Hydreigon, M|38\/100 brn\n|move|p2a: gloxinia|Haze|p2a: gloxinia\n|-clearallboost\n|\n|-heal|p1a: Migos|44\/100 brn|[from] item: Leftovers\n|-damage|p1a: Migos|38\/100 brn|[from] brn\n|upkeep\n|turn|53\n|\n|t:|1654810007\n|switch|p1a: ABR|Bisharp, M|89\/100\n|move|p2a: gloxinia|Poison Jab|p1a: ABR\n|-immune|p1a: ABR\n|\n|upkeep\n|turn|54\n|\n|t:|1654810016\n|move|p1a: ABR|Swords Dance|p1a: ABR\n|-boost|p1a: ABR|atk|2\n|move|p2a: gloxinia|Haze|p2a: gloxinia\n|-clearallboost\n|\n|upkeep\n|turn|55\n|\n|t:|1654810019\n|move|p1a: ABR|Swords Dance|p1a: ABR\n|-boost|p1a: ABR|atk|2\n|move|p2a: gloxinia|Haze|p2a: gloxinia\n|-clearallboost\n|\n|upkeep\n|turn|56\n|\n|t:|1654810023\n|switch|p1a: Migos|Hydreigon, M|38\/100 brn\n|move|p2a: gloxinia|Haze|p2a: gloxinia\n|-clearallboost\n|\n|-heal|p1a: Migos|44\/100 brn|[from] item: Leftovers\n|-damage|p1a: Migos|38\/100 brn|[from] brn\n|upkeep\n|turn|57\n|\n|t:|1654810031\n|switch|p1a: ABR|Bisharp, M|89\/100\n|move|p2a: gloxinia|Poison Jab|p1a: ABR\n|-immune|p1a: ABR\n|\n|upkeep\n|turn|58\n|\n|t:|1654810036\n|switch|p1a: Migos|Hydreigon, M|38\/100 brn\n|move|p2a: gloxinia|Haze|p2a: gloxinia\n|-clearallboost\n|\n|-heal|p1a: Migos|44\/100 brn|[from] item: Leftovers\n|-damage|p1a: Migos|38\/100 brn|[from] brn\n|upkeep\n|turn|59\n|\n|t:|1654810039\n|switch|p1a: ABR|Bisharp, M|89\/100\n|switch|p2a: ethereal|Gastrodon-East, M|100\/100\n|-damage|p2a: ethereal|94\/100|[from] Stealth Rock\n|\n|-heal|p2a: ethereal|100\/100|[from] item: Leftovers\n|upkeep\n|turn|60\n|\n|t:|1654810048\n|switch|p2a: tera|Urshifu-Rapid-Strike, M|43\/100\n|-damage|p2a: tera|37\/100|[from] Stealth Rock\n|move|p1a: ABR|Swords Dance|p1a: ABR\n|-boost|p1a: ABR|atk|2\n|\n|upkeep\n|turn|61\n|\n|t:|1654810073\n|move|p1a: ABR|Sucker Punch|p2a: tera\n|-resisted|p2a: tera\n|-damage|p2a: tera|0 fnt\n|faint|p2a: tera\n|\n|upkeep\n|\n|t:|1654810076\n|switch|p2a: ethereal|Gastrodon-East, M|100\/100\n|-damage|p2a: ethereal|94\/100|[from] Stealth Rock\n|turn|62\n|\n|t:|1654810079\n|move|p1a: ABR|Knock Off|p2a: ethereal\n|-damage|p2a: ethereal|11\/100\n|-enditem|p2a: ethereal|Leftovers|[from] move: Knock Off|[of] p1a: ABR\n|move|p2a: ethereal|Scald|p1a: ABR\n|-damage|p1a: ABR|56\/100\n|-status|p1a: ABR|brn\n|\n|-damage|p1a: ABR|50\/100 brn|[from] brn\n|upkeep\n|turn|63\n|c|\u2606tolstoy|fucked\n|\n|t:|1654810092\n|move|p1a: ABR|Knock Off|p2a: ethereal\n|-damage|p2a: ethereal|0 fnt\n|faint|p2a: ethereal\n|\n|-damage|p1a: ABR|44\/100 brn|[from] brn\n|upkeep\n|\n|t:|1654810100\n|switch|p2a: gloxinia|Toxapex, M|51\/100\n|-damage|p2a: gloxinia|39\/100|[from] Stealth Rock\n|turn|64\n|c|\u2606dpultfan69 uwu|sorry\n|c|\u2606dpultfan69 uwu|thats aids\n|c|\u2606dpultfan69 uwu|i threw this too i think\n|\n|t:|1654810114\n|move|p1a: ABR|Iron Head|p2a: gloxinia\n|-resisted|p2a: gloxinia\n|-damage|p2a: gloxinia|26\/100\n|cant|p2a: gloxinia|flinch\n|\n|-damage|p1a: ABR|38\/100 brn|[from] brn\n|upkeep\n|turn|65\n|c|+gingy|You did\n|inactive|tolstoy has 270 seconds left.\n|c|\u2606tolstoy|ok\n|c|\u2606tolstoy|epic gamer moment\n|c|\u2606tolstoy|incoming\n|\n|t:|1654810158\n|move|p1a: ABR|Iron Head|p2a: gloxinia\n|-resisted|p2a: gloxinia\n|-damage|p2a: gloxinia|12\/100\n|move|p2a: gloxinia|Recover|p2a: gloxinia\n|-heal|p2a: gloxinia|62\/100\n|\n|-damage|p1a: ABR|32\/100 brn|[from] brn\n|upkeep\n|turn|66\n|\n|t:|1654810165\n|switch|p1a: Migos|Hydreigon, M|38\/100 brn\n|move|p2a: gloxinia|Haze|p2a: gloxinia\n|-clearallboost\n|\n|-heal|p1a: Migos|44\/100 brn|[from] item: Leftovers\n|-damage|p1a: Migos|38\/100 brn|[from] brn\n|upkeep\n|turn|67\n|\n|t:|1654810168\n|move|p1a: Migos|Nasty Plot|p1a: Migos\n|-boost|p1a: Migos|spa|2\n|move|p2a: gloxinia|Recover|p2a: gloxinia\n|-heal|p2a: gloxinia|100\/100\n|\n|-heal|p1a: Migos|44\/100 brn|[from] item: Leftovers\n|-damage|p1a: Migos|38\/100 brn|[from] brn\n|upkeep\n|turn|68\n|\n|t:|1654810171\n|move|p1a: Migos|Earth Power|p2a: gloxinia\n|-supereffective|p2a: gloxinia\n|-damage|p2a: gloxinia|0 fnt\n|faint|p2a: gloxinia\n|\n|-heal|p1a: Migos|44\/100 brn|[from] item: Leftovers\n|-damage|p1a: Migos|38\/100 brn|[from] brn\n|upkeep\n|\n|t:|1654810174\n|switch|p2a: moonfall|Slowking, F|65\/100\n|turn|69\n|c|\u2606dpultfan69 uwu|gg\n|\n|t:|1654810177\n|move|p1a: Migos|Earth Power|p2a: moonfall\n|-damage|p2a: moonfall|31\/100\n|move|p2a: moonfall|Dragon Tail|p1a: Migos\n|-supereffective|p1a: Migos\n|-crit|p1a: Migos\n|-damage|p1a: Migos|4\/100 brn\n|drag|p1a: ABR|Bisharp, M|32\/100 brn\n|\n|-damage|p1a: ABR|26\/100 brn|[from] brn\n|upkeep\n|turn|70\n|\n|t:|1654810181\n|move|p1a: ABR|Knock Off|p2a: moonfall\n|-supereffective|p2a: moonfall\n|-damage|p2a: moonfall|0 fnt\n|-enditem|p2a: moonfall|Heavy-Duty Boots|[from] move: Knock Off|[of] p1a: ABR\n|faint|p2a: moonfall\n|\n|win|tolstoy\n","uploadtime":1654810182,"views":738,"p1id":"tolstoy","p2id":"dpultfan69uwu","formatid":"gen8monotype","rating":0,"private":0,"password":null}