{"id":"smogtours-gen5ou-59402","p1":"Reymedy","p2":"Leftiez~","format":"gen5ou","log":"|inactive|Battle timer is ON: inactive players will automatically lose when time's up.\n|J|Reymedy\n|J|Leftiez~\n|player|p1|Reymedy|#reymedy\n|player|p2|Leftiez~|#leftiez\n|gametype|singles\n|gen|5\n|tier|[Gen 5] OU\n|rule|Evasion Abilities Clause: Evasion abilities are banned\n|clearpoke\n|poke|p1|Politoed, M\n|poke|p1|Jirachi\n|poke|p1|Breloom, F\n|poke|p1|Garchomp, M\n|poke|p1|Zapdos\n|poke|p1|Tentacruel, M\n|poke|p2|Stoutland, F\n|poke|p2|Hippowdon, F\n|poke|p2|Rotom-Wash\n|poke|p2|Ferrothorn, F\n|poke|p2|Latios, M\n|poke|p2|Metagross\n|rule|Sleep Clause Mod: Limit one foe put to sleep\n|rule|Species Clause: Limit one of each Pok\u00e9mon\n|rule|OHKO Clause: OHKO moves are banned\n|rule|Moody Clause: Moody is banned\n|rule|Evasion Moves Clause: Evasion moves are banned\n|rule|Endless Battle Clause: Forcing endless battles is banned\n|rule|HP Percentage Mod: HP is shown in percentages\n|teampreview\n|J|McMeghan\n|J|iconic\n|J|MegaStarUniverse\n|J|zdrup\n|J|H-C\n|J|Zenadark\n|J|Twin Citiez\n|J|Lusso.\n|J|Lord Mur\n|J|Vinc2612\n|J|fant\n|c|&iconic|down to dis . . .\n|J|Gei\n|J|Espaa\n|J|Yogiras\n|c|&iconic|vive la france . . .\n|J|littlelucario\n|c|\u2605Reymedy|...\n|J|TewMew\n|c|\u2605Leftiez~|:p\n|L|Lord Mur\n|c|+littlelucario|is thiis for a tour?\n|J|boudouche\n|c|&iconic|reymedy that looks like my frontier team from 2 yrs ago\n|J|Jimmy Turtwig\n|c|&iconic|its v rain stall weak :(\n|J|SoulWind\n|J|BahaWin\n|c|\u2605Reymedy|:P\n|c|&iconic|screw phil and his rain stal\n|\n|start\n|switch|p1a: Gengen|Breloom, F|307\/307\n|switch|p2a: Rotom-Wash|Rotom-Wash|271\/271\n|turn|1\n|J|WcJay\n|\n|move|p2a: Rotom-Wash|Hidden Power|p1a: Gengen\n|-supereffective|p1a: Gengen\n|-damage|p1a: Gengen|69\/307\n|move|p1a: Gengen|Spore|p2a: Rotom-Wash\n|-status|p2a: Rotom-Wash|slp\n|-enditem|p2a: Rotom-Wash|Chesto Berry|[eat]\n|-curestatus|p2a: Rotom-Wash|slp\n|\n|-status|p1a: Gengen|tox|[from] item: Toxic Orb\n|turn|2\n|c|+littlelucario|not\n|c|+littlelucario|bad\n|J|LJDarkrai\n|L|MegaStarUniverse\n|J|Korby\n|J|Tom0410\n|J|davidTheMaster\n|J|Vinc608\n|J|Bowlii\n|\n|switch|p1a: Nanami|Jirachi|403\/403\n|move|p2a: Rotom-Wash|Hydro Pump|p1a: Nanami\n|-damage|p1a: Nanami|253\/403\n|\n|-heal|p1a: Nanami|278\/403|[from] item: Leftovers\n|turn|3\n|J|pholovvers\n|\n|move|p2a: Rotom-Wash|Volt Switch|p1a: Nanami\n|-damage|p1a: Nanami|193\/403\n|\n|switch|p2a: Hippowdon|Hippowdon, F|420\/420\n|-weather|Sandstorm|[from] ability: Sand Stream|[of] p2a: Hippowdon\n|move|p1a: Nanami|Wish|p1a: Nanami\n|\n|-weather|Sandstorm|[upkeep]\n|-heal|p1a: Nanami|218\/403|[from] item: Leftovers\n|turn|4\n|J|xastify\n|L|pholovvers\n|J|Marshall.Law\n|J|Stratos\n|\n|switch|p1a: Rikimaru|Garchomp, M|420\/420\n|move|p2a: Hippowdon|Earthquake|p1a: Rikimaru\n|-damage|p1a: Rikimaru|294\/420\n|\n|-weather|Sandstorm|[upkeep]\n|-heal|p1a: Rikimaru|420\/420|[from] move: Wish|[wisher] Nanami\n|turn|5\n|\n|move|p1a: Rikimaru|Stealth Rock|p2a: Hippowdon\n|-sidestart|p2: Leftiez~|move: Stealth Rock\n|move|p2a: Hippowdon|Ice Fang|p1a: Rikimaru\n|-supereffective|p1a: Rikimaru\n|-damage|p1a: Rikimaru|236\/420\n|-damage|p2a: Hippowdon|368\/420|[from] ability: Rough Skin|[of] p1a: Rikimaru\n|-damage|p2a: Hippowdon|298\/420|[from] item: Rocky Helmet|[of] p1a: Rikimaru\n|\n|-weather|Sandstorm|[upkeep]\n|-heal|p2a: Hippowdon|324\/420|[from] item: Leftovers\n|turn|6\n|\n|move|p1a: Rikimaru|Toxic|p2a: Hippowdon\n|-status|p2a: Hippowdon|tox\n|move|p2a: Hippowdon|Stealth Rock|p1a: Rikimaru\n|-sidestart|p1: Reymedy|move: Stealth Rock\n|\n|-weather|Sandstorm|[upkeep]\n|-heal|p2a: Hippowdon|350\/420 tox|[from] item: Leftovers\n|-damage|p2a: Hippowdon|324\/420 tox|[from] psn\n|turn|7\n|L|Zenadark\n|J|Fairy Peak\n|J|Zenadark\n|\n|switch|p1a: Bonaparte|Politoed, M|323\/323\n|-damage|p1a: Bonaparte|283\/323|[from] Stealth Rock\n|-weather|RainDance|[from] ability: Drizzle|[of] p1a: Bonaparte\n|move|p2a: Hippowdon|Earthquake|p1a: Bonaparte\n|-damage|p1a: Bonaparte|108\/323\n|\n|-weather|RainDance|[upkeep]\n|-heal|p2a: Hippowdon|350\/420 tox|[from] item: Leftovers\n|-damage|p2a: Hippowdon|298\/420 tox|[from] psn\n|turn|8\n|\n|switch|p2a: Rotom-Wash|Rotom-Wash|271\/271\n|-damage|p2a: Rotom-Wash|238\/271|[from] Stealth Rock\n|move|p1a: Bonaparte|Scald|p2a: Rotom-Wash\n|-resisted|p2a: Rotom-Wash\n|-damage|p2a: Rotom-Wash|159\/271\n|-status|p2a: Rotom-Wash|brn\n|\n|-weather|RainDance|[upkeep]\n|-damage|p2a: Rotom-Wash|126\/271 brn|[from] brn\n|turn|9\n|\n|switch|p1a: Riou|Zapdos|383\/383\n|-damage|p1a: Riou|288\/383|[from] Stealth Rock\n|-ability|p1a: Riou|Pressure\n|move|p2a: Rotom-Wash|Hydro Pump|p1a: Riou\n|-damage|p1a: Riou|35\/383\n|\n|-weather|RainDance|[upkeep]\n|-heal|p1a: Riou|58\/383|[from] item: Leftovers\n|-damage|p2a: Rotom-Wash|93\/271 brn|[from] brn\n|turn|10\n|\n|move|p1a: Riou|Thunderbolt|p2a: Rotom-Wash\n|-damage|p2a: Rotom-Wash|0 fnt\n|faint|p2a: Rotom-Wash\n|\n|-weather|RainDance|[upkeep]\n|-heal|p1a: Riou|81\/383|[from] item: Leftovers\n|\n|switch|p2a: Latios|Latios, M|304\/304\n|-damage|p2a: Latios|266\/304|[from] Stealth Rock\n|turn|11\n|\n|switch|p1a: Zamza|Tentacruel, M|363\/363\n|-damage|p1a: Zamza|318\/363|[from] Stealth Rock\n|move|p2a: Latios|Draco Meteor|p1a: Zamza|[miss]\n|-miss|p2a: Latios|p1a: Zamza\n|\n|-weather|RainDance|[upkeep]\n|-heal|p1a: Zamza|340\/363|[from] ability: Rain Dish\n|-heal|p1a: Zamza|362\/363|[from] item: Black Sludge\n|turn|12\n|J|Steelphoenix\n|L|xastify\n|\n|move|p2a: Latios|Draco Meteor|p1a: Zamza\n|-damage|p1a: Zamza|35\/363\n|-unboost|p2a: Latios|spa|2\n|move|p1a: Zamza|Rapid Spin|p2a: Latios\n|-damage|p2a: Latios|253\/304\n|-sideend|p1: Reymedy|Stealth Rock|[from] move: Rapid Spin|[of] p1a: Zamza\n|\n|-weather|RainDance|[upkeep]\n|-heal|p1a: Zamza|57\/363|[from] ability: Rain Dish\n|-heal|p1a: Zamza|79\/363|[from] item: Black Sludge\n|turn|13\n|\n|switch|p2a: Hippowdon|Hippowdon, F|298\/420 tox\n|-damage|p2a: Hippowdon|272\/420 tox|[from] Stealth Rock\n|-weather|Sandstorm|[from] ability: Sand Stream|[of] p2a: Hippowdon\n|move|p1a: Zamza|Scald|p2a: Hippowdon\n|-supereffective|p2a: Hippowdon\n|-damage|p2a: Hippowdon|60\/420 tox\n|\n|-weather|Sandstorm|[upkeep]\n|-damage|p1a: Zamza|57\/363|[from] sandstorm\n|-heal|p1a: Zamza|79\/363|[from] item: Black Sludge\n|-heal|p2a: Hippowdon|86\/420 tox|[from] item: Leftovers\n|-damage|p2a: Hippowdon|60\/420 tox|[from] psn\n|turn|14\n|\n|switch|p2a: Ferrothorn|Ferrothorn, F|352\/352\n|-damage|p2a: Ferrothorn|330\/352|[from] Stealth Rock\n|move|p1a: Zamza|Scald|p2a: Ferrothorn\n|-resisted|p2a: Ferrothorn\n|-damage|p2a: Ferrothorn|304\/352\n|-status|p2a: Ferrothorn|brn\n|\n|-weather|Sandstorm|[upkeep]\n|-damage|p1a: Zamza|57\/363|[from] sandstorm\n|-heal|p1a: Zamza|79\/363|[from] item: Black Sludge\n|-heal|p2a: Ferrothorn|326\/352 brn|[from] item: Leftovers\n|-damage|p2a: Ferrothorn|282\/352 brn|[from] brn\n|turn|15\n|\n|switch|p1a: Bonaparte|Politoed, M|108\/323\n|-weather|RainDance|[from] ability: Drizzle|[of] p1a: Bonaparte\n|move|p2a: Ferrothorn|Explosion|p1a: Bonaparte\n|-damage|p1a: Bonaparte|0 fnt\n|faint|p2a: Ferrothorn\n|faint|p1a: Bonaparte\n|\n|-weather|RainDance|[upkeep]\n|\n|switch|p1a: Rikimaru|Garchomp, M|236\/420\n|switch|p2a: Hippowdon|Hippowdon, F|60\/420 tox\n|-damage|p2a: Hippowdon|34\/420 tox|[from] Stealth Rock\n|-weather|Sandstorm|[from] ability: Sand Stream|[of] p2a: Hippowdon\n|turn|16\n|\n|switch|p2a: Latios|Latios, M|253\/304\n|-damage|p2a: Latios|215\/304|[from] Stealth Rock\n|move|p1a: Rikimaru|Earthquake|p2a: Latios\n|-immune|p2a: Latios|[msg]\n|\n|-weather|Sandstorm|[upkeep]\n|-damage|p2a: Latios|196\/304|[from] sandstorm\n|turn|17\n|\n|switch|p1a: Gengen|Breloom, F|69\/307 tox\n|move|p2a: Latios|Draco Meteor|p1a: Gengen\n|-damage|p1a: Gengen|0 fnt\n|-unboost|p2a: Latios|spa|2\n|faint|p1a: Gengen\n|\n|-weather|Sandstorm|[upkeep]\n|-damage|p2a: Latios|177\/304|[from] sandstorm\n|\n|switch|p1a: Nanami|Jirachi|218\/403\n|turn|18\n|\n|switch|p2a: Metagross|Metagross|344\/344\n|-damage|p2a: Metagross|323\/344|[from] Stealth Rock\n|move|p1a: Nanami|Wish|p1a: Nanami\n|\n|-weather|Sandstorm|[upkeep]\n|-heal|p1a: Nanami|243\/403|[from] item: Leftovers\n|turn|19\n|\n|move|p1a: Nanami|Protect|p1a: Nanami\n|-singleturn|p1a: Nanami|Protect\n|move|p2a: Metagross|Explosion|p1a: Nanami\n|-activate|p1a: Nanami|Protect\n|faint|p2a: Metagross\n|\n|-weather|Sandstorm|[upkeep]\n|-heal|p1a: Nanami|403\/403|[from] move: Wish|[wisher] Nanami\n|c|\u2605Leftiez~|oops\n|c|\u2605Reymedy|lol\n|\n|switch|p2a: Latios|Latios, M|177\/304\n|-damage|p2a: Latios|139\/304|[from] Stealth Rock\n|turn|20\n|c|&iconic|dun dun dun\n|c|\u2605Leftiez~|i forgot\n|c|\u2605Leftiez~|it has protect Oo\n|\n|switch|p1a: Riou|Zapdos|81\/383\n|-ability|p1a: Riou|Pressure\n|move|p2a: Latios|Trick|p1a: Riou\n|-activate|p2a: Latios|move: Trick|[of] p1a: Riou\n|-item|p1a: Riou|Choice Specs|[from] move: Trick\n|-item|p2a: Latios|Leftovers|[from] move: Trick\n|\n|-weather|Sandstorm|[upkeep]\n|-damage|p2a: Latios|120\/304|[from] sandstorm\n|-damage|p1a: Riou|58\/383|[from] sandstorm\n|-heal|p2a: Latios|139\/304|[from] item: Leftovers\n|turn|21\n|\n|switch|p1a: Nanami|Jirachi|403\/403\n|move|p2a: Latios|Psyshock|p1a: Nanami\n|-resisted|p1a: Nanami\n|-damage|p1a: Nanami|368\/403\n|\n|-weather|Sandstorm|[upkeep]\n|-damage|p2a: Latios|120\/304|[from] sandstorm\n|-heal|p2a: Latios|139\/304|[from] item: Leftovers\n|-heal|p1a: Nanami|393\/403|[from] item: Leftovers\n|turn|22\n|\n|move|p2a: Latios|Hidden Power|p1a: Nanami\n|-supereffective|p1a: Nanami\n|-damage|p1a: Nanami|275\/403\n|move|p1a: Nanami|Body Slam|p2a: Latios\n|-damage|p2a: Latios|64\/304\n|-status|p2a: Latios|par\n|\n|-weather|Sandstorm|[upkeep]\n|-damage|p2a: Latios|45\/304 par|[from] sandstorm\n|-heal|p1a: Nanami|300\/403|[from] item: Leftovers\n|-heal|p2a: Latios|64\/304 par|[from] item: Leftovers\n|turn|23\n|\n|move|p1a: Nanami|Protect|p1a: Nanami\n|-singleturn|p1a: Nanami|Protect\n|move|p2a: Latios|Hidden Power|p1a: Nanami\n|-activate|p1a: Nanami|Protect\n|\n|-weather|Sandstorm|[upkeep]\n|-damage|p2a: Latios|45\/304 par|[from] sandstorm\n|-heal|p1a: Nanami|325\/403|[from] item: Leftovers\n|-heal|p2a: Latios|64\/304 par|[from] item: Leftovers\n|turn|24\n|c|\u2605Leftiez~|gg\n|L|Korby\n|\n|move|p1a: Nanami|Iron Head|p2a: Latios\n|-damage|p2a: Latios|0 fnt\n|faint|p2a: Latios\n|\n|-weather|Sandstorm|[upkeep]\n|-heal|p1a: Nanami|350\/403|[from] item: Leftovers\n|c|\u2605Reymedy|gg\n|\n|switch|p2a: Hippowdon|Hippowdon, F|34\/420 tox\n|-damage|p2a: Hippowdon|8\/420 tox|[from] Stealth Rock\n|turn|25\n|L|Marshall.Law\n|\n|move|p1a: Nanami|Body Slam|p2a: Hippowdon\n|-damage|p2a: Hippowdon|0 fnt\n|faint|p2a: Hippowdon\n|\n|-weather|Sandstorm|[upkeep]\n|-heal|p1a: Nanami|375\/403|[from] item: Leftovers\n|\n|switch|p2a: Stoutland|Stoutland, F|312\/312\n|-damage|p2a: Stoutland|273\/312|[from] Stealth Rock\n|turn|26\n|\n|move|p2a: Stoutland|Superpower|p1a: Nanami\n|-damage|p1a: Nanami|194\/403\n|-unboost|p2a: Stoutland|atk|1\n|-unboost|p2a: Stoutland|def|1\n|-damage|p2a: Stoutland|242\/312|[from] item: Life Orb\n|move|p1a: Nanami|Body Slam|p2a: Stoutland\n|-damage|p2a: Stoutland|126\/312\n|-status|p2a: Stoutland|par\n|\n|-weather|Sandstorm|[upkeep]\n|-heal|p1a: Nanami|219\/403|[from] item: Leftovers\n|turn|27\n|\n|move|p1a: Nanami|Iron Head|p2a: Stoutland\n|-damage|p2a: Stoutland|0 fnt\n|faint|p2a: Stoutland\n|\n|win|Reymedy\n|L|boudouche\n|L|Leftiez~\n|player|p2\n|c|+Ybel|wp\n|L|Reymedy\n|player|p1\n|L|Ybel\n|L|Vinc2612\n|L|Twin Citiez\n|L|davidTheMaster\n|L|Lusso.\n|L|TewMew","inputlog":null,"uploadtime":1431287693,"views":899,"p1id":"reymedy","p2id":"leftiez","formatid":"gen5ou","rating":0,"private":0,"password":null}