{"id":"smogtours-gen6ou-620905","p1":"4ndre4","p2":"Ayante","format":"gen6ou","log":"|inactive|Battle timer is ON: inactive players will automatically lose when time's up.\n|t:|1650220528\n|gametype|singles\n|player|p1|4ndre4|shielbert|\n|player|p2|Ayante|roark|\n|teamsize|p1|6\n|teamsize|p2|6\n|gen|6\n|tier|[Gen 6] OU\n|rule|Sleep Clause Mod: Limit one foe put to sleep\n|rule|Species Clause: Limit one of each Pok\u00e9mon\n|rule|OHKO Clause: OHKO moves are banned\n|rule|Moody Clause: Moody is banned\n|rule|Evasion Moves Clause: Evasion moves are banned\n|rule|Endless Battle Clause: Forcing endless battles is banned\n|rule|HP Percentage Mod: HP is shown in percentages\n|rule|Swagger Clause: Swagger is banned\n|clearpoke\n|poke|p1|Tyranitar, M|item\n|poke|p1|Mew|item\n|poke|p1|Scizor, M|item\n|poke|p1|Keldeo|item\n|poke|p1|Landorus-Therian, M|item\n|poke|p1|Latios, M|item\n|poke|p2|Scizor, M|item\n|poke|p2|Garchomp, F|item\n|poke|p2|Rotom-Wash|item\n|poke|p2|Zapdos|item\n|poke|p2|Heatran, F|item\n|poke|p2|Slowbro, M|item\n|teampreview\n|c|\u26064ndre4|hf!\n|\n|t:|1650220555\n|start\n|switch|p1a: Latios|Latios, M|100\/100\n|switch|p2a: Rotom|Rotom-Wash|100\/100\n|turn|1\n|\n|t:|1650220562\n|switch|p2a: Heatran|Heatran, F|100\/100\n|move|p1a: Latios|Psyshock|p2a: Heatran\n|-resisted|p2a: Heatran\n|-crit|p2a: Heatran\n|-damage|p2a: Heatran|66\/100\n|-damage|p1a: Latios|91\/100|[from] item: Life Orb\n|\n|-heal|p2a: Heatran|72\/100|[from] item: Leftovers\n|upkeep\n|turn|2\n|\n|t:|1650220566\n|move|p1a: Latios|Surf|p2a: Heatran\n|-supereffective|p2a: Heatran\n|-damage|p2a: Heatran|14\/100\n|-damage|p1a: Latios|81\/100|[from] item: Life Orb\n|move|p2a: Heatran|Toxic|p1a: Latios|[miss]\n|-miss|p2a: Heatran|p1a: Latios\n|\n|-heal|p2a: Heatran|21\/100|[from] item: Leftovers\n|upkeep\n|turn|3\n|\n|t:|1650220576\n|switch|p2a: Slowbro|Slowbro, M|100\/100\n|move|p1a: Latios|Surf|p2a: Slowbro\n|-resisted|p2a: Slowbro\n|-damage|p2a: Slowbro|84\/100\n|-damage|p1a: Latios|71\/100|[from] item: Life Orb\n|\n|upkeep\n|turn|4\n|\n|t:|1650220581\n|move|p1a: Latios|Draco Meteor|p2a: Slowbro\n|-damage|p2a: Slowbro|16\/100\n|-unboost|p1a: Latios|spa|2\n|-damage|p1a: Latios|61\/100|[from] item: Life Orb\n|move|p2a: Slowbro|Toxic|p1a: Latios\n|-status|p1a: Latios|tox\n|\n|-damage|p1a: Latios|55\/100 tox|[from] psn\n|upkeep\n|turn|5\n|\n|t:|1650220590\n|switch|p1a: Keldeo|Keldeo|100\/100\n|switch|p2a: Scizor|Scizor, M|100\/100\n|\n|upkeep\n|turn|6\n|\n|t:|1650220596\n|detailschange|p2a: Scizor|Scizor-Mega, M\n|-mega|p2a: Scizor|Scizor|Scizorite\n|move|p1a: Keldeo|Secret Sword|p2a: Scizor\n|-damage|p2a: Scizor|58\/100\n|move|p2a: Scizor|U-turn|p1a: Keldeo\n|-resisted|p1a: Keldeo\n|-damage|p1a: Keldeo|77\/100\n|\n|t:|1650220601\n|switch|p2a: Slowbro|Slowbro, M|49\/100|[from]move: U-turn\n|\n|upkeep\n|turn|7\n|\n|t:|1650220609\n|switch|p1a: Mew|Mew, shiny|100\/100\n|switch|p2a: Rotom|Rotom-Wash|100\/100\n|\n|upkeep\n|turn|8\n|\n|t:|1650220612\n|move|p2a: Rotom|Trick|p1a: Mew\n|-activate|p2a: Rotom|move: Trick|[of] p1a: Mew\n|-item|p1a: Mew|Choice Scarf|[from] move: Trick\n|-item|p2a: Rotom|Leftovers|[from] move: Trick\n|move|p1a: Mew|Knock Off|p2a: Rotom\n|-crit|p2a: Rotom\n|-damage|p2a: Rotom|63\/100\n|-enditem|p2a: Rotom|Leftovers|[from] move: Knock Off|[of] p1a: Mew\n|\n|upkeep\n|turn|9\n|\n|t:|1650220620\n|move|p1a: Mew|Knock Off|p2a: Rotom\n|-damage|p2a: Rotom|47\/100\n|move|p2a: Rotom|Volt Switch|p1a: Mew\n|-damage|p1a: Mew|79\/100\n|\n|t:|1650220623\n|switch|p2a: Heatran|Heatran, F|21\/100|[from]move: Volt Switch\n|\n|-heal|p2a: Heatran|27\/100|[from] item: Leftovers\n|upkeep\n|turn|10\n|\n|t:|1650220627\n|switch|p2a: Slowbro|Slowbro, M|82\/100\n|move|p1a: Mew|Knock Off|p2a: Slowbro\n|-supereffective|p2a: Slowbro\n|-damage|p2a: Slowbro|51\/100\n|-damage|p1a: Mew|62\/100|[from] item: Rocky Helmet|[of] p2a: Slowbro\n|-enditem|p2a: Slowbro|Rocky Helmet|[from] move: Knock Off|[of] p1a: Mew\n|\n|upkeep\n|turn|11\n|\n|t:|1650220632\n|switch|p1a: Latios|Latios, M|55\/100 tox\n|switch|p2a: Rotom|Rotom-Wash|47\/100\n|\n|-damage|p1a: Latios|49\/100 tox|[from] psn\n|upkeep\n|turn|12\n|\n|t:|1650220640\n|switch|p2a: Slowbro|Slowbro, M|84\/100\n|move|p1a: Latios|Recover|p1a: Latios\n|-heal|p1a: Latios|99\/100 tox\n|\n|-damage|p1a: Latios|87\/100 tox|[from] psn\n|upkeep\n|turn|13\n|\n|t:|1650220657\n|move|p1a: Latios|Psyshock|p2a: Slowbro\n|-resisted|p2a: Slowbro\n|-damage|p2a: Slowbro|63\/100\n|-damage|p1a: Latios|77\/100 tox|[from] item: Life Orb\n|move|p2a: Slowbro|Scald|p1a: Latios\n|-resisted|p1a: Latios\n|-damage|p1a: Latios|63\/100 tox\n|\n|-damage|p1a: Latios|45\/100 tox|[from] psn\n|upkeep\n|turn|14\n|\n|t:|1650220661\n|switch|p2a: Scizor|Scizor-Mega, M|58\/100\n|move|p1a: Latios|Draco Meteor|p2a: Scizor|[miss]\n|-miss|p1a: Latios|p2a: Scizor\n|\n|-damage|p1a: Latios|21\/100 tox|[from] psn\n|upkeep\n|turn|15\n|\n|t:|1650220667\n|move|p1a: Latios|Surf|p2a: Scizor\n|-damage|p2a: Scizor|21\/100\n|-damage|p1a: Latios|11\/100 tox|[from] item: Life Orb\n|move|p2a: Scizor|Roost|p2a: Scizor\n|-heal|p2a: Scizor|71\/100\n|-singleturn|p2a: Scizor|move: Roost\n|\n|-damage|p1a: Latios|0 fnt|[from] psn\n|faint|p1a: Latios\n|upkeep\n|\n|t:|1650220672\n|switch|p1a: Landorus|Landorus-Therian, M|100\/100\n|-ability|p1a: Landorus|Intimidate|boost\n|-unboost|p2a: Scizor|atk|1\n|turn|16\n|\n|t:|1650220678\n|switch|p2a: Rotom|Rotom-Wash|47\/100\n|move|p1a: Landorus|Stealth Rock|p2a: Rotom\n|-sidestart|p2: Ayante|move: Stealth Rock\n|\n|upkeep\n|turn|17\n|\n|t:|1650220686\n|switch|p1a: Mew|Mew, shiny|62\/100\n|move|p2a: Rotom|Will-O-Wisp|p1a: Mew\n|-status|p1a: Mew|brn\n|-activate|p1a: Mew|ability: Synchronize\n|-status|p2a: Rotom|brn\n|\n|-damage|p1a: Mew|50\/100 brn|[from] brn\n|-damage|p2a: Rotom|34\/100 brn|[from] brn\n|upkeep\n|turn|18\n|\n|t:|1650220690\n|move|p1a: Mew|Taunt|p2a: Rotom\n|-start|p2a: Rotom|move: Taunt\n|move|p2a: Rotom|Volt Switch|p1a: Mew\n|-crit|p1a: Mew\n|-damage|p1a: Mew|16\/100 brn\n|\n|t:|1650220696\n|switch|p2a: Heatran|Heatran, F|27\/100|[from]move: Volt Switch\n|-damage|p2a: Heatran|14\/100|[from] Stealth Rock\n|\n|-heal|p2a: Heatran|21\/100|[from] item: Leftovers\n|-damage|p1a: Mew|4\/100 brn|[from] brn\n|upkeep\n|turn|19\n|\n|t:|1650220701\n|switch|p1a: Landorus|Landorus-Therian, M|100\/100\n|-ability|p1a: Landorus|Intimidate|boost\n|-unboost|p2a: Heatran|atk|1\n|move|p2a: Heatran|Toxic|p1a: Landorus\n|-status|p1a: Landorus|tox\n|\n|-heal|p2a: Heatran|27\/100|[from] item: Leftovers\n|-damage|p1a: Landorus|95\/100 tox|[from] psn\n|upkeep\n|turn|20\n|\n|t:|1650220708\n|switch|p2a: Rotom|Rotom-Wash|34\/100 brn\n|-damage|p2a: Rotom|22\/100 brn|[from] Stealth Rock\n|move|p1a: Landorus|Swords Dance|p1a: Landorus\n|-boost|p1a: Landorus|atk|2\n|\n|-damage|p1a: Landorus|83\/100 tox|[from] psn\n|-damage|p2a: Rotom|9\/100 brn|[from] brn\n|upkeep\n|turn|21\n|\n|t:|1650220711\n|move|p2a: Rotom|Hydro Pump|p1a: Landorus|[miss]\n|-miss|p2a: Rotom|p1a: Landorus\n|move|p1a: Landorus|Stone Edge|p2a: Rotom\n|-damage|p2a: Rotom|0 fnt\n|faint|p2a: Rotom\n|\n|-damage|p1a: Landorus|65\/100 tox|[from] psn\n|upkeep\n|\n|t:|1650220723\n|switch|p2a: Slowbro|Slowbro, M|96\/100\n|-damage|p2a: Slowbro|83\/100|[from] Stealth Rock\n|turn|22\n|\n|t:|1650220727\n|switch|p2a: Zapdos|Zapdos|100\/100\n|-damage|p2a: Zapdos|75\/100|[from] Stealth Rock\n|-ability|p2a: Zapdos|Pressure\n|move|p1a: Landorus|Earthquake|p2a: Zapdos\n|-immune|p2a: Zapdos\n|\n|-heal|p2a: Zapdos|82\/100|[from] item: Leftovers\n|-damage|p1a: Landorus|41\/100 tox|[from] psn\n|upkeep\n|turn|23\n|\n|t:|1650220745\n|switch|p2a: Slowbro|Slowbro, M|100\/100\n|-damage|p2a: Slowbro|88\/100|[from] Stealth Rock\n|move|p1a: Landorus|Stone Edge|p2a: Slowbro|[miss]\n|-miss|p1a: Landorus|p2a: Slowbro\n|\n|-damage|p1a: Landorus|11\/100 tox|[from] psn\n|upkeep\n|turn|24\n|\n|t:|1650220763\n|switch|p2a: Heatran|Heatran, F|27\/100\n|-damage|p2a: Heatran|14\/100|[from] Stealth Rock\n|move|p1a: Landorus|Earthquake|p2a: Heatran\n|-supereffective|p2a: Heatran\n|-damage|p2a: Heatran|0 fnt\n|faint|p2a: Heatran\n|\n|-damage|p1a: Landorus|0 fnt|[from] psn\n|faint|p1a: Landorus\n|upkeep\n|\n|t:|1650220771\n|switch|p1a: Keldeo|Keldeo|77\/100\n|switch|p2a: Garchomp|Garchomp, F|100\/100\n|-damage|p2a: Garchomp|94\/100|[from] Stealth Rock\n|turn|25\n|\n|t:|1650220779\n|switch|p2a: Slowbro|Slowbro, M|100\/100\n|-damage|p2a: Slowbro|88\/100|[from] Stealth Rock\n|move|p1a: Keldeo|Scald|p2a: Slowbro\n|-resisted|p2a: Slowbro\n|-damage|p2a: Slowbro|64\/100\n|\n|upkeep\n|turn|26\n|\n|t:|1650220801\n|switch|p2a: Garchomp|Garchomp, F|94\/100\n|-damage|p2a: Garchomp|88\/100|[from] Stealth Rock\n|move|p1a: Keldeo|Scald|p2a: Garchomp\n|-damage|p2a: Garchomp|26\/100\n|\n|-heal|p2a: Garchomp|32\/100|[from] item: Leftovers\n|upkeep\n|turn|27\n|\n|t:|1650220803\n|switch|p2a: Slowbro|Slowbro, M|97\/100\n|-damage|p2a: Slowbro|85\/100|[from] Stealth Rock\n|move|p1a: Keldeo|Scald|p2a: Slowbro\n|-resisted|p2a: Slowbro\n|-damage|p2a: Slowbro|59\/100\n|\n|upkeep\n|turn|28\n|\n|t:|1650220806\n|move|p1a: Keldeo|Scald|p2a: Slowbro\n|-resisted|p2a: Slowbro\n|-damage|p2a: Slowbro|37\/100\n|move|p2a: Slowbro|Slack Off|p2a: Slowbro\n|-heal|p2a: Slowbro|87\/100\n|\n|upkeep\n|turn|29\n|\n|t:|1650220811\n|move|p1a: Keldeo|Scald|p2a: Slowbro\n|-resisted|p2a: Slowbro\n|-damage|p2a: Slowbro|64\/100\n|move|p2a: Slowbro|Toxic|p1a: Keldeo|[miss]\n|-miss|p2a: Slowbro|p1a: Keldeo\n|\n|upkeep\n|turn|30\n|\n|t:|1650220815\n|switch|p1a: Mew|Mew, shiny|4\/100 brn\n|move|p2a: Slowbro|Scald|p1a: Mew\n|-damage|p1a: Mew|0 fnt\n|faint|p1a: Mew\n|\n|upkeep\n|\n|t:|1650220824\n|switch|p1a: Scizor|Scizor, M|100\/100\n|turn|31\n|\n|t:|1650220836\n|switch|p2a: Zapdos|Zapdos|82\/100\n|-damage|p2a: Zapdos|57\/100|[from] Stealth Rock\n|-ability|p2a: Zapdos|Pressure\n|detailschange|p1a: Scizor|Scizor-Mega, M\n|-mega|p1a: Scizor|Scizor|Scizorite\n|move|p1a: Scizor|U-turn|p2a: Zapdos\n|-resisted|p2a: Zapdos\n|-damage|p2a: Zapdos|43\/100\n|\n|t:|1650220840\n|switch|p1a: Keldeo|Keldeo|77\/100|[from]move: U-turn\n|\n|-heal|p2a: Zapdos|50\/100|[from] item: Leftovers\n|upkeep\n|turn|32\n|\n|t:|1650220844\n|switch|p2a: Slowbro|Slowbro, M|97\/100\n|-damage|p2a: Slowbro|85\/100|[from] Stealth Rock\n|move|p1a: Keldeo|Scald|p2a: Slowbro\n|-resisted|p2a: Slowbro\n|-damage|p2a: Slowbro|60\/100\n|\n|upkeep\n|turn|33\n|\n|t:|1650220848\n|switch|p1a: Scizor|Scizor-Mega, M|100\/100\n|move|p2a: Slowbro|Scald|p1a: Scizor\n|-damage|p1a: Scizor|79\/100\n|-status|p1a: Scizor|brn\n|\n|-damage|p1a: Scizor|67\/100 brn|[from] brn\n|upkeep\n|turn|34\n|\n|t:|1650220853\n|move|p1a: Scizor|U-turn|p2a: Slowbro\n|-supereffective|p2a: Slowbro\n|-damage|p2a: Slowbro|35\/100\n|\n|t:|1650220855\n|switch|p1a: Tyranitar|Tyranitar, M|100\/100|[from]move: U-turn\n|-weather|Sandstorm|[from] ability: Sand Stream|[of] p1a: Tyranitar\n|move|p2a: Slowbro|Slack Off|p2a: Slowbro\n|-heal|p2a: Slowbro|85\/100\n|\n|-weather|Sandstorm|[upkeep]\n|-damage|p2a: Slowbro|79\/100|[from] Sandstorm\n|upkeep\n|turn|35\n|\n|t:|1650220868\n|-activate|p2a: Slowbro|move: Pursuit\n|move|p1a: Tyranitar|Pursuit|p2a: Slowbro|[from]Pursuit\n|-supereffective|p2a: Slowbro\n|-damage|p2a: Slowbro|13\/100\n|switch|p2a: Zapdos|Zapdos|50\/100\n|-damage|p2a: Zapdos|25\/100|[from] Stealth Rock\n|-ability|p2a: Zapdos|Pressure\n|\n|-weather|Sandstorm|[upkeep]\n|-damage|p2a: Zapdos|18\/100|[from] Sandstorm\n|-heal|p2a: Zapdos|25\/100|[from] item: Leftovers\n|upkeep\n|turn|36\n|\n|t:|1650220876\n|switch|p1a: Keldeo|Keldeo|77\/100\n|move|p2a: Zapdos|Defog|p1a: Keldeo\n|-unboost|p1a: Keldeo|evasion|1\n|-sideend|p2: Ayante|Stealth Rock|[from] move: Defog|[of] p2a: Zapdos\n|\n|-weather|Sandstorm|[upkeep]\n|-damage|p1a: Keldeo|71\/100|[from] Sandstorm\n|-damage|p2a: Zapdos|18\/100|[from] Sandstorm\n|-heal|p2a: Zapdos|25\/100|[from] item: Leftovers\n|upkeep\n|turn|37\n|inactive|Ayante has 270 seconds left.\n|\n|t:|1650220925\n|move|p1a: Keldeo|Scald|p2a: Zapdos\n|-damage|p2a: Zapdos|0 fnt\n|faint|p2a: Zapdos\n|\n|-weather|Sandstorm|[upkeep]\n|-damage|p1a: Keldeo|65\/100|[from] Sandstorm\n|upkeep\n|\n|t:|1650220928\n|switch|p2a: Slowbro|Slowbro, M|46\/100\n|turn|38\n|\n|t:|1650220940\n|switch|p1a: Tyranitar|Tyranitar, M|100\/100\n|move|p2a: Slowbro|Slack Off|p2a: Slowbro\n|-heal|p2a: Slowbro|96\/100\n|\n|-weather|none\n|upkeep\n|turn|39\n|\n|t:|1650220954\n|move|p1a: Tyranitar|Crunch|p2a: Slowbro\n|-supereffective|p2a: Slowbro\n|-damage|p2a: Slowbro|35\/100\n|move|p2a: Slowbro|Scald|p1a: Tyranitar\n|-supereffective|p1a: Tyranitar\n|-damage|p1a: Tyranitar|41\/100\n|\n|upkeep\n|turn|40\n|\n|t:|1650220969\n|switch|p2a: Scizor|Scizor-Mega, M|71\/100\n|move|p1a: Tyranitar|Crunch|p2a: Scizor\n|-damage|p2a: Scizor|41\/100\n|\n|upkeep\n|turn|41\n|inactive|Ayante has 240 seconds left.\n|\n|t:|1650221015\n|move|p1a: Tyranitar|Crunch|p2a: Scizor\n|-damage|p2a: Scizor|13\/100\n|move|p2a: Scizor|Roost|p2a: Scizor\n|-heal|p2a: Scizor|63\/100\n|-singleturn|p2a: Scizor|move: Roost\n|\n|upkeep\n|turn|42\n|\n|t:|1650221026\n|switch|p1a: Keldeo|Keldeo|65\/100\n|move|p2a: Scizor|U-turn|p1a: Keldeo\n|-resisted|p1a: Keldeo\n|-damage|p1a: Keldeo|41\/100\n|\n|t:|1650221027\n|switch|p2a: Slowbro|Slowbro, M|68\/100|[from]move: U-turn\n|\n|upkeep\n|turn|43\n|\n|t:|1650221033\n|move|p1a: Keldeo|Hydro Pump|p2a: Slowbro\n|-resisted|p2a: Slowbro\n|-crit|p2a: Slowbro\n|-damage|p2a: Slowbro|23\/100\n|move|p2a: Slowbro|Scald|p1a: Keldeo\n|-resisted|p1a: Keldeo\n|-damage|p1a: Keldeo|25\/100\n|\n|upkeep\n|turn|44\n|inactive|Ayante has 240 seconds left.\n|\n|t:|1650221042\n|switch|p2a: Garchomp|Garchomp, F|32\/100\n|move|p1a: Keldeo|Hydro Pump|p2a: Garchomp\n|-damage|p2a: Garchomp|0 fnt\n|faint|p2a: Garchomp\n|\n|upkeep\n|\n|t:|1650221045\n|switch|p2a: Slowbro|Slowbro, M|57\/100\n|turn|45\n|\n|t:|1650221051\n|move|p1a: Keldeo|Hydro Pump|p2a: Slowbro\n|-resisted|p2a: Slowbro\n|-damage|p2a: Slowbro|22\/100\n|move|p2a: Slowbro|Slack Off|p2a: Slowbro\n|-heal|p2a: Slowbro|72\/100\n|\n|upkeep\n|turn|46\n|\n|t:|1650221055\n|switch|p1a: Tyranitar|Tyranitar, M|41\/100\n|-weather|Sandstorm|[from] ability: Sand Stream|[of] p1a: Tyranitar\n|move|p2a: Slowbro|Slack Off|p2a: Slowbro\n|-heal|p2a: Slowbro|100\/100\n|\n|-weather|Sandstorm|[upkeep]\n|-damage|p2a: Slowbro|94\/100|[from] Sandstorm\n|upkeep\n|turn|47\n|\n|t:|1650221061\n|move|p1a: Tyranitar|Crunch|p2a: Slowbro\n|-supereffective|p2a: Slowbro\n|-damage|p2a: Slowbro|33\/100\n|move|p2a: Slowbro|Scald|p1a: Tyranitar\n|-supereffective|p1a: Tyranitar\n|-damage|p1a: Tyranitar|5\/100\n|\n|-weather|Sandstorm|[upkeep]\n|-damage|p2a: Slowbro|27\/100|[from] Sandstorm\n|upkeep\n|turn|48\n|\n|t:|1650221073\n|move|p1a: Tyranitar|Crunch|p2a: Slowbro\n|-supereffective|p2a: Slowbro\n|-damage|p2a: Slowbro|0 fnt\n|faint|p2a: Slowbro\n|\n|-weather|Sandstorm|[upkeep]\n|upkeep\n|\n|t:|1650221074\n|switch|p2a: Scizor|Scizor-Mega, M|63\/100\n|turn|49\n|\n|t:|1650221081\n|move|p1a: Tyranitar|Crunch|p2a: Scizor\n|-damage|p2a: Scizor|35\/100\n|move|p2a: Scizor|Roost|p2a: Scizor\n|-heal|p2a: Scizor|85\/100\n|-singleturn|p2a: Scizor|move: Roost\n|\n|-weather|Sandstorm|[upkeep]\n|upkeep\n|turn|50\n|\n|t:|1650221083\n|move|p1a: Tyranitar|Crunch|p2a: Scizor\n|-damage|p2a: Scizor|58\/100\n|-unboost|p2a: Scizor|def|1\n|move|p2a: Scizor|Swords Dance|p2a: Scizor\n|-boost|p2a: Scizor|atk|2\n|\n|-weather|none\n|upkeep\n|turn|51\n|\n|t:|1650221089\n|move|p2a: Scizor|Bullet Punch|p1a: Tyranitar\n|-supereffective|p1a: Tyranitar\n|-damage|p1a: Tyranitar|0 fnt\n|faint|p1a: Tyranitar\n|\n|upkeep\n|\n|t:|1650221091\n|switch|p1a: Keldeo|Keldeo|25\/100\n|turn|52\n|\n|t:|1650221094\n|move|p2a: Scizor|Bullet Punch|p1a: Keldeo\n|-resisted|p1a: Keldeo\n|-damage|p1a: Keldeo|0 fnt\n|faint|p1a: Keldeo\n|\n|upkeep\n|\n|t:|1650221096\n|switch|p1a: Scizor|Scizor-Mega, M|67\/100 brn\n|turn|53\n|\n|t:|1650221098\n|move|p2a: Scizor|Roost|p2a: Scizor\n|-heal|p2a: Scizor|100\/100\n|-singleturn|p2a: Scizor|move: Roost\n|move|p1a: Scizor|Roost|p1a: Scizor\n|-heal|p1a: Scizor|100\/100 brn\n|-singleturn|p1a: Scizor|move: Roost\n|\n|-damage|p1a: Scizor|88\/100 brn|[from] brn\n|upkeep\n|turn|54\n|\n|t:|1650221100\n|move|p2a: Scizor|Swords Dance|p2a: Scizor\n|-boost|p2a: Scizor|atk|2\n|move|p1a: Scizor|Swords Dance|p1a: Scizor\n|-boost|p1a: Scizor|atk|2\n|\n|-damage|p1a: Scizor|76\/100 brn|[from] brn\n|upkeep\n|turn|55\n|c|+egalvanc|nice ayante bro\n|\n|t:|1650221102\n|move|p2a: Scizor|Swords Dance|p2a: Scizor\n|-boost|p2a: Scizor|atk|2\n|move|p1a: Scizor|Swords Dance|p1a: Scizor\n|-boost|p1a: Scizor|atk|2\n|\n|-damage|p1a: Scizor|64\/100 brn|[from] brn\n|upkeep\n|turn|56\n|\n|t:|1650221104\n|move|p2a: Scizor|Bullet Punch|p1a: Scizor\n|-resisted|p1a: Scizor\n|-damage|p1a: Scizor|16\/100 brn\n|move|p1a: Scizor|Swords Dance|p1a: Scizor\n|-boost|p1a: Scizor|atk|2\n|\n|-damage|p1a: Scizor|4\/100 brn|[from] brn\n|upkeep\n|turn|57\n|\n|t:|1650221106\n|move|p2a: Scizor|Bullet Punch|p1a: Scizor\n|-resisted|p1a: Scizor\n|-damage|p1a: Scizor|0 fnt\n|faint|p1a: Scizor\n|\n|win|Ayante\n","uploadtime":1650221107,"views":28,"p1id":"4ndre4","p2id":"ayante","formatid":"gen6ou","rating":0,"private":0,"password":null}