{"id":"smogtours-gen6ou-592632","p1":"lonietzzz","p2":"Shiox","format":"gen6ou","log":"|inactive|Battle timer is ON: inactive players will automatically lose when time's up.\n|t:|1636758553\n|gametype|singles\n|player|p1|lonietzzz|pokemonbreederf|\n|player|p2|Shiox|will-gen2|\n|teamsize|p1|6\n|teamsize|p2|6\n|gen|6\n|tier|[Gen 6] OU\n|rule|Sleep Clause Mod: Limit one foe put to sleep\n|rule|Species Clause: Limit one of each Pok\u00e9mon\n|rule|OHKO Clause: OHKO moves are banned\n|rule|Moody Clause: Moody is banned\n|rule|Evasion Moves Clause: Evasion moves are banned\n|rule|Endless Battle Clause: Forcing endless battles is banned\n|rule|HP Percentage Mod: HP is shown in percentages\n|rule|Swagger Clause: Swagger is banned\n|clearpoke\n|poke|p1|Slowbro, M|item\n|poke|p1|Landorus-Therian, M|item\n|poke|p1|Heatran, M|item\n|poke|p1|Lopunny, F|item\n|poke|p1|Latias, F|item\n|poke|p1|Clefable, F|item\n|poke|p2|Shuckle, M|item\n|poke|p2|Scizor, M|item\n|poke|p2|Bisharp, M|item\n|poke|p2|Manaphy|item\n|poke|p2|Thundurus-Therian, M|item\n|poke|p2|Gengar, M|item\n|teampreview\n|c|\u2606Shiox|glgl\n|c|\u2606lonietzzz|glhf\n|c|\u2606Shiox|this is my first time I signed up here lets go round 1 lose\n|c|\u2606Shiox|xD\n|\n|t:|1636758580\n|start\n|switch|p1a: Latias|Latias, F|100\/100\n|switch|p2a: Shuckle|Shuckle, M|100\/100\n|turn|1\n|\n|t:|1636758589\n|move|p1a: Latias|Trick|p2a: Shuckle\n|-activate|p1a: Latias|move: Trick|[of] p2a: Shuckle\n|-item|p2a: Shuckle|Choice Scarf|[from] move: Trick\n|-item|p1a: Latias|Red Card|[from] move: Trick\n|move|p2a: Shuckle|Stealth Rock|p1a: Latias\n|-sidestart|p1: lonietzzz|move: Stealth Rock\n|\n|upkeep\n|turn|2\n|inactive|lonietzzz has 270 seconds left.\n|inactive|Shiox has 270 seconds left.\n|inactive|Shiox has 240 seconds left.\n|\n|t:|1636758650\n|switch|p1a: Lopunny|Lopunny, F|100\/100\n|-damage|p1a: Lopunny|88\/100|[from] Stealth Rock\n|switch|p2a: Bisharp|Bisharp, M|100\/100\n|\n|upkeep\n|turn|3\n|\n|t:|1636758657\n|switch|p2a: Shuckle|Shuckle, M|100\/100\n|detailschange|p1a: Lopunny|Lopunny-Mega, F\n|-mega|p1a: Lopunny|Lopunny|Lopunnite\n|move|p1a: Lopunny|High Jump Kick|p2a: Shuckle\n|-damage|p2a: Shuckle|59\/100\n|\n|upkeep\n|turn|4\n|inactive|lonietzzz has 240 seconds left.\n|\n|t:|1636758707\n|switch|p1a: Heatran|Heatran, M|100\/100\n|-damage|p1a: Heatran|88\/100|[from] Stealth Rock\n|move|p2a: Shuckle|Sticky Web|p1a: Heatran\n|-sidestart|p1: lonietzzz|move: Sticky Web\n|\n|-heal|p1a: Heatran|94\/100|[from] item: Leftovers\n|upkeep\n|turn|5\n|inactive|lonietzzz has 210 seconds left.\n|inactive|Shiox has 240 seconds left.\n|\n|t:|1636758739\n|switch|p2a: Manaphy|Manaphy|100\/100\n|move|p1a: Heatran|Toxic|p2a: Manaphy\n|-status|p2a: Manaphy|tox\n|\n|-heal|p1a: Heatran|100\/100|[from] item: Leftovers\n|-damage|p2a: Manaphy|94\/100 tox|[from] psn\n|upkeep\n|turn|6\n|\n|t:|1636758756\n|switch|p1a: Lopunny|Lopunny-Mega, F|88\/100\n|-activate|p1a: Lopunny|move: Sticky Web\n|-unboost|p1a: Lopunny|spe|1\n|-damage|p1a: Lopunny|82\/100|[from] Stealth Rock\n|move|p2a: Manaphy|Rain Dance|p2a: Manaphy\n|-weather|RainDance\n|\n|-weather|RainDance|[upkeep]\n|-activate|p2a: Manaphy|ability: Hydration\n|-curestatus|p2a: Manaphy|tox|[msg]\n|-heal|p2a: Manaphy|100\/100|[from] item: Leftovers\n|upkeep\n|turn|7\n|\n|t:|1636758777\n|switch|p2a: Shuckle|Shuckle, M|59\/100\n|move|p1a: Lopunny|Fake Out|p2a: Shuckle\n|-resisted|p2a: Shuckle\n|-damage|p2a: Shuckle|53\/100\n|\n|-weather|RainDance|[upkeep]\n|upkeep\n|turn|8\n|inactive|lonietzzz has 180 seconds left.\n|\n|t:|1636758802\n|switch|p1a: Latias|Latias, F|100\/100\n|-damage|p1a: Latias|88\/100|[from] Stealth Rock\n|move|p2a: Shuckle|Final Gambit|p1a: Latias\n|-damage|p1a: Latias|46\/100\n|faint|p2a: Shuckle\n|\n|-weather|RainDance|[upkeep]\n|upkeep\n|\n|t:|1636758811\n|switch|p2a: Gengar|Gengar, M|100\/100\n|turn|9\n|inactive|lonietzzz has 180 seconds left.\n|\n|t:|1636758822\n|move|p2a: Gengar|Shadow Ball|p1a: Latias\n|-supereffective|p1a: Latias\n|-damage|p1a: Latias|0 fnt\n|faint|p1a: Latias\n|\n|-weather|RainDance|[upkeep]\n|upkeep\n|\n|t:|1636758826\n|switch|p1a: Lopunny|Lopunny-Mega, F|82\/100\n|-activate|p1a: Lopunny|move: Sticky Web\n|-unboost|p1a: Lopunny|spe|1\n|-damage|p1a: Lopunny|77\/100|[from] Stealth Rock\n|turn|10\n|inactive|lonietzzz has 180 seconds left.\n|inactive|Shiox has 270 seconds left.\n|\n|t:|1636758852\n|switch|p2a: Scizor|Scizor, M|100\/100\n|move|p1a: Lopunny|High Jump Kick|p2a: Scizor|[miss]\n|-miss|p1a: Lopunny|p2a: Scizor\n|-damage|p1a: Lopunny|27\/100|[from] highjumpkick\n|\n|-weather|none\n|upkeep\n|turn|11\n|inactive|lonietzzz has 180 seconds left.\n|inactive|Shiox has 270 seconds left.\n|\n|t:|1636758862\n|switch|p1a: Landorus|Landorus-Therian, M|100\/100\n|-damage|p1a: Landorus|88\/100|[from] Stealth Rock\n|-ability|p1a: Landorus|Intimidate|boost\n|-unboost|p2a: Scizor|atk|1\n|detailschange|p2a: Scizor|Scizor-Mega, M\n|-mega|p2a: Scizor|Scizor|Scizorite\n|move|p2a: Scizor|Bullet Punch|p1a: Landorus\n|-damage|p1a: Landorus|71\/100\n|-damage|p2a: Scizor|84\/100|[from] item: Rocky Helmet|[of] p1a: Landorus\n|\n|upkeep\n|turn|12\n|\n|t:|1636758869\n|move|p2a: Scizor|Swords Dance|p2a: Scizor\n|-boost|p2a: Scizor|atk|2\n|move|p1a: Landorus|Stealth Rock|p2a: Scizor\n|-sidestart|p2: Shiox|move: Stealth Rock\n|\n|upkeep\n|turn|13\n|inactive|Shiox has 270 seconds left.\n|\n|t:|1636758888\n|switch|p1a: Heatran|Heatran, M|100\/100\n|-activate|p1a: Heatran|move: Sticky Web\n|-unboost|p1a: Heatran|spe|1\n|-damage|p1a: Heatran|88\/100|[from] Stealth Rock\n|move|p2a: Scizor|Bullet Punch|p1a: Heatran\n|-resisted|p1a: Heatran\n|-damage|p1a: Heatran|75\/100\n|\n|-heal|p1a: Heatran|82\/100|[from] item: Leftovers\n|upkeep\n|turn|14\n|\n|t:|1636758893\n|switch|p1a: Landorus|Landorus-Therian, M|71\/100\n|-damage|p1a: Landorus|59\/100|[from] Stealth Rock\n|-ability|p1a: Landorus|Intimidate|boost\n|-unboost|p2a: Scizor|atk|1\n|move|p2a: Scizor|Superpower|p1a: Landorus\n|-resisted|p1a: Landorus\n|-damage|p1a: Landorus|40\/100\n|-unboost|p2a: Scizor|atk|1\n|-unboost|p2a: Scizor|def|1\n|-damage|p2a: Scizor|68\/100|[from] item: Rocky Helmet|[of] p1a: Landorus\n|\n|upkeep\n|turn|15\n|\n|t:|1636758897\n|move|p2a: Scizor|Bullet Punch|p1a: Landorus\n|-damage|p1a: Landorus|21\/100\n|-damage|p2a: Scizor|51\/100|[from] item: Rocky Helmet|[of] p1a: Landorus\n|move|p1a: Landorus|Earthquake|p2a: Scizor\n|-damage|p2a: Scizor|0 fnt\n|faint|p2a: Scizor\n|\n|upkeep\n|inactive|Shiox has 270 seconds left.\n|inactive|Shiox has 240 seconds left.\n|\n|t:|1636758956\n|switch|p2a: Bisharp|Bisharp, M|100\/100\n|-damage|p2a: Bisharp|95\/100|[from] Stealth Rock\n|turn|16\n|inactive|lonietzzz has 210 seconds left.\n|\n|t:|1636758968\n|move|p2a: Bisharp|Knock Off|p1a: Landorus\n|-damage|p1a: Landorus|0 fnt\n|-damage|p2a: Bisharp|78\/100|[from] item: Rocky Helmet|[of] p1a: Landorus\n|-enditem|p1a: Landorus|Rocky Helmet|[from] move: Knock Off|[of] p2a: Bisharp\n|faint|p1a: Landorus\n|-damage|p2a: Bisharp|68\/100|[from] item: Life Orb\n|\n|upkeep\n|inactive|lonietzzz has 210 seconds left.\n|\n|t:|1636758975\n|switch|p1a: Heatran|Heatran, M|82\/100\n|-activate|p1a: Heatran|move: Sticky Web\n|-unboost|p1a: Heatran|spe|1\n|-damage|p1a: Heatran|69\/100|[from] Stealth Rock\n|turn|17\n|\n|t:|1636758981\n|move|p2a: Bisharp|Knock Off|p1a: Heatran\n|-damage|p1a: Heatran|19\/100\n|-enditem|p1a: Heatran|Leftovers|[from] move: Knock Off|[of] p2a: Bisharp\n|-damage|p2a: Bisharp|58\/100|[from] item: Life Orb\n|move|p1a: Heatran|Magma Storm|p2a: Bisharp|[miss]\n|-miss|p1a: Heatran|p2a: Bisharp\n|\n|upkeep\n|turn|18\n|inactive|lonietzzz has 210 seconds left.\n|\n|t:|1636759021\n|move|p2a: Bisharp|Knock Off|p1a: Heatran\n|-damage|p1a: Heatran|0 fnt\n|faint|p1a: Heatran\n|-damage|p2a: Bisharp|48\/100|[from] item: Life Orb\n|\n|upkeep\n|\n|t:|1636759026\n|switch|p1a: Slowbro|Slowbro, M|100\/100\n|-activate|p1a: Slowbro|move: Sticky Web\n|-unboost|p1a: Slowbro|spe|1\n|-damage|p1a: Slowbro|88\/100|[from] Stealth Rock\n|turn|19\n|inactive|Shiox has 270 seconds left.\n|\n|t:|1636759053\n|move|p2a: Bisharp|Knock Off|p1a: Slowbro\n|-supereffective|p1a: Slowbro\n|-damage|p1a: Slowbro|14\/100\n|-enditem|p1a: Slowbro|Leftovers|[from] move: Knock Off|[of] p2a: Bisharp\n|-damage|p2a: Bisharp|38\/100|[from] item: Life Orb\n|move|p1a: Slowbro|Scald|p2a: Bisharp\n|-damage|p2a: Bisharp|0 fnt\n|faint|p2a: Bisharp\n|\n|upkeep\n|\n|t:|1636759067\n|switch|p2a: Thundurus|Thundurus-Therian, M|100\/100\n|-damage|p2a: Thundurus|76\/100|[from] Stealth Rock\n|turn|20\n|inactive|lonietzzz has 210 seconds left.\n|\n|t:|1636759072\n|move|p2a: Thundurus|Thunderbolt|p1a: Slowbro\n|-supereffective|p1a: Slowbro\n|-damage|p1a: Slowbro|0 fnt\n|faint|p1a: Slowbro\n|\n|upkeep\n|inactive|lonietzzz has 210 seconds left.\n|\n|t:|1636759090\n|switch|p1a: Clefable|Clefable, F|100\/100\n|-activate|p1a: Clefable|move: Sticky Web\n|-unboost|p1a: Clefable|spe|1\n|turn|21\n|\n|t:|1636759093\n|move|p2a: Thundurus|Nasty Plot|p2a: Thundurus\n|-boost|p2a: Thundurus|spa|2\n|move|p1a: Clefable|Calm Mind|p1a: Clefable\n|-boost|p1a: Clefable|spa|1\n|-boost|p1a: Clefable|spd|1\n|\n|upkeep\n|turn|22\n|\n|t:|1636759097\n|move|p2a: Thundurus|Thunderbolt|p1a: Clefable\n|-damage|p1a: Clefable|30\/100\n|move|p1a: Clefable|Moonblast|p2a: Thundurus\n|-damage|p2a: Thundurus|0 fnt\n|faint|p2a: Thundurus\n|\n|upkeep\n|inactive|Shiox has 270 seconds left.\n|\n|t:|1636759128\n|switch|p2a: Manaphy|Manaphy|100\/100\n|-damage|p2a: Manaphy|88\/100|[from] Stealth Rock\n|turn|23\n|inactive|Shiox has 270 seconds left.\n|\n|t:|1636759144\n|move|p2a: Manaphy|Tail Glow|p2a: Manaphy\n|-boost|p2a: Manaphy|spa|3\n|move|p1a: Clefable|Thunderbolt|p2a: Manaphy\n|-supereffective|p2a: Manaphy\n|-damage|p2a: Manaphy|22\/100\n|\n|-heal|p2a: Manaphy|28\/100|[from] item: Leftovers\n|upkeep\n|turn|24\n|\n|t:|1636759149\n|move|p2a: Manaphy|Surf|p1a: Clefable\n|-damage|p1a: Clefable|0 fnt\n|faint|p1a: Clefable\n|\n|-heal|p2a: Manaphy|34\/100|[from] item: Leftovers\n|upkeep\n|\n|t:|1636759151\n|switch|p1a: Lopunny|Lopunny-Mega, F|27\/100\n|-activate|p1a: Lopunny|move: Sticky Web\n|-unboost|p1a: Lopunny|spe|1\n|-damage|p1a: Lopunny|21\/100|[from] Stealth Rock\n|turn|25\n|inactive|Shiox has 270 seconds left.\n|\n|t:|1636759167\n|switch|p2a: Gengar|Gengar, M|100\/100\n|-damage|p2a: Gengar|88\/100|[from] Stealth Rock\n|move|p1a: Lopunny|Fake Out|p2a: Gengar\n|-damage|p2a: Gengar|46\/100\n|\n|upkeep\n|turn|26\n|\n|t:|1636759172\n|move|p1a: Lopunny|Quick Attack|p2a: Gengar\n|-crit|p2a: Gengar\n|-damage|p2a: Gengar|0 fnt\n|faint|p2a: Gengar\n|\n|upkeep\n|\n|t:|1636759174\n|switch|p2a: Manaphy|Manaphy|34\/100\n|-damage|p2a: Manaphy|22\/100|[from] Stealth Rock\n|turn|27\n|\n|t:|1636759177\n|move|p1a: Lopunny|Quick Attack|p2a: Manaphy\n|-damage|p2a: Manaphy|2\/100\n|move|p2a: Manaphy|Surf|p1a: Lopunny\n|-damage|p1a: Lopunny|0 fnt\n|faint|p1a: Lopunny\n|\n|win|Shiox\n","uploadtime":1636759178,"views":47,"p1id":"lonietzzz","p2id":"shiox","formatid":"gen6ou","rating":0,"private":0,"password":null}