{"id":"smogtours-gen7ubers-561870","p1":"plat27","p2":"gostop","format":"gen7ubers","log":"|inactive|Battle timer is ON: inactive players will automatically lose when time's up.\n|t:|1621781448\n|gametype|singles\n|player|p1|plat27|zinnia|\n|player|p2|gostop|hugh|\n|teamsize|p1|6\n|teamsize|p2|6\n|gen|7\n|tier|[Gen 7] Ubers\n|rule|Sleep Clause Mod: Limit one foe put to sleep\n|rule|Species Clause: Limit one of each Pok\u00e9mon\n|rule|OHKO Clause: OHKO moves are banned\n|rule|Moody Clause: Moody is banned\n|rule|Evasion Moves Clause: Evasion moves are banned\n|rule|Endless Battle Clause: Forcing endless battles is banned\n|rule|HP Percentage Mod: HP is shown in percentages\n|rule|Mega Rayquaza Clause: You cannot mega evolve Rayquaza\n|clearpoke\n|poke|p1|Arceus-*|item\n|poke|p1|Ferrothorn, F|item\n|poke|p1|Giratina-Origin|item\n|poke|p1|Xerneas|item\n|poke|p1|Necrozma-Dusk-Mane|item\n|poke|p1|Yveltal|item\n|poke|p2|Groudon|item\n|poke|p2|Arceus-*|item\n|poke|p2|Marshadow|item\n|poke|p2|Zygarde|item\n|poke|p2|Necrozma-Dusk-Mane|item\n|poke|p2|Ho-Oh|item\n|teampreview\n|c|\u2606plat27|hf\n|c|\u2606gostop|gl\n|inactive|plat27 has 270 seconds left.\n|inactive|gostop has 270 seconds left.\n|\n|t:|1621781503\n|start\n|switch|p1a: Yveltal|Yveltal|100\/100\n|switch|p2a: Ho-Oh|Ho-Oh|100\/100\n|-ability|p1a: Yveltal|Dark Aura\n|turn|1\n|c|+Lasen|Will he go or will he stop\n|\n|t:|1621781521\n|move|p1a: Yveltal|Knock Off|p2a: Ho-Oh\n|-damage|p2a: Ho-Oh|22\/100\n|-enditem|p2a: Ho-Oh|Leftovers|[from] move: Knock Off|[of] p1a: Yveltal\n|move|p2a: Ho-Oh|Sacred Fire|p1a: Yveltal\n|-damage|p1a: Yveltal|65\/100\n|\n|upkeep\n|turn|2\n|c|+Lasen|Is plat lazy or just bread\n|c|+Paradise Seeker|'Let's show them what we can do'\n|inactive|gostop has 270 seconds left.\n|c|+steel skitty|GO STOP\n|c|%Lunala|wdym jackie\n|inactive|gostop has 240 seconds left.\n|c|%Lunala|its either go or stop\n|c|%Lunala|how can you do both\n|c|+steel skitty|no its both\n|c|+Holymolycrabby|Plat goat\n|inactive|gostop has 210 seconds left.\n|\n|t:|1621781607\n|switch|p2a: Groudon|Groudon|100\/100\n|detailschange|p2a: Groudon|Groudon-Primal\n|-primal|p2a: Groudon\n|-weather|DesolateLand|[from] ability: Desolate Land|[of] p2a: Groudon\n|move|p1a: Yveltal|Toxic|p2a: Groudon\n|-status|p2a: Groudon|tox\n|\n|-weather|DesolateLand|[upkeep]\n|-damage|p2a: Groudon|94\/100 tox|[from] psn\n|upkeep\n|turn|3\n|inactive|gostop has 210 seconds left.\n|\n|t:|1621781626\n|switch|p1a: Giratina|Giratina-Origin|100\/100\n|move|p2a: Groudon|Stealth Rock|p1a: Giratina\n|-sidestart|p1: plat27|move: Stealth Rock\n|\n|-weather|DesolateLand|[upkeep]\n|-damage|p2a: Groudon|82\/100 tox|[from] psn\n|upkeep\n|turn|4\n|inactive|gostop has 210 seconds left.\n|\n|t:|1621781661\n|-weather|none\n|switch|p2a: Ho-Oh|Ho-Oh|56\/100\n|move|p1a: Giratina|Defog|p2a: Ho-Oh\n|-unboost|p2a: Ho-Oh|evasion|1\n|-sideend|p1: plat27|Stealth Rock|[from] move: Defog|[of] p1a: Giratina\n|\n|upkeep\n|turn|5\n|\n|t:|1621781671\n|move|p2a: Ho-Oh|Substitute|p2a: Ho-Oh\n|-start|p2a: Ho-Oh|Substitute\n|-damage|p2a: Ho-Oh|31\/100\n|move|p1a: Giratina|Toxic||[still]\n|-fail|p1a: Giratina\n|\n|upkeep\n|turn|6\n|\n|t:|1621781682\n|switch|p1a: Arceus|Arceus-Water|100\/100\n|move|p2a: Ho-Oh|Toxic|p1a: Arceus\n|-status|p1a: Arceus|tox\n|\n|-damage|p1a: Arceus|94\/100 tox|[from] psn\n|upkeep\n|turn|7\n|inactive|gostop has 180 seconds left.\n|\n|t:|1621781715\n|switch|p2a: Groudon|Groudon-Primal|82\/100 tox\n|-weather|DesolateLand|[from] ability: Desolate Land|[of] p2a: Groudon\n|move|p1a: Arceus|Judgment||[still]\n|-fail|p1a: Arceus|Judgment|[from] Desolate Land\n|\n|-weather|DesolateLand|[upkeep]\n|-damage|p1a: Arceus|82\/100 tox|[from] psn\n|-damage|p2a: Groudon|76\/100 tox|[from] psn\n|upkeep\n|turn|8\n|\n|t:|1621781728\n|switch|p1a: Giratina|Giratina-Origin|100\/100\n|move|p2a: Groudon|Stealth Rock|p1a: Giratina\n|-sidestart|p1: plat27|move: Stealth Rock\n|\n|-weather|DesolateLand|[upkeep]\n|-damage|p2a: Groudon|63\/100 tox|[from] psn\n|upkeep\n|turn|9\n|\n|t:|1621781741\n|-weather|none\n|switch|p2a: Marshadow|Marshadow|100\/100\n|move|p1a: Giratina|Defog|p2a: Marshadow\n|-unboost|p2a: Marshadow|evasion|1\n|-sideend|p1: plat27|Stealth Rock|[from] move: Defog|[of] p1a: Giratina\n|\n|upkeep\n|turn|10\n|\n|t:|1621781763\n|switch|p1a: Xerneas|Xerneas|100\/100\n|-ability|p1a: Xerneas|Fairy Aura\n|move|p2a: Marshadow|Spectral Thief|p1a: Xerneas\n|-damage|p1a: Xerneas|52\/100\n|-damage|p2a: Marshadow|91\/100|[from] item: Life Orb\n|\n|upkeep\n|turn|11\n|inactive|gostop has 150 seconds left.\n|\n|t:|1621781812\n|switch|p2a: Ho-Oh|Ho-Oh|64\/100\n|move|p1a: Xerneas|Aromatherapy|p1a: Xerneas\n|-activate|p1a: Xerneas|move: Aromatherapy\n|-curestatus|p1: Arceus|tox|[msg]\n|\n|upkeep\n|turn|12\n|inactive|gostop has 120 seconds left.\n|inactive|plat27 has 270 seconds left.\n|\n|t:|1621781841\n|switch|p1a: Necrozma|Necrozma-Dusk-Mane|100\/100\n|move|p2a: Ho-Oh|Toxic|p1a: Necrozma\n|-immune|p1a: Necrozma\n|\n|upkeep\n|turn|13\n|inactive|gostop has 120 seconds left.\n|\n|t:|1621781854\n|switch|p2a: Zygarde|Zygarde|100\/100\n|move|p1a: Necrozma|Stealth Rock|p2a: Zygarde\n|-sidestart|p2: gostop|move: Stealth Rock\n|\n|upkeep\n|turn|14\n|inactive|gostop has 120 seconds left.\n|\n|t:|1621781874\n|switch|p1a: Arceus|Arceus-Water|82\/100\n|move|p2a: Zygarde|Glare|p1a: Arceus\n|-status|p1a: Arceus|par\n|\n|upkeep\n|turn|15\n|inactive|gostop has 120 seconds left.\n|inactive|gostop has 90 seconds left.\n|\n|t:|1621781916\n|move|p2a: Zygarde|Substitute|p2a: Zygarde\n|-start|p2a: Zygarde|Substitute\n|-damage|p2a: Zygarde|76\/100\n|move|p1a: Arceus|Judgment|p2a: Zygarde\n|-end|p2a: Zygarde|Substitute\n|\n|-heal|p2a: Zygarde|82\/100|[from] item: Leftovers\n|upkeep\n|turn|16\n|inactive|gostop has 90 seconds left.\n|\n|t:|1621781927\n|switch|p2a: Groudon|Groudon-Primal|63\/100 tox\n|-damage|p2a: Groudon|51\/100 tox|[from] Stealth Rock\n|-weather|DesolateLand|[from] ability: Desolate Land|[of] p2a: Groudon\n|move|p1a: Arceus|Ice Beam|p2a: Groudon\n|-damage|p2a: Groudon|34\/100 tox\n|\n|-weather|DesolateLand|[upkeep]\n|-damage|p2a: Groudon|28\/100 tox|[from] psn\n|upkeep\n|turn|17\n|inactive|gostop has 90 seconds left.\n|\n|t:|1621781939\n|switch|p1a: Giratina|Giratina-Origin|100\/100\n|move|p2a: Groudon|Stealth Rock|p1a: Giratina\n|-sidestart|p1: plat27|move: Stealth Rock\n|\n|-weather|DesolateLand|[upkeep]\n|-damage|p2a: Groudon|15\/100 tox|[from] psn\n|upkeep\n|turn|18\n|inactive|gostop has 90 seconds left.\n|\n|t:|1621781972\n|move|p1a: Giratina|Hex|p2a: Groudon\n|-damage|p2a: Groudon|0 fnt\n|faint|p2a: Groudon\n|-weather|none\n|\n|upkeep\n|\n|t:|1621781976\n|switch|p2a: Marshadow|Marshadow|91\/100\n|-damage|p2a: Marshadow|84\/100|[from] Stealth Rock\n|turn|19\n|inactive|plat27 has 270 seconds left.\n|\n|t:|1621782013\n|move|p2a: Marshadow|Spectral Thief|p1a: Giratina\n|-supereffective|p1a: Giratina\n|-damage|p1a: Giratina|35\/100\n|-damage|p2a: Marshadow|74\/100|[from] item: Life Orb\n|move|p1a: Giratina|Hex|p2a: Marshadow\n|-supereffective|p2a: Marshadow\n|-damage|p2a: Marshadow|0 fnt\n|faint|p2a: Marshadow\n|\n|upkeep\n|inactive|gostop has 60 seconds left.\n|\n|t:|1621782053\n|switch|p2a: Necrozma|Necrozma-Dusk-Mane|100\/100\n|-damage|p2a: Necrozma|95\/100|[from] Stealth Rock\n|turn|20\n|inactive|plat27 has 270 seconds left.\n|inactive|plat27 has 240 seconds left.\n|inactive|gostop has 30 seconds left.\n|\n|t:|1621782136\n|switch|p1a: Ferrothorn|Ferrothorn, F|100\/100\n|-damage|p1a: Ferrothorn|94\/100|[from] Stealth Rock\n|move|p2a: Necrozma|Dragon Pulse|p1a: Ferrothorn\n|-resisted|p1a: Ferrothorn\n|-damage|p1a: Ferrothorn|86\/100\n|\n|-heal|p1a: Ferrothorn|92\/100|[from] item: Leftovers\n|upkeep\n|turn|21\n|inactive|gostop has 30 seconds left.\n|inactive|plat27 has 210 seconds left.\n|inactive|gostop has 20 seconds left.\n|inactive|gostop has 15 seconds left.\n|\n|t:|1621782170\n|switch|p1a: Giratina|Giratina-Origin|35\/100\n|-damage|p1a: Giratina|23\/100|[from] Stealth Rock\n|detailschange|p2a: Necrozma|Necrozma-Ultra\n|-burst|p2a: Necrozma|Necrozma|Ultranecrozium Z\n|move|p2a: Necrozma|Heat Wave|p1a: Giratina\n|-resisted|p1a: Giratina\n|-crit|p1a: Giratina\n|-damage|p1a: Giratina|2\/100\n|-status|p1a: Giratina|brn\n|\n|-damage|p1a: Giratina|0 fnt|[from] brn\n|faint|p1a: Giratina\n|upkeep\n|inactive|gostop has 20 seconds left this turn.\n|\n|t:|1621782177\n|switch|p1a: Xerneas|Xerneas|52\/100\n|-damage|p1a: Xerneas|39\/100|[from] Stealth Rock\n|-ability|p1a: Xerneas|Fairy Aura\n|turn|22\n|inactive|gostop has 30 seconds left this turn.\n|inactive|gostop has 20 seconds left.\n|inactive|gostop has 15 seconds left.\n|\n|t:|1621782193\n|switch|p2a: Ho-Oh|Ho-Oh|97\/100\n|-damage|p2a: Ho-Oh|47\/100|[from] Stealth Rock\n|move|p1a: Xerneas|Moonblast|p2a: Ho-Oh\n|-resisted|p2a: Ho-Oh\n|-damage|p2a: Ho-Oh|28\/100\n|\n|upkeep\n|turn|23\n|inactive|gostop has 25 seconds left this turn.\n|inactive|plat27 has 210 seconds left.\n|inactive|gostop has 20 seconds left.\n|\n|t:|1621782204\n|switch|p1a: Yveltal|Yveltal|65\/100\n|-damage|p1a: Yveltal|40\/100|[from] Stealth Rock\n|-ability|p1a: Yveltal|Dark Aura\n|move|p2a: Ho-Oh|Sacred Fire|p1a: Yveltal|[miss]\n|-miss|p2a: Ho-Oh|p1a: Yveltal\n|\n|upkeep\n|turn|24\n|inactive|gostop has 30 seconds left this turn.\n|inactive|gostop has 20 seconds left.\n|\n|t:|1621782215\n|move|p1a: Yveltal|Knock Off|p2a: Ho-Oh\n|-damage|p2a: Ho-Oh|0 fnt\n|faint|p2a: Ho-Oh\n|\n|upkeep\n|inactive|gostop has 25 seconds left this turn.\n|inactive|gostop has 20 seconds left.\n|inactive|gostop has 15 seconds left.\n|\n|t:|1621782226\n|switch|p2a: Zygarde|Zygarde|82\/100\n|-damage|p2a: Zygarde|76\/100|[from] Stealth Rock\n|turn|25\n|inactive|gostop has 25 seconds left this turn.\n|inactive|gostop has 20 seconds left.\n|\n|t:|1621782232\n|move|p1a: Yveltal|Toxic|p2a: Zygarde\n|-status|p2a: Zygarde|tox\n|move|p2a: Zygarde|Glare|p1a: Yveltal\n|-status|p1a: Yveltal|par\n|\n|-heal|p2a: Zygarde|82\/100 tox|[from] item: Leftovers\n|-damage|p2a: Zygarde|76\/100 tox|[from] psn\n|upkeep\n|turn|26\n|inactive|gostop has 30 seconds left this turn.\n|\n|t:|1621782237\n|move|p2a: Zygarde|Thousand Arrows|p1a: Yveltal\n|-damage|p1a: Yveltal|13\/100 par\n|-start|p1a: Yveltal|Smack Down\n|move|p1a: Yveltal|Knock Off|p2a: Zygarde\n|-damage|p2a: Zygarde|35\/100 tox\n|-enditem|p2a: Zygarde|Leftovers|[from] move: Knock Off|[of] p1a: Yveltal\n|\n|-damage|p2a: Zygarde|22\/100 tox|[from] psn\n|-activate|p2a: Zygarde|ability: Power Construct\n|detailschange|p2a: Zygarde|Zygarde-Complete\n|-heal|p2a: Zygarde|49\/100 tox|[silent]\n|upkeep\n|turn|27\n|\n|t:|1621782242\n|move|p1a: Yveltal|Sucker Punch|p2a: Zygarde\n|-crit|p2a: Zygarde\n|-damage|p2a: Zygarde|18\/100 tox\n|move|p2a: Zygarde|Thousand Arrows|p1a: Yveltal\n|-damage|p1a: Yveltal|0 fnt\n|faint|p1a: Yveltal\n|\n|-damage|p2a: Zygarde|0 fnt|[from] psn\n|faint|p2a: Zygarde\n|upkeep\n|\n|t:|1621782256\n|switch|p1a: Necrozma|Necrozma-Dusk-Mane|100\/100\n|switch|p2a: Arceus|Arceus|100\/100\n|-damage|p2a: Arceus|88\/100|[from] Stealth Rock\n|-damage|p1a: Necrozma|94\/100|[from] Stealth Rock\n|turn|28\n|\n|t:|1621782263\n|move|p2a: Arceus|Swords Dance|p2a: Arceus\n|-boost|p2a: Arceus|atk|2\n|move|p1a: Necrozma|Toxic|p2a: Arceus\n|-status|p2a: Arceus|tox\n|\n|-damage|p2a: Arceus|82\/100 tox|[from] psn\n|upkeep\n|turn|29\n|\n|t:|1621782272\n|move|p2a: Arceus|Shadow Claw|p1a: Necrozma\n|-supereffective|p1a: Necrozma\n|-damage|p1a: Necrozma|45\/100\n|-zpower|p1a: Necrozma\n|move|p1a: Necrozma|Searing Sunraze Smash|p2a: Arceus|[zeffect]\n|-damage|p2a: Arceus|11\/100 tox\n|\n|-damage|p2a: Arceus|0 fnt|[from] psn\n|faint|p2a: Arceus\n|upkeep\n|\n|t:|1621782278\n|switch|p2a: Necrozma|Necrozma-Ultra|95\/100\n|-damage|p2a: Necrozma|82\/100|[from] Stealth Rock\n|turn|30\n|\n|t:|1621782280\n|move|p2a: Necrozma|Heat Wave|p1a: Necrozma\n|-supereffective|p1a: Necrozma\n|-damage|p1a: Necrozma|3\/100\n|move|p1a: Necrozma|Sunsteel Strike|p2a: Necrozma\n|-damage|p2a: Necrozma|26\/100\n|\n|upkeep\n|turn|31\n|\n|t:|1621782284\n|move|p2a: Necrozma|Heat Wave|p1a: Necrozma\n|-supereffective|p1a: Necrozma\n|-damage|p1a: Necrozma|0 fnt\n|faint|p1a: Necrozma\n|\n|upkeep\n|c|\u2606plat27|gg\n|\n|t:|1621782286\n|switch|p1a: Xerneas|Xerneas|39\/100\n|-damage|p1a: Xerneas|27\/100|[from] Stealth Rock\n|-ability|p1a: Xerneas|Fairy Aura\n|turn|32\n|c|\u2606gostop|gg\n|\n|t:|1621782293\n|move|p1a: Xerneas|Moonblast|p2a: Necrozma\n|-supereffective|p2a: Necrozma\n|-damage|p2a: Necrozma|0 fnt\n|faint|p2a: Necrozma\n|\n|win|plat27\n","uploadtime":1621782294,"views":976,"p1id":"plat27","p2id":"gostop","formatid":"gen7ubers","rating":0,"private":0,"password":null}