{"id":"smogtours-gen6ou-623787","p1":"LudwigFrog","p2":"yovan33321","format":"gen6ou","log":"|inactive|Battle timer is ON: inactive players will automatically lose when time's up.\n|t:|1651609869\n|gametype|singles\n|player|p1|LudwigFrog|hilbert-wonderlauncher|\n|player|p2|yovan33321|harlequin|\n|teamsize|p1|6\n|teamsize|p2|6\n|gen|6\n|tier|[Gen 6] OU\n|rule|Sleep Clause Mod: Limit one foe put to sleep\n|rule|Species Clause: Limit one of each Pok\u00e9mon\n|rule|OHKO Clause: OHKO moves are banned\n|rule|Moody Clause: Moody is banned\n|rule|Evasion Moves Clause: Evasion moves are banned\n|rule|Endless Battle Clause: Forcing endless battles is banned\n|rule|HP Percentage Mod: HP is shown in percentages\n|rule|Swagger Clause: Swagger is banned\n|clearpoke\n|poke|p1|Tyranitar, M|item\n|poke|p1|Keldeo|item\n|poke|p1|Landorus-Therian, M|item\n|poke|p1|Scizor, F|item\n|poke|p1|Latias, F|item\n|poke|p1|Rotom-Wash|item\n|poke|p2|Tangrowth, M|item\n|poke|p2|Latias, F|item\n|poke|p2|Skarmory, F|item\n|poke|p2|Alakazam, F|item\n|poke|p2|Garchomp, F|item\n|poke|p2|Clefable, F|item\n|teampreview\n|inactive|LudwigFrog also wants the timer to be on.\n|\n|t:|1651609889\n|start\n|switch|p1a: Rotom|Rotom-Wash|100\/100\n|switch|p2a: Clefable|Clefable, F|100\/100\n|turn|1\n|\n|t:|1651609893\n|move|p1a: Rotom|Volt Switch|p2a: Clefable\n|-damage|p2a: Clefable|80\/100\n|\n|t:|1651609895\n|switch|p1a: Scizor|Scizor, F|100\/100|[from]move: Volt Switch\n|move|p2a: Clefable|Thunder Wave|p1a: Scizor\n|-status|p1a: Scizor|par\n|\n|-heal|p2a: Clefable|87\/100|[from] item: Leftovers\n|upkeep\n|turn|2\n|\n|t:|1651609901\n|switch|p2a: Skarmory|Skarmory, F|100\/100\n|detailschange|p1a: Scizor|Scizor-Mega, F\n|-mega|p1a: Scizor|Scizor|Scizorite\n|move|p1a: Scizor|U-turn|p2a: Skarmory\n|-resisted|p2a: Skarmory\n|-damage|p2a: Skarmory|95\/100\n|-damage|p1a: Scizor|84\/100 par|[from] item: Rocky Helmet|[of] p2a: Skarmory\n|\n|t:|1651609904\n|switch|p1a: Rotom|Rotom-Wash|100\/100|[from]move: U-turn\n|\n|upkeep\n|turn|3\n|\n|t:|1651609912\n|switch|p2a: Tangrowth|Tangrowth, M|100\/100\n|move|p1a: Rotom|Volt Switch|p2a: Tangrowth\n|-resisted|p2a: Tangrowth\n|-damage|p2a: Tangrowth|92\/100\n|\n|t:|1651609915\n|switch|p1a: Latias|Latias, F|100\/100|[from]move: Volt Switch\n|\n|upkeep\n|turn|4\n|\n|t:|1651609927\n|move|p1a: Latias|Ice Beam|p2a: Tangrowth\n|-supereffective|p2a: Tangrowth\n|-damage|p2a: Tangrowth|50\/100\n|-damage|p1a: Latias|91\/100|[from] item: Life Orb\n|move|p2a: Tangrowth|Knock Off|p1a: Latias\n|-supereffective|p1a: Latias\n|-damage|p1a: Latias|34\/100\n|-enditem|p1a: Latias|Life Orb|[from] move: Knock Off|[of] p2a: Tangrowth\n|\n|upkeep\n|turn|5\n|\n|t:|1651609935\n|switch|p2a: Skarmory|Skarmory, F|95\/100\n|move|p1a: Latias|Roost|p1a: Latias\n|-heal|p1a: Latias|84\/100\n|-singleturn|p1a: Latias|move: Roost\n|\n|upkeep\n|turn|6\n|\n|t:|1651609939\n|move|p1a: Latias|Ice Beam|p2a: Skarmory\n|-damage|p2a: Skarmory|68\/100\n|move|p2a: Skarmory|Spikes|p1a: Latias\n|-sidestart|p1: LudwigFrog|Spikes\n|\n|upkeep\n|turn|7\n|\n|t:|1651609942\n|move|p1a: Latias|Defog|p2a: Skarmory\n|-unboost|p2a: Skarmory|evasion|1\n|-sideend|p1: LudwigFrog|Spikes|[from] move: Defog|[of] p1a: Latias\n|move|p2a: Skarmory|Roost|p2a: Skarmory\n|-heal|p2a: Skarmory|100\/100\n|-singleturn|p2a: Skarmory|move: Roost\n|\n|upkeep\n|turn|8\n|\n|t:|1651609948\n|switch|p1a: Rotom|Rotom-Wash|100\/100\n|move|p2a: Skarmory|Spikes|p1a: Rotom\n|-sidestart|p1: LudwigFrog|Spikes\n|\n|upkeep\n|turn|9\n|\n|t:|1651609952\n|switch|p2a: Clefable|Clefable, F|87\/100\n|move|p1a: Rotom|Will-O-Wisp|p2a: Clefable\n|-status|p2a: Clefable|brn\n|\n|-heal|p2a: Clefable|93\/100 brn|[from] item: Leftovers\n|upkeep\n|turn|10\n|\n|t:|1651609955\n|move|p1a: Rotom|Volt Switch|p2a: Clefable\n|-damage|p2a: Clefable|71\/100 brn\n|\n|t:|1651609959\n|switch|p1a: Landorus|Landorus-Therian, M|100\/100|[from]move: Volt Switch\n|-ability|p1a: Landorus|Intimidate|boost\n|-unboost|p2a: Clefable|atk|1\n|move|p2a: Clefable|Moonblast|p1a: Landorus\n|-damage|p1a: Landorus|66\/100\n|\n|-heal|p1a: Landorus|72\/100|[from] item: Leftovers\n|-heal|p2a: Clefable|77\/100 brn|[from] item: Leftovers\n|upkeep\n|turn|11\n|\n|t:|1651609962\n|move|p1a: Landorus|Earthquake|p2a: Clefable\n|-damage|p2a: Clefable|37\/100 brn\n|move|p2a: Clefable|Moonblast|p1a: Landorus\n|-damage|p1a: Landorus|40\/100\n|\n|-heal|p1a: Landorus|46\/100|[from] item: Leftovers\n|-heal|p2a: Clefable|43\/100 brn|[from] item: Leftovers\n|upkeep\n|turn|12\n|\n|t:|1651609966\n|move|p1a: Landorus|Earthquake|p2a: Clefable\n|-damage|p2a: Clefable|3\/100 brn\n|move|p2a: Clefable|Soft-Boiled|p2a: Clefable\n|-heal|p2a: Clefable|53\/100 brn\n|\n|-heal|p1a: Landorus|52\/100|[from] item: Leftovers\n|-heal|p2a: Clefable|59\/100 brn|[from] item: Leftovers\n|upkeep\n|turn|13\n|\n|t:|1651609970\n|move|p1a: Landorus|Knock Off|p2a: Clefable\n|-resisted|p2a: Clefable\n|-crit|p2a: Clefable\n|-damage|p2a: Clefable|39\/100 brn\n|-enditem|p2a: Clefable|Leftovers|[from] move: Knock Off|[of] p1a: Landorus\n|move|p2a: Clefable|Soft-Boiled|p2a: Clefable\n|-heal|p2a: Clefable|89\/100 brn\n|\n|-heal|p1a: Landorus|58\/100|[from] item: Leftovers\n|upkeep\n|turn|14\n|\n|t:|1651609974\n|switch|p2a: Skarmory|Skarmory, F|100\/100\n|move|p1a: Landorus|U-turn|p2a: Skarmory\n|-resisted|p2a: Skarmory\n|-damage|p2a: Skarmory|97\/100\n|-damage|p1a: Landorus|41\/100|[from] item: Rocky Helmet|[of] p2a: Skarmory\n|\n|t:|1651609978\n|switch|p1a: Keldeo|Keldeo|100\/100|[from]move: U-turn\n|-damage|p1a: Keldeo|88\/100|[from] Spikes\n|\n|upkeep\n|turn|15\n|\n|t:|1651609985\n|switch|p2a: Latias|Latias, F|100\/100\n|move|p1a: Keldeo|Secret Sword|p2a: Latias\n|-resisted|p2a: Latias\n|-damage|p2a: Latias|65\/100\n|\n|upkeep\n|turn|16\n|\n|t:|1651609997\n|switch|p2a: Alakazam|Alakazam, F|100\/100\n|switch|p1a: Tyranitar|Tyranitar, M|100\/100\n|-damage|p1a: Tyranitar|88\/100|[from] Spikes\n|-weather|Sandstorm|[from] ability: Sand Stream|[of] p1a: Tyranitar\n|\n|-weather|Sandstorm|[upkeep]\n|upkeep\n|turn|17\n|\n|t:|1651610001\n|move|p2a: Alakazam|Focus Blast|p1a: Tyranitar\n|-supereffective|p1a: Tyranitar\n|-damage|p1a: Tyranitar|0 fnt\n|faint|p1a: Tyranitar\n|\n|-weather|Sandstorm|[upkeep]\n|upkeep\n|\n|t:|1651610006\n|switch|p1a: Scizor|Scizor-Mega, F|84\/100 par\n|-damage|p1a: Scizor|71\/100 par|[from] Spikes\n|turn|18\n|\n|t:|1651610013\n|switch|p2a: Skarmory|Skarmory, F|97\/100\n|switch|p1a: Rotom|Rotom-Wash|100\/100\n|\n|-weather|Sandstorm|[upkeep]\n|-damage|p1a: Rotom|94\/100|[from] Sandstorm\n|-heal|p1a: Rotom|100\/100|[from] item: Leftovers\n|upkeep\n|turn|19\n|\n|t:|1651610020\n|switch|p2a: Tangrowth|Tangrowth, M|83\/100\n|move|p1a: Rotom|Hydro Pump|p2a: Tangrowth\n|-resisted|p2a: Tangrowth\n|-damage|p2a: Tangrowth|70\/100\n|\n|-weather|Sandstorm|[upkeep]\n|-damage|p1a: Rotom|94\/100|[from] Sandstorm\n|-damage|p2a: Tangrowth|64\/100|[from] Sandstorm\n|-heal|p1a: Rotom|100\/100|[from] item: Leftovers\n|upkeep\n|turn|20\n|\n|t:|1651610023\n|move|p1a: Rotom|Will-O-Wisp|p2a: Tangrowth\n|-status|p2a: Tangrowth|brn\n|move|p2a: Tangrowth|Knock Off|p1a: Rotom\n|-damage|p1a: Rotom|92\/100\n|-enditem|p1a: Rotom|Leftovers|[from] move: Knock Off|[of] p2a: Tangrowth\n|\n|-weather|none\n|-damage|p2a: Tangrowth|51\/100 brn|[from] brn\n|upkeep\n|turn|21\n|\n|t:|1651610029\n|move|p1a: Rotom|Volt Switch|p2a: Tangrowth\n|-resisted|p2a: Tangrowth\n|-damage|p2a: Tangrowth|43\/100 brn\n|\n|t:|1651610032\n|switch|p1a: Scizor|Scizor-Mega, F|71\/100 par|[from]move: Volt Switch\n|-damage|p1a: Scizor|59\/100 par|[from] Spikes\n|move|p2a: Tangrowth|Knock Off|p1a: Scizor\n|-damage|p1a: Scizor|54\/100 par\n|\n|-damage|p2a: Tangrowth|31\/100 brn|[from] brn\n|upkeep\n|turn|22\n|\n|t:|1651610036\n|move|p2a: Tangrowth|Hidden Power|p1a: Scizor\n|-supereffective|p1a: Scizor\n|-damage|p1a: Scizor|12\/100 par\n|move|p1a: Scizor|Roost|p1a: Scizor\n|-heal|p1a: Scizor|62\/100 par\n|-singleturn|p1a: Scizor|move: Roost\n|\n|-damage|p2a: Tangrowth|18\/100 brn|[from] brn\n|upkeep\n|turn|23\n|\n|t:|1651610040\n|switch|p2a: Garchomp|Garchomp, F|100\/100\n|move|p1a: Scizor|Roost|p1a: Scizor\n|-heal|p1a: Scizor|100\/100 par\n|-singleturn|p1a: Scizor|move: Roost\n|\n|upkeep\n|turn|24\n|\n|t:|1651610044\n|move|p2a: Garchomp|Stealth Rock|p1a: Scizor\n|-sidestart|p1: LudwigFrog|move: Stealth Rock\n|move|p1a: Scizor|U-turn|p2a: Garchomp\n|-damage|p2a: Garchomp|79\/100\n|-damage|p1a: Scizor|88\/100 par|[from] ability: Rough Skin|[of] p2a: Garchomp\n|-damage|p1a: Scizor|71\/100 par|[from] item: Rocky Helmet|[of] p2a: Garchomp\n|\n|t:|1651610046\n|switch|p1a: Latias|Latias, F|84\/100|[from]move: U-turn\n|-damage|p1a: Latias|72\/100|[from] Stealth Rock\n|\n|upkeep\n|turn|25\n|\n|t:|1651610050\n|switch|p2a: Alakazam|Alakazam, F|100\/100\n|move|p1a: Latias|Ice Beam|p2a: Alakazam\n|-damage|p2a: Alakazam|60\/100\n|\n|upkeep\n|turn|26\n|\n|t:|1651610054\n|move|p2a: Alakazam|Shadow Ball|p1a: Latias\n|-supereffective|p1a: Latias\n|-damage|p1a: Latias|3\/100\n|move|p1a: Latias|Draco Meteor|p2a: Alakazam\n|-damage|p2a: Alakazam|0 fnt\n|-unboost|p1a: Latias|spa|2\n|faint|p2a: Alakazam\n|\n|upkeep\n|inactive|yovan33321 has 270 seconds left.\n|\n|t:|1651610085\n|switch|p2a: Clefable|Clefable, F|89\/100 brn\n|turn|27\n|\n|t:|1651610088\n|move|p1a: Latias|Defog|p2a: Clefable\n|-unboost|p2a: Clefable|evasion|1\n|-sideend|p1: LudwigFrog|Spikes|[from] move: Defog|[of] p1a: Latias\n|-sideend|p1: LudwigFrog|Stealth Rock|[from] move: Defog|[of] p1a: Latias\n|move|p2a: Clefable|Moonblast|p1a: Latias\n|-supereffective|p1a: Latias\n|-damage|p1a: Latias|0 fnt\n|faint|p1a: Latias\n|\n|upkeep\n|\n|t:|1651610093\n|switch|p1a: Keldeo|Keldeo|88\/100\n|turn|28\n|\n|t:|1651610098\n|move|p1a: Keldeo|Hydro Pump|p2a: Clefable\n|-damage|p2a: Clefable|11\/100 brn\n|move|p2a: Clefable|Moonblast|p1a: Keldeo\n|-supereffective|p1a: Keldeo\n|-damage|p1a: Keldeo|15\/100\n|\n|upkeep\n|turn|29\n|\n|t:|1651610105\n|switch|p2a: Latias|Latias, F|65\/100\n|move|p1a: Keldeo|Hydro Pump|p2a: Latias\n|-resisted|p2a: Latias\n|-damage|p2a: Latias|33\/100\n|\n|upkeep\n|turn|30\n|\n|t:|1651610108\n|switch|p1a: Scizor|Scizor-Mega, F|71\/100 par\n|detailschange|p2a: Latias|Latias-Mega, F\n|-mega|p2a: Latias|Latias|Latiasite\n|move|p2a: Latias|Recover|p2a: Latias\n|-heal|p2a: Latias|83\/100\n|\n|upkeep\n|turn|31\n|\n|t:|1651610111\n|switch|p2a: Skarmory|Skarmory, F|97\/100\n|cant|p1a: Scizor|par\n|\n|upkeep\n|turn|32\n|\n|t:|1651610119\n|switch|p1a: Rotom|Rotom-Wash|92\/100\n|move|p2a: Skarmory|Spikes|p1a: Rotom\n|-sidestart|p1: LudwigFrog|Spikes\n|\n|upkeep\n|turn|33\n|\n|t:|1651610127\n|switch|p2a: Tangrowth|Tangrowth, M|51\/100 brn\n|move|p1a: Rotom|Volt Switch|p2a: Tangrowth\n|-resisted|p2a: Tangrowth\n|-damage|p2a: Tangrowth|43\/100 brn\n|\n|t:|1651610129\n|switch|p1a: Scizor|Scizor-Mega, F|71\/100 par|[from]move: Volt Switch\n|-damage|p1a: Scizor|59\/100 par|[from] Spikes\n|\n|-damage|p2a: Tangrowth|31\/100 brn|[from] brn\n|upkeep\n|turn|34\n|\n|t:|1651610134\n|switch|p2a: Latias|Latias-Mega, F|83\/100\n|cant|p1a: Scizor|par\n|\n|upkeep\n|turn|35\n|\n|t:|1651610137\n|switch|p2a: Skarmory|Skarmory, F|97\/100\n|move|p1a: Scizor|Roost|p1a: Scizor\n|-heal|p1a: Scizor|100\/100 par\n|-singleturn|p1a: Scizor|move: Roost\n|\n|upkeep\n|turn|36\n|\n|t:|1651610141\n|switch|p1a: Keldeo|Keldeo|15\/100\n|-damage|p1a: Keldeo|3\/100|[from] Spikes\n|move|p2a: Skarmory|Spikes|p1a: Keldeo\n|-sidestart|p1: LudwigFrog|Spikes\n|\n|upkeep\n|turn|37\n|\n|t:|1651610149\n|switch|p2a: Clefable|Clefable, F|11\/100 brn\n|move|p1a: Keldeo|Scald|p2a: Clefable\n|-damage|p2a: Clefable|0 fnt\n|faint|p2a: Clefable\n|\n|upkeep\n|\n|t:|1651610161\n|switch|p2a: Latias|Latias-Mega, F|83\/100\n|turn|38\n|\n|t:|1651610165\n|move|p2a: Latias|Surf|p1a: Keldeo\n|-resisted|p1a: Keldeo\n|-damage|p1a: Keldeo|0 fnt\n|faint|p1a: Keldeo\n|\n|upkeep\n|\n|t:|1651610167\n|switch|p1a: Scizor|Scizor-Mega, F|100\/100 par\n|-damage|p1a: Scizor|84\/100 par|[from] Spikes\n|turn|39\n|\n|t:|1651610171\n|switch|p2a: Skarmory|Skarmory, F|97\/100\n|move|p1a: Scizor|Swords Dance|p1a: Scizor\n|-boost|p1a: Scizor|atk|2\n|\n|upkeep\n|turn|40\n|\n|t:|1651610174\n|move|p2a: Skarmory|Spikes|p1a: Scizor\n|-sidestart|p1: LudwigFrog|Spikes\n|move|p1a: Scizor|Roost|p1a: Scizor\n|-heal|p1a: Scizor|100\/100 par\n|-singleturn|p1a: Scizor|move: Roost\n|\n|upkeep\n|turn|41\n|\n|t:|1651610177\n|move|p2a: Skarmory|Brave Bird|p1a: Scizor\n|-damage|p1a: Scizor|77\/100 par\n|-damage|p2a: Skarmory|89\/100|[from] Recoil\n|move|p1a: Scizor|Swords Dance|p1a: Scizor\n|-boost|p1a: Scizor|atk|2\n|\n|upkeep\n|turn|42\n|\n|t:|1651610180\n|move|p1a: Scizor|Roost|p1a: Scizor\n|-heal|p1a: Scizor|100\/100 par\n|-singleturn|p1a: Scizor|move: Roost\n|move|p2a: Skarmory|Whirlwind|p1a: Scizor\n|drag|p1a: Rotom|Rotom-Wash|92\/100\n|\n|upkeep\n|turn|43\n|\n|t:|1651610184\n|switch|p2a: Tangrowth|Tangrowth, M|64\/100 brn\n|move|p1a: Rotom|Hydro Pump|p2a: Tangrowth\n|-resisted|p2a: Tangrowth\n|-crit|p2a: Tangrowth\n|-damage|p2a: Tangrowth|46\/100 brn\n|\n|-damage|p2a: Tangrowth|33\/100 brn|[from] brn\n|upkeep\n|turn|44\n|\n|t:|1651610189\n|switch|p2a: Latias|Latias-Mega, F|83\/100\n|move|p1a: Rotom|Volt Switch|p2a: Latias\n|-resisted|p2a: Latias\n|-damage|p2a: Latias|74\/100\n|\n|t:|1651610192\n|switch|p1a: Landorus|Landorus-Therian, M|41\/100|[from]move: Volt Switch\n|-ability|p1a: Landorus|Intimidate|boost\n|-unboost|p2a: Latias|atk|1\n|\n|-heal|p1a: Landorus|47\/100|[from] item: Leftovers\n|upkeep\n|turn|45\n|\n|t:|1651610197\n|move|p2a: Latias|Surf|p1a: Landorus\n|-supereffective|p1a: Landorus\n|-damage|p1a: Landorus|0 fnt\n|faint|p1a: Landorus\n|\n|upkeep\n|\n|t:|1651610199\n|switch|p1a: Rotom|Rotom-Wash|92\/100\n|turn|46\n|\n|t:|1651610202\n|move|p2a: Latias|Calm Mind|p2a: Latias\n|-boost|p2a: Latias|spa|1\n|-boost|p2a: Latias|spd|1\n|move|p1a: Rotom|Will-O-Wisp|p2a: Latias\n|-status|p2a: Latias|brn\n|\n|-damage|p2a: Latias|62\/100 brn|[from] brn\n|upkeep\n|turn|47\n|\n|t:|1651610208\n|switch|p2a: Tangrowth|Tangrowth, M|66\/100 brn\n|move|p1a: Rotom|Hydro Pump|p2a: Tangrowth\n|-resisted|p2a: Tangrowth\n|-damage|p2a: Tangrowth|54\/100 brn\n|\n|-damage|p2a: Tangrowth|41\/100 brn|[from] brn\n|upkeep\n|turn|48\n|\n|t:|1651610212\n|move|p1a: Rotom|Hydro Pump|p2a: Tangrowth|[miss]\n|-miss|p1a: Rotom|p2a: Tangrowth\n|move|p2a: Tangrowth|Leaf Storm|p1a: Rotom\n|-supereffective|p1a: Rotom\n|-damage|p1a: Rotom|0 fnt\n|-unboost|p2a: Tangrowth|spa|2\n|faint|p1a: Rotom\n|\n|-damage|p2a: Tangrowth|29\/100 brn|[from] brn\n|upkeep\n|\n|t:|1651610214\n|switch|p1a: Scizor|Scizor-Mega, F|100\/100 par\n|-damage|p1a: Scizor|75\/100 par|[from] Spikes\n|turn|49\n|\n|t:|1651610217\n|switch|p2a: Garchomp|Garchomp, F|79\/100\n|move|p1a: Scizor|Swords Dance|p1a: Scizor\n|-boost|p1a: Scizor|atk|2\n|\n|upkeep\n|turn|50\n|\n|t:|1651610220\n|move|p2a: Garchomp|Fire Blast|p1a: Scizor\n|-supereffective|p1a: Scizor\n|-damage|p1a: Scizor|21\/100 par\n|move|p1a: Scizor|Roost|p1a: Scizor\n|-heal|p1a: Scizor|71\/100 par\n|-singleturn|p1a: Scizor|move: Roost\n|\n|upkeep\n|turn|51\n|\n|t:|1651610224\n|move|p2a: Garchomp|Fire Blast|p1a: Scizor\n|-supereffective|p1a: Scizor\n|-damage|p1a: Scizor|14\/100 par\n|move|p1a: Scizor|Roost|p1a: Scizor\n|-heal|p1a: Scizor|64\/100 par\n|-singleturn|p1a: Scizor|move: Roost\n|\n|upkeep\n|turn|52\n|\n|t:|1651610227\n|move|p2a: Garchomp|Fire Blast|p1a: Scizor\n|-supereffective|p1a: Scizor\n|-damage|p1a: Scizor|9\/100 par\n|move|p1a: Scizor|Roost|p1a: Scizor\n|-heal|p1a: Scizor|59\/100 par\n|-singleturn|p1a: Scizor|move: Roost\n|\n|upkeep\n|turn|53\n|\n|t:|1651610232\n|move|p2a: Garchomp|Fire Blast|p1a: Scizor\n|-supereffective|p1a: Scizor\n|-damage|p1a: Scizor|7\/100 par\n|move|p1a: Scizor|Roost|p1a: Scizor\n|-heal|p1a: Scizor|57\/100 par\n|-singleturn|p1a: Scizor|move: Roost\n|\n|upkeep\n|turn|54\n|\n|t:|1651610236\n|move|p2a: Garchomp|Fire Blast|p1a: Scizor\n|-supereffective|p1a: Scizor\n|-damage|p1a: Scizor|7\/100 par\n|move|p1a: Scizor|Roost|p1a: Scizor\n|-heal|p1a: Scizor|57\/100 par\n|-singleturn|p1a: Scizor|move: Roost\n|\n|upkeep\n|turn|55\n|\n|t:|1651610241\n|move|p1a: Scizor|Bullet Punch|p2a: Garchomp\n|-damage|p2a: Garchomp|40\/100\n|-damage|p1a: Scizor|44\/100 par|[from] ability: Rough Skin|[of] p2a: Garchomp\n|-damage|p1a: Scizor|28\/100 par|[from] item: Rocky Helmet|[of] p2a: Garchomp\n|move|p2a: Garchomp|Fire Blast|p1a: Scizor\n|-supereffective|p1a: Scizor\n|-damage|p1a: Scizor|0 fnt\n|faint|p1a: Scizor\n|\n|win|yovan33321\n|c|\u2606LudwigFrog|gg\n|player|p1|LudwigFrog|hilbert-wonderlauncher\n","uploadtime":1651610242,"views":20,"p1id":"ludwigfrog","p2id":"yovan33321","formatid":"gen6ou","rating":0,"private":0,"password":null}