{"id":"smogtours-gen5ou-562222","p1":"SeraphinOfEnd","p2":"Goootzinho","format":"gen5ou","log":"|inactive|Battle timer is ON: inactive players will automatically lose when time's up.\n|t:|1622046342\n|gametype|singles\n|player|p1|SeraphinOfEnd|lady|\n|player|p2|Goootzinho|karen-gen2|\n|teamsize|p1|6\n|teamsize|p2|6\n|gen|5\n|tier|[Gen 5] OU\n|rule|Species Clause: Limit one of each Pok\u00e9mon\n|rule|OHKO Clause: OHKO moves are banned\n|rule|Moody Clause: Moody is banned\n|rule|Evasion Moves Clause: Evasion moves are banned\n|rule|Endless Battle Clause: Forcing endless battles is banned\n|rule|HP Percentage Mod: HP is shown in percentages\n|rule|Evasion Abilities Clause: Evasion abilities are banned\n|rule|Baton Pass Clause: Limit one Baton Passer, can't pass Spe and other stats simultaneously\n|rule|Sleep Clause: Sleep-inducing moves are banned\n|rule|Swagger Clause: Swagger is banned\n|clearpoke\n|poke|p1|Garchomp, M|item\n|poke|p1|Dragonite, F|item\n|poke|p1|Starmie|item\n|poke|p1|Scizor, M|item\n|poke|p1|Breloom, M|item\n|poke|p1|Volcarona, M|item\n|poke|p2|Tentacruel, M|item\n|poke|p2|Politoed, F|item\n|poke|p2|Latios, M|item\n|poke|p2|Ferrothorn, F|item\n|poke|p2|Thundurus-Therian, M|item\n|poke|p2|Keldeo-Resolute|item\n|teampreview\n|c|\u2606Goootzinho|at last lol\n|c|\u2606SeraphinOfEnd|Nice\n|c|\u2606Goootzinho|hf\n|c|\u2606SeraphinOfEnd|u2\n|inactive|SeraphinOfEnd has 270 seconds left.\n|inactive|Goootzinho has 270 seconds left.\n|inactive|Goootzinho has 240 seconds left.\n|\n|t:|1622046420\n|start\n|switch|p1a: Comin' In Hot|Garchomp, M|100\/100\n|switch|p2a: Keldeo|Keldeo-Resolute|100\/100\n|turn|1\n|\n|t:|1622046425\n|switch|p1a: High Hopes|Starmie|100\/100\n|move|p2a: Keldeo|Surf|p1a: High Hopes\n|-resisted|p1a: High Hopes\n|-damage|p1a: High Hopes|48\/100\n|\n|upkeep\n|turn|2\n|inactive|Goootzinho has 270 seconds left.\n|\n|t:|1622046478\n|switch|p2a: Ferrothorn|Ferrothorn, F|100\/100\n|move|p1a: High Hopes|Thunder|p2a: Ferrothorn\n|-resisted|p2a: Ferrothorn\n|-crit|p2a: Ferrothorn\n|-damage|p2a: Ferrothorn|72\/100\n|\n|-heal|p2a: Ferrothorn|78\/100|[from] item: Leftovers\n|upkeep\n|turn|3\n|c|+Churielix|DALE AMY\n|inactive|Goootzinho has 240 seconds left.\n|inactive|Goootzinho has 210 seconds left.\n|\n|t:|1622046533\n|move|p1a: High Hopes|Ice Beam|p2a: Ferrothorn\n|-damage|p2a: Ferrothorn|61\/100\n|move|p2a: Ferrothorn|Stealth Rock|p1a: High Hopes\n|-sidestart|p1: SeraphinOfEnd|move: Stealth Rock\n|\n|-heal|p2a: Ferrothorn|68\/100|[from] item: Leftovers\n|upkeep\n|turn|4\n|inactive|Goootzinho has 210 seconds left.\n|\n|t:|1622046556\n|move|p1a: High Hopes|Rapid Spin|p2a: Ferrothorn\n|-resisted|p2a: Ferrothorn\n|-damage|p2a: Ferrothorn|66\/100\n|-damage|p1a: High Hopes|36\/100|[from] ability: Iron Barbs|[of] p2a: Ferrothorn\n|-sideend|p1: SeraphinOfEnd|Stealth Rock|[from] move: Rapid Spin|[of] p1a: High Hopes\n|move|p2a: Ferrothorn|Spikes|p1a: High Hopes\n|-sidestart|p1: SeraphinOfEnd|Spikes\n|\n|-heal|p2a: Ferrothorn|72\/100|[from] item: Leftovers\n|upkeep\n|turn|5\n|\n|t:|1622046564\n|move|p1a: High Hopes|Ice Beam|p2a: Ferrothorn\n|-damage|p2a: Ferrothorn|55\/100\n|move|p2a: Ferrothorn|Stealth Rock|p1a: High Hopes\n|-sidestart|p1: SeraphinOfEnd|move: Stealth Rock\n|\n|-heal|p2a: Ferrothorn|61\/100|[from] item: Leftovers\n|upkeep\n|turn|6\n|\n|t:|1622046569\n|move|p1a: High Hopes|Rapid Spin|p2a: Ferrothorn\n|-resisted|p2a: Ferrothorn\n|-damage|p2a: Ferrothorn|60\/100\n|-damage|p1a: High Hopes|24\/100|[from] ability: Iron Barbs|[of] p2a: Ferrothorn\n|-sideend|p1: SeraphinOfEnd|Spikes|[from] move: Rapid Spin|[of] p1a: High Hopes\n|-sideend|p1: SeraphinOfEnd|Stealth Rock|[from] move: Rapid Spin|[of] p1a: High Hopes\n|move|p2a: Ferrothorn|Stealth Rock|p1a: High Hopes\n|-sidestart|p1: SeraphinOfEnd|move: Stealth Rock\n|\n|-heal|p2a: Ferrothorn|66\/100|[from] item: Leftovers\n|upkeep\n|turn|7\n|\n|t:|1622046574\n|move|p1a: High Hopes|Ice Beam|p2a: Ferrothorn\n|-damage|p2a: Ferrothorn|49\/100\n|move|p2a: Ferrothorn|Spikes|p1a: High Hopes\n|-sidestart|p1: SeraphinOfEnd|Spikes\n|\n|-heal|p2a: Ferrothorn|55\/100|[from] item: Leftovers\n|upkeep\n|turn|8\n|\n|t:|1622046579\n|move|p1a: High Hopes|Rapid Spin|p2a: Ferrothorn\n|-resisted|p2a: Ferrothorn\n|-damage|p2a: Ferrothorn|53\/100\n|-damage|p1a: High Hopes|12\/100|[from] ability: Iron Barbs|[of] p2a: Ferrothorn\n|-sideend|p1: SeraphinOfEnd|Spikes|[from] move: Rapid Spin|[of] p1a: High Hopes\n|-sideend|p1: SeraphinOfEnd|Stealth Rock|[from] move: Rapid Spin|[of] p1a: High Hopes\n|move|p2a: Ferrothorn|Stealth Rock|p1a: High Hopes\n|-sidestart|p1: SeraphinOfEnd|move: Stealth Rock\n|\n|-heal|p2a: Ferrothorn|60\/100|[from] item: Leftovers\n|upkeep\n|turn|9\n|inactive|Goootzinho has 240 seconds left.\n|c|+Churielix|congela\n|\n|t:|1622046618\n|move|p1a: High Hopes|Ice Beam|p2a: Ferrothorn\n|-damage|p2a: Ferrothorn|41\/100\n|-status|p2a: Ferrothorn|frz\n|-curestatus|p2a: Ferrothorn|frz|[msg]\n|move|p2a: Ferrothorn|Spikes|p1a: High Hopes\n|-sidestart|p1: SeraphinOfEnd|Spikes\n|\n|-heal|p2a: Ferrothorn|48\/100|[from] item: Leftovers\n|upkeep\n|turn|10\n|\n|t:|1622046625\n|move|p1a: High Hopes|Rapid Spin|p2a: Ferrothorn\n|-resisted|p2a: Ferrothorn\n|-damage|p2a: Ferrothorn|47\/100\n|-damage|p1a: High Hopes|0 fnt|[from] ability: Iron Barbs|[of] p2a: Ferrothorn\n|faint|p1a: High Hopes\n|move|p2a: Ferrothorn|Power Whip|p1: High Hopes|[notarget]\n|-fail|p2a: Ferrothorn\n|\n|-heal|p2a: Ferrothorn|53\/100|[from] item: Leftovers\n|upkeep\n|c|+Churielix|NOOOOO\n|\n|t:|1622046633\n|switch|p1a: King Crimson|Scizor, M|100\/100\n|-damage|p1a: King Crimson|88\/100|[from] Spikes\n|-damage|p1a: King Crimson|76\/100|[from] Stealth Rock\n|turn|11\n|\n|t:|1622046650\n|switch|p2a: Keldeo|Keldeo-Resolute|100\/100\n|move|p1a: King Crimson|Swords Dance|p1a: King Crimson\n|-boost|p1a: King Crimson|atk|2\n|\n|upkeep\n|turn|12\n|\n|t:|1622046658\n|switch|p1a: Le Deux|Dragonite, F|100\/100\n|-damage|p1a: Le Deux|76\/100|[from] Stealth Rock\n|move|p2a: Keldeo|Surf|p1a: Le Deux\n|-resisted|p1a: Le Deux\n|-damage|p1a: Le Deux|38\/100\n|\n|upkeep\n|turn|13\n|\n|t:|1622046684\n|move|p2a: Keldeo|Surf|p1a: Le Deux\n|-resisted|p1a: Le Deux\n|-crit|p1a: Le Deux\n|-damage|p1a: Le Deux|0 fnt\n|faint|p1a: Le Deux\n|\n|upkeep\n|\n|t:|1622046700\n|switch|p1a: Shhh Peaceful|Breloom, M, shiny|100\/100\n|-damage|p1a: Shhh Peaceful|94\/100|[from] Stealth Rock\n|-damage|p1a: Shhh Peaceful|82\/100|[from] Spikes\n|turn|14\n|inactive|Goootzinho has 210 seconds left.\n|inactive|Goootzinho has 180 seconds left.\n|\n|t:|1622046754\n|switch|p2a: Thundurus|Thundurus-Therian, M|100\/100\n|move|p1a: Shhh Peaceful|Low Sweep|p2a: Thundurus\n|-resisted|p2a: Thundurus\n|-damage|p2a: Thundurus|70\/100\n|-unboost|p2a: Thundurus|spe|1\n|\n|-heal|p2a: Thundurus|76\/100|[from] item: Leftovers\n|upkeep\n|turn|15\n|inactive|Goootzinho has 180 seconds left.\n|\n|t:|1622046780\n|move|p1a: Shhh Peaceful|Bullet Seed|p2a: Thundurus\n|-resisted|p2a: Thundurus\n|-damage|p2a: Thundurus|64\/100\n|-resisted|p2a: Thundurus\n|-damage|p2a: Thundurus|52\/100\n|-resisted|p2a: Thundurus\n|-damage|p2a: Thundurus|40\/100\n|-resisted|p2a: Thundurus\n|-damage|p2a: Thundurus|28\/100\n|-resisted|p2a: Thundurus\n|-damage|p2a: Thundurus|16\/100\n|-hitcount|p2a: Thundurus|5\n|move|p2a: Thundurus|Hidden Power|p1a: Shhh Peaceful\n|-supereffective|p1a: Shhh Peaceful\n|-damage|p1a: Shhh Peaceful|0 fnt\n|faint|p1a: Shhh Peaceful\n|\n|-heal|p2a: Thundurus|22\/100|[from] item: Leftovers\n|upkeep\n|\n|t:|1622046797\n|switch|p1a: Young Volcanoes|Volcarona, M|100\/100\n|-damage|p1a: Young Volcanoes|51\/100|[from] Stealth Rock\n|-damage|p1a: Young Volcanoes|38\/100|[from] Spikes\n|turn|16\n|\n|t:|1622046802\n|switch|p2a: Politoed|Politoed, F|100\/100\n|-weather|RainDance|[from] ability: Drizzle|[of] p2a: Politoed\n|move|p1a: Young Volcanoes|Quiver Dance|p1a: Young Volcanoes\n|-boost|p1a: Young Volcanoes|spa|1\n|-boost|p1a: Young Volcanoes|spd|1\n|-boost|p1a: Young Volcanoes|spe|1\n|\n|-weather|RainDance|[upkeep]\n|upkeep\n|turn|17\n|inactive|Goootzinho has 180 seconds left.\n|\n|t:|1622046840\n|move|p1a: Young Volcanoes|Giga Drain|p2a: Politoed\n|-supereffective|p2a: Politoed\n|-damage|p2a: Politoed|25\/100\n|-heal|p1a: Young Volcanoes|83\/100|[from] drain|[of] p2a: Politoed\n|move|p2a: Politoed|Encore|p1a: Young Volcanoes\n|-start|p1a: Young Volcanoes|Encore\n|\n|-weather|RainDance|[upkeep]\n|-heal|p2a: Politoed|31\/100|[from] item: Leftovers\n|upkeep\n|turn|18\n|\n|t:|1622046856\n|move|p1a: Young Volcanoes|Giga Drain|p2a: Politoed\n|-supereffective|p2a: Politoed\n|-damage|p2a: Politoed|0 fnt\n|-heal|p1a: Young Volcanoes|100\/100|[from] drain|[of] p2a: Politoed\n|faint|p2a: Politoed\n|\n|-weather|RainDance|[upkeep]\n|upkeep\n|\n|t:|1622046858\n|switch|p2a: Latios|Latios, M|100\/100\n|turn|19\n|\n|t:|1622046865\n|move|p2a: Latios|Surf|p1a: Young Volcanoes\n|-supereffective|p1a: Young Volcanoes\n|-enditem|p1a: Young Volcanoes|Passho Berry|[eat]\n|-enditem|p1a: Young Volcanoes|Passho Berry|[weaken]\n|-damage|p1a: Young Volcanoes|65\/100\n|move|p1a: Young Volcanoes|Giga Drain|p2a: Latios\n|-resisted|p2a: Latios\n|-damage|p2a: Latios|79\/100\n|-heal|p1a: Young Volcanoes|75\/100|[from] drain|[of] p2a: Latios\n|\n|-weather|RainDance|[upkeep]\n|upkeep\n|turn|20\n|\n|t:|1622046871\n|move|p2a: Latios|Surf|p1a: Young Volcanoes\n|-supereffective|p1a: Young Volcanoes\n|-damage|p1a: Young Volcanoes|2\/100\n|move|p1a: Young Volcanoes|Giga Drain|p2a: Latios\n|-resisted|p2a: Latios\n|-damage|p2a: Latios|55\/100\n|-heal|p1a: Young Volcanoes|14\/100|[from] drain|[of] p2a: Latios\n|\n|-weather|RainDance|[upkeep]\n|-end|p1a: Young Volcanoes|Encore\n|upkeep\n|turn|21\n|\n|t:|1622046876\n|move|p2a: Latios|Surf|p1a: Young Volcanoes\n|-supereffective|p1a: Young Volcanoes\n|-damage|p1a: Young Volcanoes|0 fnt\n|faint|p1a: Young Volcanoes\n|\n|-weather|RainDance|[upkeep]\n|upkeep\n|\n|t:|1622046878\n|switch|p1a: King Crimson|Scizor, M|76\/100\n|-damage|p1a: King Crimson|63\/100|[from] Stealth Rock\n|-damage|p1a: King Crimson|51\/100|[from] Spikes\n|turn|22\n|c|+Pinto|E\n|\n|t:|1622046886\n|move|p2a: Latios|Surf|p1a: King Crimson\n|-damage|p1a: King Crimson|0 fnt\n|faint|p1a: King Crimson\n|\n|-weather|RainDance|[upkeep]\n|upkeep\n|\n|t:|1622046890\n|switch|p1a: Comin' In Hot|Garchomp, M|100\/100\n|-damage|p1a: Comin' In Hot|94\/100|[from] Stealth Rock\n|-damage|p1a: Comin' In Hot|82\/100|[from] Spikes\n|turn|23\n|c|\u2606SeraphinOfEnd|gg\n|\n|t:|1622046905\n|move|p2a: Latios|Surf|p1a: Comin' In Hot\n|-damage|p1a: Comin' In Hot|25\/100\n|move|p1a: Comin' In Hot|Outrage|p2a: Latios\n|-supereffective|p2a: Latios\n|-damage|p2a: Latios|0 fnt\n|faint|p2a: Latios\n|\n|-weather|RainDance|[upkeep]\n|upkeep\n|c|+Pinto|a\n|\n|t:|1622046913\n|switch|p2a: Keldeo|Keldeo-Resolute|100\/100\n|turn|24\n|\n|t:|1622046916\n|move|p2a: Keldeo|Surf|p1a: Comin' In Hot\n|-damage|p1a: Comin' In Hot|0 fnt\n|faint|p1a: Comin' In Hot\n|\n|win|Goootzinho\n","uploadtime":1622046918,"views":82,"p1id":"seraphinofend","p2id":"goootzinho","formatid":"gen5ou","rating":0,"private":0,"password":null}