{"id":"smogtours-gen8randombattle-647684","p1":"fosdfo","p2":"f~~~reezai!","format":"gen8randombattle","log":"|inactive|Battle timer is ON: inactive players will automatically lose when time's up.\n|t:|1662909385\n|gametype|singles\n|player|p1|fosdfo|169|\n|player|p2|f~~~reezai!|policeman-gen4|\n|teamsize|p1|6\n|teamsize|p2|6\n|gen|8\n|tier|[Gen 8] Random Battle\n|rule|Species Clause: Limit one of each Pok\u00e9mon\n|rule|HP Percentage Mod: HP is shown in percentages\n|rule|Sleep Clause Mod: Limit one foe put to sleep\n|\n|t:|1662909385\n|start\n|switch|p1a: Victini|Victini, L78|283\/283\n|switch|p2a: Stonjourner|Stonjourner, L88, M, shiny|319\/319\n|turn|1\n|inactive|fosdfo also wants the timer to be on.\n|inactive|f~~~reezai! also wants the timer to be on.\n|c|\u2606fosdfo|glhf\n|inactive|fosdfo has 270 seconds left.\n|\n|t:|1662909422\n|switch|p1a: Rotom|Rotom-Wash, L82|216\/216\n|move|p2a: Stonjourner|Stone Edge|p1a: Rotom\n|-damage|p1a: Rotom|63\/216\n|-damage|p2a: Stonjourner|288\/319|[from] item: Life Orb\n|\n|-heal|p1a: Rotom|76\/216|[from] item: Leftovers\n|upkeep\n|turn|2\n|\n|t:|1662909435\n|switch|p2a: Hydreigon|Hydreigon, L80, F|278\/278\n|move|p1a: Rotom|Will-O-Wisp|p2a: Hydreigon\n|-status|p2a: Hydreigon|brn\n|\n|-heal|p1a: Rotom|89\/216|[from] item: Leftovers\n|-damage|p2a: Hydreigon|261\/278 brn|[from] brn\n|upkeep\n|turn|3\n|\n|t:|1662909441\n|switch|p1a: Sylveon|Sylveon, L84, F|297\/297\n|move|p2a: Hydreigon|Dark Pulse|p1a: Sylveon\n|-resisted|p1a: Sylveon\n|-damage|p1a: Sylveon|261\/297\n|\n|-heal|p1a: Sylveon|279\/297|[from] item: Leftovers\n|-damage|p2a: Hydreigon|244\/278 brn|[from] brn\n|upkeep\n|turn|4\n|\n|t:|1662909449\n|switch|p2a: Sylveon|Sylveon, L84, F|297\/297\n|move|p1a: Sylveon|Hyper Voice|p2a: Sylveon\n|-damage|p2a: Sylveon|201\/297\n|\n|-heal|p2a: Sylveon|219\/297|[from] item: Leftovers\n|-heal|p1a: Sylveon|297\/297|[from] item: Leftovers\n|upkeep\n|turn|5\n|\n|t:|1662909473\n|switch|p1a: Victini|Victini, L78|283\/283\n|move|p2a: Sylveon|Calm Mind|p2a: Sylveon\n|-boost|p2a: Sylveon|spa|1\n|-boost|p2a: Sylveon|spd|1\n|\n|-heal|p2a: Sylveon|237\/297|[from] item: Leftovers\n|upkeep\n|turn|6\n|\n|t:|1662909479\n|switch|p2a: Stonjourner|Stonjourner, L88, M, shiny|288\/319\n|move|p1a: Victini|V-create|p2a: Stonjourner\n|-resisted|p2a: Stonjourner\n|-damage|p2a: Stonjourner|225\/319\n|-unboost|p1a: Victini|spe|1\n|-unboost|p1a: Victini|def|1\n|-unboost|p1a: Victini|spd|1\n|\n|upkeep\n|turn|7\n|\n|t:|1662909484\n|switch|p1a: Mienshao|Mienshao, L82, M|241\/241\n|move|p2a: Stonjourner|Stone Edge|p1a: Mienshao\n|-resisted|p1a: Mienshao\n|-damage|p1a: Mienshao|128\/241\n|-damage|p2a: Stonjourner|194\/319|[from] item: Life Orb\n|\n|upkeep\n|turn|8\n|\n|t:|1662909503\n|switch|p1a: Victini|Victini, L78|283\/283\n|switch|p2a: Pelipper|Pelipper, L86, F|243\/243\n|-weather|RainDance|[from] ability: Drizzle|[of] p2a: Pelipper\n|\n|-weather|RainDance|[upkeep]\n|upkeep\n|turn|9\n|\n|t:|1662909512\n|switch|p2a: Hydreigon|Hydreigon, L80, F|244\/278 brn\n|move|p1a: Victini|Bolt Strike|p2a: Hydreigon\n|-resisted|p2a: Hydreigon\n|-damage|p2a: Hydreigon|203\/278 brn\n|\n|-weather|RainDance|[upkeep]\n|-damage|p2a: Hydreigon|186\/278 brn|[from] brn\n|upkeep\n|turn|10\n|\n|t:|1662909523\n|move|p2a: Hydreigon|Dark Pulse|p1a: Victini\n|-supereffective|p1a: Victini\n|-damage|p1a: Victini|149\/283\n|move|p1a: Victini|U-turn|p2a: Hydreigon\n|-supereffective|p2a: Hydreigon\n|-damage|p2a: Hydreigon|94\/278 brn\n|\n|t:|1662909533\n|switch|p1a: Carracosta|Carracosta, L84, M|262\/262\n|\n|-weather|RainDance|[upkeep]\n|-damage|p2a: Hydreigon|77\/278 brn|[from] brn\n|upkeep\n|turn|11\n|\n|t:|1662909536\n|move|p2a: Hydreigon|Dark Pulse|p1a: Carracosta\n|-damage|p1a: Carracosta|153\/262\n|move|p1a: Carracosta|Shell Smash|p1a: Carracosta\n|-unboost|p1a: Carracosta|def|1\n|-unboost|p1a: Carracosta|spd|1\n|-boost|p1a: Carracosta|atk|2\n|-boost|p1a: Carracosta|spa|2\n|-boost|p1a: Carracosta|spe|2\n|\n|-weather|RainDance|[upkeep]\n|-damage|p2a: Hydreigon|60\/278 brn|[from] brn\n|upkeep\n|turn|12\n|\n|t:|1662909541\n|move|p1a: Carracosta|Aqua Jet|p2a: Hydreigon\n|-resisted|p2a: Hydreigon\n|-damage|p2a: Hydreigon|0 fnt\n|faint|p2a: Hydreigon\n|\n|-weather|none\n|upkeep\n|\n|t:|1662909544\n|switch|p2a: Kingler|Kingler, L84, F|230\/230\n|turn|13\n|\n|t:|1662909554\n|switch|p1a: Rotom|Rotom-Wash, L82|89\/216\n|move|p2a: Kingler|Superpower|p1a: Rotom\n|-damage|p1a: Rotom|0 fnt\n|-unboost|p2a: Kingler|atk|1\n|-unboost|p2a: Kingler|def|1\n|faint|p1a: Rotom\n|-damage|p2a: Kingler|207\/230|[from] item: Life Orb\n|\n|upkeep\n|\n|t:|1662909580\n|switch|p1a: Carracosta|Carracosta, L84, M|153\/262\n|turn|14\n|\n|t:|1662909592\n|move|p2a: Kingler|Liquidation|p1a: Carracosta\n|-damage|p1a: Carracosta|59\/262\n|move|p1a: Carracosta|Shell Smash|p1a: Carracosta\n|-unboost|p1a: Carracosta|def|1\n|-unboost|p1a: Carracosta|spd|1\n|-boost|p1a: Carracosta|atk|2\n|-boost|p1a: Carracosta|spa|2\n|-boost|p1a: Carracosta|spe|2\n|\n|upkeep\n|turn|15\n|inactive|fosdfo has 270 seconds left.\n|\n|t:|1662909614\n|switch|p2a: Stonjourner|Stonjourner, L88, M, shiny|194\/319\n|move|p1a: Carracosta|Stone Edge|p2a: Stonjourner\n|-damage|p2a: Stonjourner|34\/319\n|\n|upkeep\n|turn|16\n|\n|t:|1662909620\n|move|p1a: Carracosta|Aqua Jet|p2a: Stonjourner\n|-supereffective|p2a: Stonjourner\n|-damage|p2a: Stonjourner|0 fnt\n|faint|p2a: Stonjourner\n|\n|upkeep\n|\n|t:|1662909624\n|switch|p2a: Kingler|Kingler, L84, F|207\/230\n|turn|17\n|\n|t:|1662909629\n|-start|p2a: Kingler|Dynamax|\n|-heal|p2a: Kingler|414\/460|[silent]\n|move|p1a: Carracosta|Stone Edge|p2a: Kingler\n|-damage|p2a: Kingler|231\/460\n|move|p2a: Kingler|Max Geyser|p1a: Carracosta\n|-damage|p1a: Carracosta|0 fnt\n|-weather|RainDance\n|faint|p1a: Carracosta\n|-damage|p2a: Kingler|208\/460|[from] item: Life Orb\n|\n|-weather|RainDance|[upkeep]\n|upkeep\n|\n|t:|1662909637\n|switch|p1a: Victini|Victini, L78|149\/283\n|turn|18\n|\n|t:|1662909652\n|move|p1a: Victini|U-turn|p2a: Kingler\n|-damage|p2a: Kingler|169\/460\n|\n|t:|1662909662\n|switch|p1a: Sylveon|Sylveon, L84, F|297\/297\n|move|p2a: Kingler|Max Geyser|p1a: Sylveon\n|-damage|p1a: Sylveon|0 fnt\n|faint|p1a: Sylveon\n|-damage|p2a: Kingler|146\/460|[from] item: Life Orb\n|\n|-weather|RainDance|[upkeep]\n|upkeep\n|\n|t:|1662909667\n|switch|p1a: Victini|Victini, L78|149\/283\n|turn|19\n|\n|t:|1662909671\n|move|p1a: Victini|Energy Ball|p2a: Kingler\n|-supereffective|p2a: Kingler\n|-damage|p2a: Kingler|0 fnt\n|faint|p2a: Kingler\n|\n|-weather|RainDance|[upkeep]\n|upkeep\n|\n|t:|1662909676\n|switch|p2a: Greedent|Greedent, L84, F|339\/339\n|turn|20\n|\n|t:|1662909681\n|move|p1a: Victini|U-turn|p2a: Greedent\n|-damage|p2a: Greedent|298\/339\n|\n|t:|1662909683\n|switch|p1a: Marshadow|Marshadow, L70|242\/242\n|move|p2a: Greedent|Body Slam|p1a: Marshadow\n|-immune|p1a: Marshadow\n|\n|-weather|RainDance|[upkeep]\n|upkeep\n|turn|21\n|\n|t:|1662909694\n|switch|p2a: Pelipper|Pelipper, L86, F|243\/243\n|move|p1a: Marshadow|Close Combat|p2a: Pelipper\n|-resisted|p2a: Pelipper\n|-crit|p2a: Pelipper\n|-damage|p2a: Pelipper|129\/243\n|-unboost|p1a: Marshadow|def|1\n|-unboost|p1a: Marshadow|spd|1\n|\n|-weather|none\n|upkeep\n|turn|22\n|\n|t:|1662909703\n|move|p1a: Marshadow|Close Combat|p2a: Pelipper\n|-resisted|p2a: Pelipper\n|-damage|p2a: Pelipper|55\/243\n|-unboost|p1a: Marshadow|def|1\n|-unboost|p1a: Marshadow|spd|1\n|move|p2a: Pelipper|Roost|p2a: Pelipper\n|-heal|p2a: Pelipper|177\/243\n|-singleturn|p2a: Pelipper|move: Roost\n|\n|upkeep\n|turn|23\n|\n|t:|1662909711\n|move|p1a: Marshadow|Close Combat|p2a: Pelipper\n|-resisted|p2a: Pelipper\n|-damage|p2a: Pelipper|99\/243\n|-unboost|p1a: Marshadow|def|1\n|-unboost|p1a: Marshadow|spd|1\n|move|p2a: Pelipper|Roost|p2a: Pelipper\n|-heal|p2a: Pelipper|221\/243\n|-singleturn|p2a: Pelipper|move: Roost\n|\n|upkeep\n|turn|24\n|\n|t:|1662909714\n|move|p1a: Marshadow|Close Combat|p2a: Pelipper\n|-resisted|p2a: Pelipper\n|-damage|p2a: Pelipper|152\/243\n|-unboost|p1a: Marshadow|def|1\n|-unboost|p1a: Marshadow|spd|1\n|move|p2a: Pelipper|Hydro Pump|p1a: Marshadow\n|-damage|p1a: Marshadow|0 fnt\n|faint|p1a: Marshadow\n|\n|upkeep\n|\n|t:|1662909716\n|switch|p1a: Victini|Victini, L78|149\/283\n|turn|25\n|\n|t:|1662909724\n|switch|p2a: Greedent|Greedent, L84, F|298\/339\n|move|p1a: Victini|Bolt Strike|p2a: Greedent\n|-damage|p2a: Greedent|220\/339\n|\n|upkeep\n|turn|26\n|\n|t:|1662909735\n|move|p1a: Victini|Bolt Strike|p2a: Greedent\n|-damage|p2a: Greedent|141\/339\n|-status|p2a: Greedent|par\n|-enditem|p2a: Greedent|Sitrus Berry|[eat]\n|-heal|p2a: Greedent|225\/339 par|[from] item: Sitrus Berry\n|-heal|p2a: Greedent|338\/339 par|[from] ability: Cheek Pouch\n|move|p2a: Greedent|Body Slam|p1a: Victini\n|-damage|p1a: Victini|58\/283\n|\n|upkeep\n|turn|27\n|\n|t:|1662909746\n|move|p1a: Victini|V-create|p2a: Greedent\n|-damage|p2a: Greedent|164\/339 par\n|-unboost|p1a: Victini|spe|1\n|-unboost|p1a: Victini|def|1\n|-unboost|p1a: Victini|spd|1\n|move|p2a: Greedent|Body Slam|p1a: Victini\n|-damage|p1a: Victini|0 fnt\n|faint|p1a: Victini\n|\n|upkeep\n|\n|t:|1662909748\n|switch|p1a: Mienshao|Mienshao, L82, M|208\/241\n|turn|28\n|\n|t:|1662909752\n|move|p1a: Mienshao|Swords Dance|p1a: Mienshao\n|-boost|p1a: Mienshao|atk|2\n|move|p2a: Greedent|Body Slam|p1a: Mienshao\n|-damage|p1a: Mienshao|84\/241\n|\n|upkeep\n|turn|29\n|\n|t:|1662909759\n|-start|p1a: Mienshao|Dynamax|\n|-heal|p1a: Mienshao|168\/482|[silent]\n|move|p1a: Mienshao|Max Knuckle|p2a: Greedent\n|-supereffective|p2a: Greedent\n|-damage|p2a: Greedent|0 fnt\n|-boost|p1a: Mienshao|atk|1\n|faint|p2a: Greedent\n|-damage|p1a: Mienshao|144\/482|[from] item: Life Orb\n|\n|upkeep\n|\n|t:|1662909763\n|switch|p2a: Sylveon|Sylveon, L84, F|237\/297\n|turn|30\n|\n|t:|1662909766\n|move|p1a: Mienshao|Max Ooze|p2a: Sylveon\n|-supereffective|p2a: Sylveon\n|-damage|p2a: Sylveon|0 fnt\n|-boost|p1a: Mienshao|spa|1\n|faint|p2a: Sylveon\n|-damage|p1a: Mienshao|120\/482|[from] item: Life Orb\n|\n|upkeep\n|c|\u2606fosdfo|gg\n|\n|t:|1662909771\n|switch|p2a: Pelipper|Pelipper, L86, F|152\/243\n|-weather|RainDance|[from] ability: Drizzle|[of] p2a: Pelipper\n|turn|31\n|c|\u2606f~~~reezai!|gg\n|\n|t:|1662909774\n|move|p1a: Mienshao|Max Darkness|p2a: Pelipper\n|-damage|p2a: Pelipper|0 fnt\n|faint|p2a: Pelipper\n|-damage|p1a: Mienshao|96\/482|[from] item: Life Orb\n|\n|win|fosdfo\n","inputlog":">version 8cf3438afc5b4a013c2b2d0b6cd5b917bdfe9b81\n>start {\"formatid\":\"gen8randombattle\",\"seed\":[11577,42594,53309,59306]}\n>player p1 {\"name\":\"fosdfo\",\"avatar\":\"169\",\"rating\":0,\"seed\":[59012,16105,45719,32107]}\n>player p2 {\"name\":\"f~~~reezai!\",\"avatar\":\"policeman-gen4\",\"rating\":0,\"seed\":[64702,23287,57271,4293]}\n>chat \u2606fosdfo|glhf\n>p1 switch 2\n>p2 move stoneedge\n>p1 move willowisp\n>p2 switch 3\n>p1 switch 4\n>p2 move darkpulse\n>p1 move hypervoice\n>p2 switch 5\n>p1 switch 2\n>p2 move calmmind\n>p1 move vcreate\n>p2 switch 3\n>p1 switch 5\n>p2 move stoneedge\n>p1 switch 5\n>p2 switch 2\n>p1 move boltstrike\n>p2 switch 5\n>p1 move uturn\n>p2 move darkpulse\n>p1 switch 3\n>p1 move shellsmash\n>p2 move darkpulse\n>p1 move aquajet\n>p2 move darkpulse\n>p2 switch 4\n>p1 switch 4\n>p2 move superpower\n>p1 switch 4\n>p1 move shellsmash\n>p2 move liquidation\n>p1 move stoneedge\n>p2 switch 2\n>p1 move aquajet\n>p2 move earthquake\n>p2 switch 2\n>p1 move stoneedge\n>p2 move liquidation dynamax\n>p1 switch 3\n>p1 move uturn\n>p2 move liquidation dynamax\n>p1 switch 2\n>p1 switch 2\n>p1 move energyball\n>p2 move liquidation dynamax\n>p2 switch 6\n>p1 move uturn\n>p2 move bodyslam\n>p1 switch 6\n>p1 move closecombat\n>p2 switch 5\n>p1 move closecombat\n>p2 move roost\n>p1 move closecombat\n>p2 move roost\n>p1 move closecombat\n>p2 move hydropump\n>p1 switch 6\n>p1 move boltstrike\n>p2 switch 5\n>p1 move boltstrike\n>p2 move bodyslam\n>p1 move vcreate\n>p2 move bodyslam\n>p1 switch 5\n>p1 move swordsdance\n>p2 move bodyslam\n>p1 move closecombat dynamax\n>p2 move bodyslam\n>p2 switch 3\n>p1 move poisonjab dynamax\n>p2 move hypervoice\n>chat \u2606fosdfo|gg\n>p2 switch 5\n>chat \u2606f~~~reezai!|gg\n>p1 move knockoff dynamax\n>p2 move hydropump","uploadtime":1662909775,"views":4,"p1id":"fosdfo","p2id":"freezai","formatid":"gen8randombattle","rating":0,"private":0,"password":null}