{"id":"smogtours-gen8nationaldex-646625","p1":"Faygos","p2":"hump","format":"gen8nationaldex","log":"|inactive|Battle timer is ON: inactive players will automatically lose when time's up.\n|t:|1662327284\n|gametype|singles\n|player|p1|Faygos|265|\n|player|p2|hump|dawn-masters|\n|teamsize|p1|6\n|teamsize|p2|6\n|gen|8\n|tier|[Gen 8] National Dex\n|rule|HP Percentage Mod: HP is shown in percentages\n|rule|Endless Battle Clause: Forcing endless battles is banned\n|rule|OHKO Clause: OHKO moves are banned\n|rule|Evasion Moves Clause: Evasion moves are banned\n|rule|Species Clause: Limit one of each Pok\u00e9mon\n|rule|Dynamax Clause: You cannot dynamax\n|rule|Sleep Clause Mod: Limit one foe put to sleep\n|clearpoke\n|poke|p1|Hatterene, F|\n|poke|p1|Tapu Lele|\n|poke|p1|Greninja, M|\n|poke|p1|Landorus-Therian, M|\n|poke|p1|Torkoal, M|\n|poke|p1|Sawsbuck-Winter, F|\n|poke|p2|Torkoal, F|\n|poke|p2|Venusaur, F|\n|poke|p2|Victini|\n|poke|p2|Gastrodon, M|\n|poke|p2|Skarmory, F|\n|poke|p2|Diancie|\n|teampreview\n|inactive|Faygos also wants the timer to be on.\n|inactive|hump also wants the timer to be on.\n|inactive|Faygos has 270 seconds left.\n|\n|t:|1662327320\n|start\n|switch|p1a: LIL BUCKYYYYY|Landorus-Therian, M|100\/100\n|switch|p2a: Diancie|Diancie|100\/100\n|-ability|p1a: LIL BUCKYYYYY|Intimidate|boost\n|-fail|p2a: Diancie|unboost|[from] ability: Clear Body|[of] p2a: Diancie\n|turn|1\n|\n|t:|1662327324\n|switch|p2a: Skarmory|Skarmory, F|100\/100\n|move|p1a: LIL BUCKYYYYY|Earthquake|p2a: Skarmory\n|-immune|p2a: Skarmory\n|\n|upkeep\n|turn|2\n|\n|t:|1662327331\n|switch|p2a: Diancie|Diancie|100\/100\n|move|p1a: LIL BUCKYYYYY|Stealth Rock|p2a: Diancie\n|-sidestart|p2: hump|move: Stealth Rock\n|\n|upkeep\n|turn|3\n|\n|t:|1662327334\n|detailschange|p2a: Diancie|Diancie-Mega\n|-mega|p2a: Diancie|Diancie|Diancite\n|move|p2a: Diancie|Encore|p1a: LIL BUCKYYYYY\n|-start|p1a: LIL BUCKYYYYY|Encore\n|move|p1a: LIL BUCKYYYYY|Stealth Rock|p2a: Diancie\n|move|p2a: Diancie|Stealth Rock|p1a: LIL BUCKYYYYY|[from]ability: Magic Bounce\n|-sidestart|p1: Faygos|move: Stealth Rock\n|\n|upkeep\n|turn|4\n|\n|t:|1662327350\n|switch|p1a: LIL BUCKYYYY|Tapu Lele, shiny|100\/100\n|-damage|p1a: LIL BUCKYYYY|88\/100|[from] Stealth Rock\n|-fieldstart|move: Psychic Terrain|[from] ability: Psychic Surge|[of] p1a: LIL BUCKYYYY\n|move|p2a: Diancie|Moonblast|p1a: LIL BUCKYYYY\n|-damage|p1a: LIL BUCKYYYY|49\/100\n|\n|upkeep\n|turn|5\n|\n|t:|1662327352\n|move|p2a: Diancie|Diamond Storm|p1a: LIL BUCKYYYY\n|-damage|p1a: LIL BUCKYYYY|0 fnt\n|-boost|p2a: Diancie|def|2\n|faint|p1a: LIL BUCKYYYY\n|\n|upkeep\n|\n|t:|1662327358\n|switch|p1a: LIL BUCKYYYYYYYY|Torkoal, M|100\/100\n|-weather|SunnyDay|[from] ability: Drought|[of] p1a: LIL BUCKYYYYYYYY\n|turn|6\n|\n|t:|1662327360\n|move|p2a: Diancie|Diamond Storm|p1a: LIL BUCKYYYYYYYY\n|-supereffective|p1a: LIL BUCKYYYYYYYY\n|-damage|p1a: LIL BUCKYYYYYYYY|16\/100\n|-boost|p2a: Diancie|def|2\n|move|p1a: LIL BUCKYYYYYYYY|Solar Beam||[still]\n|-prepare|p1a: LIL BUCKYYYYYYYY|Solar Beam\n|-anim|p1a: LIL BUCKYYYYYYYY|Solar Beam|p2a: Diancie\n|-supereffective|p2a: Diancie\n|-damage|p2a: Diancie|8\/100\n|\n|-weather|SunnyDay|[upkeep]\n|upkeep\n|turn|7\n|\n|t:|1662327368\n|move|p2a: Diancie|Moonblast|p1a: LIL BUCKYYYYYYYY\n|-resisted|p1a: LIL BUCKYYYYYYYY\n|-damage|p1a: LIL BUCKYYYYYYYY|0 fnt\n|faint|p1a: LIL BUCKYYYYYYYY\n|\n|-weather|SunnyDay|[upkeep]\n|upkeep\n|\n|t:|1662327369\n|switch|p1a: LIL BUCKY|Sawsbuck-Winter, F|100\/100\n|-damage|p1a: LIL BUCKY|88\/100|[from] Stealth Rock\n|turn|8\n|\n|t:|1662327372\n|move|p1a: LIL BUCKY|Frustration|p2a: Diancie\n|-resisted|p2a: Diancie\n|-damage|p2a: Diancie|0 fnt\n|faint|p2a: Diancie\n|-damage|p1a: LIL BUCKY|78\/100|[from] item: Life Orb\n|\n|-weather|SunnyDay|[upkeep]\n|-fieldend|move: Psychic Terrain\n|upkeep\n|\n|t:|1662327379\n|switch|p2a: Skarmory|Skarmory, F|100\/100\n|-damage|p2a: Skarmory|88\/100|[from] Stealth Rock\n|turn|9\n|\n|t:|1662327381\n|switch|p2a: Venusaur|Venusaur, F|100\/100\n|-damage|p2a: Venusaur|88\/100|[from] Stealth Rock\n|move|p1a: LIL BUCKY|Swords Dance|p1a: LIL BUCKY\n|-boost|p1a: LIL BUCKY|atk|2\n|\n|-weather|SunnyDay|[upkeep]\n|upkeep\n|turn|10\n|\n|t:|1662327384\n|switch|p2a: Skarmory|Skarmory, F|88\/100\n|-damage|p2a: Skarmory|76\/100|[from] Stealth Rock\n|move|p1a: LIL BUCKY|Frustration|p2a: Skarmory\n|-resisted|p2a: Skarmory\n|-damage|p2a: Skarmory|34\/100\n|-damage|p1a: LIL BUCKY|62\/100|[from] item: Rocky Helmet|[of] p2a: Skarmory\n|-damage|p1a: LIL BUCKY|52\/100|[from] item: Life Orb\n|\n|-weather|none\n|upkeep\n|turn|11\n|\n|t:|1662327389\n|move|p1a: LIL BUCKY|Frustration|p2a: Skarmory\n|-resisted|p2a: Skarmory\n|-damage|p2a: Skarmory|0 fnt\n|-damage|p1a: LIL BUCKY|35\/100|[from] item: Rocky Helmet|[of] p2a: Skarmory\n|faint|p2a: Skarmory\n|-damage|p1a: LIL BUCKY|25\/100|[from] item: Life Orb\n|\n|upkeep\n|\n|t:|1662327390\n|switch|p2a: Torkoal|Torkoal, F|100\/100\n|-damage|p2a: Torkoal|76\/100|[from] Stealth Rock\n|-weather|SunnyDay|[from] ability: Drought|[of] p2a: Torkoal\n|turn|12\n|\n|t:|1662327393\n|move|p1a: LIL BUCKY|Frustration|p2a: Torkoal\n|-damage|p2a: Torkoal|10\/100\n|-damage|p1a: LIL BUCKY|15\/100|[from] item: Life Orb\n|move|p2a: Torkoal|Lava Plume|p1a: LIL BUCKY\n|-supereffective|p1a: LIL BUCKY\n|-damage|p1a: LIL BUCKY|0 fnt\n|faint|p1a: LIL BUCKY\n|\n|-weather|SunnyDay|[upkeep]\n|upkeep\n|\n|t:|1662327400\n|switch|p1a: LIL BUCKYYYYY|Landorus-Therian, M|100\/100\n|-damage|p1a: LIL BUCKYYYYY|88\/100|[from] Stealth Rock\n|-ability|p1a: LIL BUCKYYYYY|Intimidate|boost\n|-unboost|p2a: Torkoal|atk|1\n|turn|13\n|\n|t:|1662327405\n|move|p1a: LIL BUCKYYYYY|Knock Off|p2a: Torkoal\n|-damage|p2a: Torkoal|0 fnt\n|-enditem|p2a: Torkoal|Heat Rock|[from] move: Knock Off|[of] p1a: LIL BUCKYYYYY\n|faint|p2a: Torkoal\n|\n|-weather|SunnyDay|[upkeep]\n|upkeep\n|\n|t:|1662327408\n|switch|p2a: Venusaur|Venusaur, F|88\/100\n|-damage|p2a: Venusaur|76\/100|[from] Stealth Rock\n|turn|14\n|\n|t:|1662327412\n|move|p2a: Venusaur|Giga Drain|p1a: LIL BUCKYYYYY\n|-damage|p1a: LIL BUCKYYYYY|39\/100\n|-heal|p2a: Venusaur|100\/100|[from] drain|[of] p1a: LIL BUCKYYYYY\n|-damage|p2a: Venusaur|91\/100|[from] item: Life Orb\n|move|p1a: LIL BUCKYYYYY|Earthquake|p2a: Venusaur\n|-damage|p2a: Venusaur|32\/100\n|\n|-weather|SunnyDay|[upkeep]\n|upkeep\n|turn|15\n|\n|t:|1662327415\n|move|p2a: Venusaur|Giga Drain|p1a: LIL BUCKYYYYY\n|-damage|p1a: LIL BUCKYYYYY|0 fnt\n|-heal|p2a: Venusaur|57\/100|[from] drain|[of] p1a: LIL BUCKYYYYY\n|faint|p1a: LIL BUCKYYYYY\n|-damage|p2a: Venusaur|47\/100|[from] item: Life Orb\n|\n|-weather|SunnyDay|[upkeep]\n|upkeep\n|\n|t:|1662327420\n|switch|p1a: LIL BUCKYY|Hatterene, F|100\/100\n|-damage|p1a: LIL BUCKYY|88\/100|[from] Stealth Rock\n|turn|16\n|\n|t:|1662327422\n|move|p2a: Venusaur|Giga Drain|p1a: LIL BUCKYY\n|-damage|p1a: LIL BUCKYY|38\/100\n|-heal|p2a: Venusaur|74\/100|[from] drain|[of] p1a: LIL BUCKYY\n|-damage|p2a: Venusaur|64\/100|[from] item: Life Orb\n|move|p1a: LIL BUCKYY|Trick Room|p1a: LIL BUCKYY\n|-fieldstart|move: Trick Room|[of] p1a: LIL BUCKYY\n|\n|-weather|SunnyDay|[upkeep]\n|upkeep\n|turn|17\n|\n|t:|1662327425\n|switch|p2a: Gastrodon|Gastrodon, M|100\/100\n|-damage|p2a: Gastrodon|94\/100|[from] Stealth Rock\n|move|p1a: LIL BUCKYY|Psychic|p2a: Gastrodon\n|-crit|p2a: Gastrodon\n|-damage|p2a: Gastrodon|41\/100\n|\n|-weather|SunnyDay|[upkeep]\n|-heal|p2a: Gastrodon|47\/100|[from] item: Leftovers\n|upkeep\n|turn|18\n|\n|t:|1662327430\n|-zpower|p1a: LIL BUCKYY\n|move|p1a: LIL BUCKYY|Shattered Psyche|p2a: Gastrodon|[zeffect]\n|-damage|p2a: Gastrodon|0 fnt\n|faint|p2a: Gastrodon\n|\n|-weather|SunnyDay|[upkeep]\n|upkeep\n|\n|t:|1662327431\n|switch|p2a: Victini|Victini|100\/100\n|-damage|p2a: Victini|76\/100|[from] Stealth Rock\n|turn|19\n|inactive|hump has 270 seconds left.\n|\n|t:|1662327462\n|move|p1a: LIL BUCKYY|Psychic|p2a: Victini\n|-resisted|p2a: Victini\n|-damage|p2a: Victini|47\/100\n|move|p2a: Victini|V-create|p1a: LIL BUCKYY\n|-damage|p1a: LIL BUCKYY|0 fnt\n|-unboost|p2a: Victini|spe|1\n|-unboost|p2a: Victini|def|1\n|-unboost|p2a: Victini|spd|1\n|faint|p1a: LIL BUCKYY\n|\n|-weather|none\n|upkeep\n|\n|t:|1662327464\n|switch|p1a: LIL BUCKYYY|Greninja, M|100\/100\n|-damage|p1a: LIL BUCKYYY|88\/100|[from] Stealth Rock\n|turn|20\n|\n|t:|1662327468\n|move|p2a: Victini|V-create|p1a: LIL BUCKYYY\n|-resisted|p1a: LIL BUCKYYY\n|-damage|p1a: LIL BUCKYYY|0 fnt\n|-unboost|p2a: Victini|spe|1\n|-unboost|p2a: Victini|def|1\n|-unboost|p2a: Victini|spd|1\n|faint|p1a: LIL BUCKYYY\n|\n|win|hump\n","uploadtime":1662327469,"views":25,"p1id":"faygos","p2id":"hump","formatid":"gen8nationaldex","rating":0,"private":0,"password":null}