{"id":"smogtours-gen7pickyourteamrandombattle-655947","p1":"MinecraftUprising","p2":"dekzeh","format":"gen7pickyourteamrandombattle","log":"|inactive|Battle timer is ON: inactive players will automatically lose when time's up.\n|t:|1666197974\n|gametype|singles\n|player|p1|MinecraftUprising|wally|\n|player|p2|dekzeh|102|\n|teamsize|p1|12\n|teamsize|p2|12\n|gen|7\n|tier|[Gen 7] Pick-Your-Team Random Battle\n|rule|Sleep Clause Mod: Limit one foe put to sleep\n|rule|HP Percentage Mod: HP is shown in percentages\n|rule|Mega Rayquaza Clause: You cannot mega evolve Rayquaza\n|clearpoke\n|poke|p1|Avalugg, L88, M|item\n|poke|p1|Necrozma-Dawn-Wings, L76|item\n|poke|p1|Vileplume, L86, M|item\n|poke|p1|Muk-Alola, L82, F|item\n|poke|p1|Giratina, L76|item\n|poke|p1|Primeape, L88, F|item\n|poke|p1|Audino, L88, M|item\n|poke|p1|Girafarig, L88, F|item\n|poke|p1|Mawile, L80, M|item\n|poke|p1|Electrode, L88|item\n|poke|p1|Garbodor, L86, F|item\n|poke|p1|Porygon-Z, L82|item\n|poke|p2|Tauros, L88, M|item\n|poke|p2|Bronzong, L84|item\n|poke|p2|Rhyperior, L84, M|item\n|poke|p2|Ambipom, L86, M|item\n|poke|p2|Stunfisk, L88, M|item\n|poke|p2|Rhydon, L86, F|item\n|poke|p2|Altaria, L82, M|item\n|poke|p2|Haxorus, L82, F|item\n|poke|p2|Eelektross, L88, F|item\n|poke|p2|Zapdos, L80|item\n|poke|p2|Swanna, L88, F|item\n|poke|p2|Thundurus, L82, M|item\n|teampreview|6\n|inactive|MinecraftUprising has 270 seconds left.\n|inactive|dekzeh has 270 seconds left.\n|inactive|MinecraftUprising has 240 seconds left.\n|inactive|dekzeh has 240 seconds left.\n|inactive|dekzeh has 210 seconds left.\n|\n|t:|1666198084\n|start\n|switch|p1a: Garbodor|Garbodor, L86, F|278\/278\n|switch|p2a: Zapdos|Zapdos, L80|275\/275\n|-ability|p2a: Zapdos|Pressure\n|turn|1\n|inactive|MinecraftUprising has 270 seconds left.\n|inactive|dekzeh has 240 seconds left.\n|inactive|MinecraftUprising has 240 seconds left.\n|inactive|MinecraftUprising has 210 seconds left.\n|\n|t:|1666198170\n|move|p2a: Zapdos|Discharge|p1a: Garbodor\n|-damage|p1a: Garbodor|172\/278\n|move|p1a: Garbodor|Toxic Spikes|p2a: Zapdos\n|-sidestart|p2: dekzeh|move: Toxic Spikes\n|\n|-heal|p1a: Garbodor|189\/278|[from] item: Black Sludge\n|upkeep\n|turn|2\n|\n|t:|1666198179\n|move|p2a: Zapdos|Discharge|p1a: Garbodor\n|-damage|p1a: Garbodor|89\/278\n|move|p1a: Garbodor|Pain Split|p2a: Zapdos\n|-sethp|p2a: Zapdos|182\/275|[from] move: Pain Split|[silent]\n|-sethp|p1a: Garbodor|182\/278|[from] move: Pain Split\n|\n|-heal|p2a: Zapdos|199\/275|[from] item: Leftovers\n|-heal|p1a: Garbodor|199\/278|[from] item: Black Sludge\n|upkeep\n|turn|3\n|inactive|MinecraftUprising has 210 seconds left.\n|\n|t:|1666198196\n|move|p2a: Zapdos|Discharge|p1a: Garbodor\n|-damage|p1a: Garbodor|99\/278\n|move|p1a: Garbodor|Gunk Shot|p2a: Zapdos\n|-damage|p2a: Zapdos|45\/275\n|\n|-heal|p2a: Zapdos|62\/275|[from] item: Leftovers\n|-heal|p1a: Garbodor|116\/278|[from] item: Black Sludge\n|upkeep\n|turn|4\n|\n|t:|1666198205\n|switch|p1a: Giratina|Giratina, L76|353\/353\n|-ability|p1a: Giratina|Pressure\n|move|p2a: Zapdos|Roost|p2a: Zapdos\n|-heal|p2a: Zapdos|200\/275\n|-singleturn|p2a: Zapdos|move: Roost\n|\n|-heal|p2a: Zapdos|217\/275|[from] item: Leftovers\n|upkeep\n|turn|5\n|inactive|MinecraftUprising has 210 seconds left.\n|inactive|dekzeh has 240 seconds left.\n|\n|t:|1666198226\n|move|p2a: Zapdos|Toxic|p1a: Giratina|[miss]\n|-miss|p2a: Zapdos|p1a: Giratina\n|move|p1a: Giratina|Calm Mind|p1a: Giratina\n|-boost|p1a: Giratina|spa|1\n|-boost|p1a: Giratina|spd|1\n|\n|-heal|p2a: Zapdos|234\/275|[from] item: Leftovers\n|upkeep\n|turn|6\n|\n|t:|1666198229\n|move|p2a: Zapdos|U-turn|p1a: Giratina\n|-resisted|p1a: Giratina\n|-damage|p1a: Giratina|335\/353\n|\n|t:|1666198230\n|switch|p2a: Altaria|Altaria, L82, M|257\/257\n|move|p1a: Giratina|Calm Mind|p1a: Giratina\n|-boost|p1a: Giratina|spa|1\n|-boost|p1a: Giratina|spd|1\n|\n|-heal|p1a: Giratina|353\/353|[from] item: Leftovers\n|upkeep\n|turn|7\n|\n|t:|1666198238\n|switch|p1a: Vileplume|Vileplume, L86, M|269\/269\n|detailschange|p2a: Altaria|Altaria-Mega, L82, M\n|-mega|p2a: Altaria|Altaria|Altarianite\n|move|p2a: Altaria|Return|p1a: Vileplume\n|-resisted|p1a: Vileplume\n|-damage|p1a: Vileplume|202\/269\n|-status|p2a: Altaria|psn|[from] ability: Effect Spore|[of] p1a: Vileplume\n|\n|-heal|p1a: Vileplume|218\/269|[from] item: Black Sludge\n|-damage|p2a: Altaria|225\/257 psn|[from] psn\n|upkeep\n|turn|8\n|\n|t:|1666198261\n|switch|p2a: Zapdos|Zapdos, L80|234\/275\n|-ability|p2a: Zapdos|Pressure\n|move|p1a: Vileplume|Hidden Power|p2a: Zapdos\n|-damage|p2a: Zapdos|178\/275\n|\n|-heal|p2a: Zapdos|195\/275|[from] item: Leftovers\n|-heal|p1a: Vileplume|234\/269|[from] item: Black Sludge\n|upkeep\n|turn|9\n|inactive|MinecraftUprising has 240 seconds left.\n|\n|t:|1666198273\n|move|p2a: Zapdos|Discharge|p1a: Vileplume\n|-resisted|p1a: Vileplume\n|-damage|p1a: Vileplume|187\/269\n|move|p1a: Vileplume|Sleep Powder|p2a: Zapdos\n|-status|p2a: Zapdos|slp|[from] move: Sleep Powder\n|\n|-heal|p2a: Zapdos|212\/275 slp|[from] item: Leftovers\n|-heal|p1a: Vileplume|203\/269|[from] item: Black Sludge\n|upkeep\n|turn|10\n|inactive|MinecraftUprising has 240 seconds left.\n|\n|t:|1666198284\n|switch|p2a: Thundurus|Thundurus, L82, M|263\/263\n|move|p1a: Vileplume|Giga Drain|p2a: Thundurus\n|-resisted|p2a: Thundurus\n|-crit|p2a: Thundurus\n|-damage|p2a: Thundurus|180\/263\n|-heal|p1a: Vileplume|245\/269|[from] drain|[of] p2a: Thundurus\n|\n|-heal|p2a: Thundurus|196\/263|[from] item: Leftovers\n|-heal|p1a: Vileplume|261\/269|[from] item: Black Sludge\n|upkeep\n|turn|11\n|inactive|MinecraftUprising has 240 seconds left.\n|\n|t:|1666198301\n|switch|p1a: Avalugg|Avalugg, L88, M|310\/310\n|move|p2a: Thundurus|Thunder Wave|p1a: Avalugg|[miss]\n|-miss|p2a: Thundurus|p1a: Avalugg\n|\n|-heal|p2a: Thundurus|212\/263|[from] item: Leftovers\n|upkeep\n|turn|12\n|\n|t:|1666198315\n|switch|p2a: Swanna|Swanna, L88, F|275\/275\n|move|p1a: Avalugg|Avalanche|p2a: Swanna\n|-damage|p2a: Swanna|176\/275\n|\n|upkeep\n|turn|13\n|\n|t:|1666198331\n|switch|p1a: Giratina|Giratina, L76|353\/353\n|-ability|p1a: Giratina|Pressure\n|move|p2a: Swanna|Ice Beam|p1a: Giratina\n|-supereffective|p1a: Giratina\n|-damage|p1a: Giratina|215\/353\n|-damage|p2a: Swanna|149\/275|[from] item: Life Orb\n|\n|-heal|p1a: Giratina|237\/353|[from] item: Leftovers\n|upkeep\n|turn|14\n|\n|t:|1666198340\n|move|p2a: Swanna|Roost|p2a: Swanna\n|-heal|p2a: Swanna|275\/275\n|-singleturn|p2a: Swanna|move: Roost\n|move|p1a: Giratina|Rest|p1a: Giratina\n|-status|p1a: Giratina|slp|[from] move: Rest\n|-heal|p1a: Giratina|353\/353 slp|[silent]\n|\n|upkeep\n|turn|15\n|\n|t:|1666198354\n|move|p2a: Swanna|Ice Beam|p1a: Giratina\n|-supereffective|p1a: Giratina\n|-damage|p1a: Giratina|207\/353 slp\n|-damage|p2a: Swanna|248\/275|[from] item: Life Orb\n|cant|p1a: Giratina|slp\n|move|p1a: Giratina|Sleep Talk|p1a: Giratina\n|move|p1a: Giratina|Rest||[from]move: Sleep Talk|[still]\n|-fail|p1a: Giratina\n|\n|-heal|p1a: Giratina|229\/353 slp|[from] item: Leftovers\n|upkeep\n|turn|16\n|\n|t:|1666198363\n|switch|p1a: Necrozma|Necrozma-Dawn-Wings, L76|272\/272\n|move|p2a: Swanna|Ice Beam|p1a: Necrozma\n|-damage|p1a: Necrozma|197\/272\n|-damage|p2a: Swanna|221\/275|[from] item: Life Orb\n|\n|upkeep\n|turn|17\n|c|\u2606dekzeh|wtf bro\n|inactive|dekzeh has 270 seconds left.\n|c|\u2606dekzeh|u got all the guys\n|c|\u2606MinecraftUprising|yeah bro\n|\n|t:|1666198389\n|move|p2a: Swanna|Scald|p1a: Necrozma\n|-crit|p1a: Necrozma\n|-damage|p1a: Necrozma|55\/272\n|-damage|p2a: Swanna|194\/275|[from] item: Life Orb\n|move|p1a: Necrozma|Moongeist Beam|p2a: Swanna\n|-damage|p2a: Swanna|32\/275\n|\n|upkeep\n|turn|18\n|inactive|dekzeh has 240 seconds left.\n|\n|t:|1666198430\n|detailschange|p1a: Necrozma|Necrozma-Ultra, L76\n|-burst|p1a: Necrozma|Necrozma|Ultranecrozium Z\n|move|p1a: Necrozma|Photon Geyser|p2a: Swanna\n|-damage|p2a: Swanna|0 fnt\n|faint|p2a: Swanna\n|\n|upkeep\n|inactive|dekzeh has 210 seconds left.\n|\n|t:|1666198448\n|switch|p2a: Tauros|Tauros, L88, M|275\/275\n|-status|p2a: Tauros|psn\n|-ability|p2a: Tauros|Intimidate|boost\n|-unboost|p1a: Necrozma|atk|1\n|turn|19\n|inactive|dekzeh has 210 seconds left.\n|\n|t:|1666198466\n|switch|p1a: Avalugg|Avalugg, L88, M|310\/310\n|move|p2a: Tauros|Double-Edge|p1a: Avalugg\n|-damage|p1a: Avalugg|199\/310\n|-damage|p2a: Tauros|238\/275 psn|[from] Recoil\n|\n|-heal|p1a: Avalugg|218\/310|[from] item: Leftovers\n|-damage|p2a: Tauros|204\/275 psn|[from] psn\n|upkeep\n|turn|20\n|inactive|dekzeh has 210 seconds left.\n|\n|t:|1666198473\n|switch|p2a: Rhyperior|Rhyperior, L84, M|330\/330\n|-status|p2a: Rhyperior|psn\n|move|p1a: Avalugg|Recover|p1a: Avalugg\n|-heal|p1a: Avalugg|310\/310\n|\n|-damage|p2a: Rhyperior|289\/330 psn|[from] psn\n|upkeep\n|turn|21\n|\n|t:|1666198479\n|move|p2a: Rhyperior|Stone Edge|p1a: Avalugg\n|-supereffective|p1a: Avalugg\n|-damage|p1a: Avalugg|158\/310\n|move|p1a: Avalugg|Toxic||[still]\n|-fail|p1a: Avalugg\n|\n|-heal|p1a: Avalugg|177\/310|[from] item: Leftovers\n|-damage|p2a: Rhyperior|248\/330 psn|[from] psn\n|upkeep\n|turn|22\n|c|\u2606MinecraftUprising|im bsd\n|c|\u2606MinecraftUprising|bad\n|\n|t:|1666198487\n|move|p2a: Rhyperior|Stone Edge|p1a: Avalugg\n|-supereffective|p1a: Avalugg\n|-damage|p1a: Avalugg|39\/310\n|move|p1a: Avalugg|Recover|p1a: Avalugg\n|-heal|p1a: Avalugg|194\/310\n|\n|-heal|p1a: Avalugg|213\/310|[from] item: Leftovers\n|-damage|p2a: Rhyperior|207\/330 psn|[from] psn\n|upkeep\n|turn|23\n|\n|t:|1666198491\n|move|p2a: Rhyperior|Earthquake|p1a: Avalugg\n|-crit|p1a: Avalugg\n|-damage|p1a: Avalugg|110\/310\n|move|p1a: Avalugg|Recover|p1a: Avalugg\n|-heal|p1a: Avalugg|265\/310\n|\n|-heal|p1a: Avalugg|284\/310|[from] item: Leftovers\n|-damage|p2a: Rhyperior|166\/330 psn|[from] psn\n|upkeep\n|turn|24\n|\n|t:|1666198494\n|move|p2a: Rhyperior|Stone Edge|p1a: Avalugg\n|-supereffective|p1a: Avalugg\n|-damage|p1a: Avalugg|138\/310\n|move|p1a: Avalugg|Recover|p1a: Avalugg\n|-heal|p1a: Avalugg|293\/310\n|\n|-heal|p1a: Avalugg|310\/310|[from] item: Leftovers\n|-damage|p2a: Rhyperior|125\/330 psn|[from] psn\n|upkeep\n|turn|25\n|\n|t:|1666198504\n|switch|p2a: Thundurus|Thundurus, L82, M|212\/263\n|switch|p1a: Mawile|Mawile, L80, M|211\/211\n|-ability|p1a: Mawile|Intimidate|boost\n|-unboost|p2a: Thundurus|atk|1\n|\n|-heal|p2a: Thundurus|228\/263|[from] item: Leftovers\n|upkeep\n|turn|26\n|inactive|dekzeh has 240 seconds left.\n|\n|t:|1666198521\n|detailschange|p1a: Mawile|Mawile-Mega, L80, M\n|-mega|p1a: Mawile|Mawile|Mawilite\n|move|p2a: Thundurus|Thunderbolt|p1a: Mawile\n|-damage|p1a: Mawile|105\/211\n|move|p1a: Mawile|Play Rough|p2a: Thundurus\n|-damage|p2a: Thundurus|21\/263\n|\n|-heal|p2a: Thundurus|37\/263|[from] item: Leftovers\n|upkeep\n|turn|27\n|inactive|dekzeh has 240 seconds left.\n|\n|t:|1666198538\n|switch|p1a: Vileplume|Vileplume, L86, M|261\/269\n|move|p2a: Thundurus|Thunderbolt|p1a: Vileplume\n|-resisted|p1a: Vileplume\n|-damage|p1a: Vileplume|206\/269\n|\n|-heal|p2a: Thundurus|53\/263|[from] item: Leftovers\n|-heal|p1a: Vileplume|222\/269|[from] item: Black Sludge\n|upkeep\n|turn|28\n|\n|t:|1666198542\n|move|p2a: Thundurus|Hidden Power|p1a: Vileplume\n|-supereffective|p1a: Vileplume\n|-damage|p1a: Vileplume|76\/269\n|move|p1a: Vileplume|Giga Drain|p2a: Thundurus\n|-resisted|p2a: Thundurus\n|-crit|p2a: Thundurus\n|-damage|p2a: Thundurus|0 fnt\n|-heal|p1a: Vileplume|103\/269|[from] drain|[of] p2a: Thundurus\n|faint|p2a: Thundurus\n|\n|-heal|p1a: Vileplume|119\/269|[from] item: Black Sludge\n|upkeep\n|c|\u2606dekzeh|bro\n|inactive|dekzeh has 240 seconds left.\n|\n|t:|1666198558\n|switch|p2a: Altaria|Altaria-Mega, L82, M|225\/257 psn\n|turn|29\n|\n|t:|1666198563\n|move|p2a: Altaria|Heal Bell|p2a: Altaria\n|-activate|p2a: Altaria|move: Heal Bell\n|-curestatus|p2a: Altaria|psn|[msg]\n|-curestatus|p2: Tauros|psn|[msg]\n|-curestatus|p2: Zapdos|slp|[msg]\n|-curestatus|p2: Rhyperior|psn|[msg]\n|move|p1a: Vileplume|Strength Sap|p2a: Altaria\n|-unboost|p2a: Altaria|atk|1\n|-heal|p1a: Vileplume|269\/269\n|\n|upkeep\n|turn|30\n|\n|t:|1666198568\n|move|p2a: Altaria|Dragon Dance|p2a: Altaria\n|-boost|p2a: Altaria|atk|1\n|-boost|p2a: Altaria|spe|1\n|move|p1a: Vileplume|Sleep Powder|p2a: Altaria\n|-status|p2a: Altaria|slp|[from] move: Sleep Powder\n|\n|upkeep\n|turn|31\n|\n|t:|1666198577\n|switch|p2a: Zapdos|Zapdos, L80|212\/275\n|-ability|p2a: Zapdos|Pressure\n|switch|p1a: Mawile|Mawile-Mega, L80, M|105\/211\n|\n|-heal|p2a: Zapdos|229\/275|[from] item: Leftovers\n|upkeep\n|turn|32\n|\n|t:|1666198583\n|switch|p1a: Vileplume|Vileplume, L86, M|269\/269\n|move|p2a: Zapdos|Discharge|p1a: Vileplume\n|-resisted|p1a: Vileplume\n|-damage|p1a: Vileplume|224\/269\n|\n|-heal|p2a: Zapdos|246\/275|[from] item: Leftovers\n|-heal|p1a: Vileplume|240\/269|[from] item: Black Sludge\n|upkeep\n|turn|33\n|\n|t:|1666198589\n|move|p2a: Zapdos|Discharge|p1a: Vileplume\n|-resisted|p1a: Vileplume\n|-damage|p1a: Vileplume|197\/269\n|move|p1a: Vileplume|Giga Drain|p2a: Zapdos\n|-resisted|p2a: Zapdos\n|-damage|p2a: Zapdos|200\/275\n|-heal|p1a: Vileplume|220\/269|[from] drain|[of] p2a: Zapdos\n|\n|-heal|p2a: Zapdos|217\/275|[from] item: Leftovers\n|-heal|p1a: Vileplume|236\/269|[from] item: Black Sludge\n|upkeep\n|turn|34\n|\n|t:|1666198594\n|switch|p1a: Giratina|Giratina, L76|229\/353 slp\n|-ability|p1a: Giratina|Pressure\n|move|p2a: Zapdos|Discharge|p1a: Giratina\n|-resisted|p1a: Giratina\n|-crit|p1a: Giratina\n|-damage|p1a: Giratina|169\/353 slp\n|\n|-heal|p2a: Zapdos|234\/275|[from] item: Leftovers\n|-heal|p1a: Giratina|191\/353 slp|[from] item: Leftovers\n|upkeep\n|turn|35\n|\n|t:|1666198597\n|move|p2a: Zapdos|U-turn|p1a: Giratina\n|-resisted|p1a: Giratina\n|-damage|p1a: Giratina|174\/353 slp\n|\n|t:|1666198600\n|switch|p2a: Altaria|Altaria-Mega, L82, M|225\/257 slp\n|cant|p1a: Giratina|slp\n|move|p1a: Giratina|Sleep Talk|p1a: Giratina\n|move|p1a: Giratina|Calm Mind|p1a: Giratina|[from]move: Sleep Talk\n|-boost|p1a: Giratina|spa|1\n|-boost|p1a: Giratina|spd|1\n|\n|-heal|p1a: Giratina|196\/353 slp|[from] item: Leftovers\n|upkeep\n|turn|36\n|\n|t:|1666198605\n|switch|p1a: Vileplume|Vileplume, L86, M|236\/269\n|cant|p2a: Altaria|slp\n|\n|-heal|p1a: Vileplume|252\/269|[from] item: Black Sludge\n|upkeep\n|turn|37\n|\n|t:|1666198610\n|-curestatus|p2a: Altaria|slp|[msg]\n|move|p2a: Altaria|Dragon Dance|p2a: Altaria\n|-boost|p2a: Altaria|atk|1\n|-boost|p2a: Altaria|spe|1\n|move|p1a: Vileplume|Sleep Powder|p2a: Altaria\n|-status|p2a: Altaria|slp|[from] move: Sleep Powder\n|\n|-heal|p1a: Vileplume|268\/269|[from] item: Black Sludge\n|upkeep\n|turn|38\n|\n|t:|1666198616\n|switch|p1a: Mawile|Mawile-Mega, L80, M|105\/211\n|cant|p2a: Altaria|slp\n|\n|upkeep\n|turn|39\n|\n|t:|1666198632\n|-curestatus|p2a: Altaria|slp|[msg]\n|move|p2a: Altaria|Earthquake|p1a: Mawile\n|-supereffective|p1a: Mawile\n|-damage|p1a: Mawile|0 fnt\n|faint|p1a: Mawile\n|\n|upkeep\n|c|\u2606dekzeh|lfg\n|c|\u2606MinecraftUprising|wtf \n|c|\u2606MinecraftUprising|dd heal bell no recover LOL\n|\n|t:|1666198645\n|switch|p1a: Avalugg|Avalugg, L88, M|310\/310\n|turn|40\n|\n|t:|1666198649\n|move|p2a: Altaria|Return|p1a: Avalugg\n|-damage|p1a: Avalugg|208\/310\n|move|p1a: Avalugg|Avalanche|p2a: Altaria\n|-supereffective|p2a: Altaria\n|-damage|p2a: Altaria|0 fnt\n|faint|p2a: Altaria\n|\n|-heal|p1a: Avalugg|227\/310|[from] item: Leftovers\n|upkeep\n|c|\u2606dekzeh|ok i cant beat avalugg\n|c|\u2606dekzeh|matchup diff\n|c|\u2606dekzeh|you got all the guys\n|\n|t:|1666198660\n|switch|p2a: Zapdos|Zapdos, L80|234\/275\n|-ability|p2a: Zapdos|Pressure\n|turn|41\n|c|\u2606MinecraftUprising|yeah my guys are a lot better than your guys\n|c|\u2606MinecraftUprising|tspike + avalugg + vileplume goes crazy here\n|\n|t:|1666198678\n|switch|p1a: Giratina|Giratina, L76|196\/353 slp\n|-ability|p1a: Giratina|Pressure\n|move|p2a: Zapdos|Discharge|p1a: Giratina\n|-resisted|p1a: Giratina\n|-damage|p1a: Giratina|154\/353 slp\n|\n|-heal|p2a: Zapdos|251\/275|[from] item: Leftovers\n|-heal|p1a: Giratina|176\/353 slp|[from] item: Leftovers\n|upkeep\n|turn|42\n|\n|t:|1666198684\n|move|p2a: Zapdos|U-turn|p1a: Giratina\n|-resisted|p1a: Giratina\n|-damage|p1a: Giratina|157\/353 slp\n|\n|t:|1666198685\n|switch|p2a: Rhyperior|Rhyperior, L84, M|125\/330\n|-status|p2a: Rhyperior|psn\n|-curestatus|p1a: Giratina|slp|[msg]\n|move|p1a: Giratina|Calm Mind|p1a: Giratina\n|-boost|p1a: Giratina|spa|1\n|-boost|p1a: Giratina|spd|1\n|\n|-heal|p1a: Giratina|179\/353|[from] item: Leftovers\n|-damage|p2a: Rhyperior|84\/330 psn|[from] psn\n|upkeep\n|turn|43\n|c|\u2606dekzeh|gg\n|\n|t:|1666198691\n|move|p1a: Giratina|Shadow Ball|p2a: Rhyperior\n|-damage|p2a: Rhyperior|0 fnt\n|faint|p2a: Rhyperior\n|\n|-heal|p1a: Giratina|201\/353|[from] item: Leftovers\n|upkeep\n|-message|dekzeh forfeited.\n|\n|win|MinecraftUprising\n","inputlog":">version 0e1aa9fa4530bfbca2a69a5ca71e1e6cf25eb697\n>start {\"formatid\":\"gen7pickyourteamrandombattle\",\"seed\":[47922,45571,22707,50042]}\n>player p1 {\"name\":\"MinecraftUprising\",\"avatar\":\"wally\",\"rating\":0,\"seed\":[11632,10789,49590,54340]}\n>player p2 {\"name\":\"dekzeh\",\"avatar\":\"102\",\"rating\":0,\"seed\":[9240,36184,15802,23561]}\n>p1 team 11, 9, 2, 5, 1, 3\n>p2 team 10, 3, 7, 1, 12, 11\n>p1 move toxicspikes\n>p2 move discharge\n>p1 move painsplit\n>p2 move discharge\n>p1 move gunkshot\n>p2 move discharge\n>p1 switch 4\n>p2 move roost\n>p1 move calmmind\n>p2 move toxic\n>p1 move calmmind\n>p2 move uturn\n>p2 switch 3\n>p1 switch 6\n>p2 move return mega\n>p1 move hiddenpower\n>p2 switch 3\n>p1 move sleeppowder\n>p2 move discharge\n>p1 move gigadrain\n>p2 switch 5\n>p1 switch 5\n>p2 move thunderwave\n>p1 move avalanche\n>p2 switch 6\n>p1 switch 6\n>p2 move icebeam\n>p1 move rest\n>p2 move roost\n>p1 move sleeptalk\n>p2 move icebeam\n>p1 switch 3\n>p2 move icebeam\n>chat \u2606dekzeh|wtf bro\n>chat \u2606dekzeh|u got all the guys\n>chat \u2606MinecraftUprising|yeah bro\n>p1 move moongeistbeam\n>p2 move scald\n>p1 move photongeyser ultra\n>p2 move icebeam\n>p2 switch 4\n>p1 switch 6\n>p2 move doubleedge\n>p1 move recover\n>p2 switch 2\n>p1 move toxic\n>p2 move stoneedge\n>chat \u2606MinecraftUprising|im bsd\n>chat \u2606MinecraftUprising|bad\n>p1 move recover\n>p2 move stoneedge\n>p1 move recover\n>p2 move earthquake\n>p1 move recover\n>p2 move stoneedge\n>p1 switch 2\n>p2 switch 6\n>p1 move playrough mega\n>p2 move thunderbolt\n>p1 switch 5\n>p2 move thunderbolt\n>p1 move gigadrain\n>p2 move hiddenpower\n>chat \u2606dekzeh|bro\n>p2 switch 3\n>p1 move strengthsap\n>p2 move healbell\n>p1 move sleeppowder\n>p2 move dragondance\n>p1 switch 5\n>p2 switch 5\n>p1 switch 5\n>p2 move discharge\n>p1 move gigadrain\n>p2 move discharge\n>p1 switch 3\n>p2 move discharge\n>p1 move sleeptalk\n>p2 move uturn\n>p2 switch 5\n>p1 switch 3\n>p2 move dragondance\n>p1 move sleeppowder\n>p2 move dragondance\n>p1 switch 5\n>p2 move earthquake\n>p1 move ironhead\n>p2 move earthquake\n>chat \u2606dekzeh|lfg\n>chat \u2606MinecraftUprising|wtf \n>chat \u2606MinecraftUprising|dd heal bell no recover LOL\n>p1 switch 2\n>p1 move avalanche\n>p2 move return\n>chat \u2606dekzeh|ok i cant beat avalugg\n>chat \u2606dekzeh|matchup diff\n>chat \u2606dekzeh|you got all the guys\n>p2 switch 5\n>chat \u2606MinecraftUprising|yeah my guys are a lot better than your guys\n>chat \u2606MinecraftUprising|tspike + avalugg + vileplume goes crazy here\n>p1 switch 3\n>p2 move discharge\n>p1 move calmmind\n>p2 move uturn\n>p2 switch 6\n>chat \u2606dekzeh|gg\n>p1 move shadowball\n>p2 move icepunch\n>forcelose p2","uploadtime":1666198692,"views":2,"p1id":"minecraftuprising","p2id":"dekzeh","formatid":"gen7pickyourteamrandombattle","rating":0,"private":0,"password":null}