{"id":"smogtours-gen7ou-351028","p1":"Gotham Paladin","p2":"ost pm2","format":"gen7ou","log":"|inactive|Battle timer is ON: inactive players will automatically lose when time's up.\n|player|p1|Gotham Paladin|283\n|player|p2|ost pm2|265\n|teamsize|p1|6\n|teamsize|p2|6\n|gametype|singles\n|gen|7\n|tier|[Gen 7] OU\n|rule|Sleep Clause Mod: Limit one foe put to sleep\n|rule|Species Clause: Limit one of each Pok\u00e9mon\n|rule|OHKO Clause: OHKO moves are banned\n|rule|Moody Clause: Moody is banned\n|rule|Evasion Moves Clause: Evasion moves are banned\n|rule|Endless Battle Clause: Forcing endless battles is banned\n|rule|HP Percentage Mod: HP is shown in percentages\n|clearpoke\n|poke|p1|Kartana|item\n|poke|p1|Muk-Alola, F|item\n|poke|p1|Landorus-Therian, M|item\n|poke|p1|Tapu Lele|item\n|poke|p1|Keldeo-Resolute|item\n|poke|p1|Manectric, F|item\n|poke|p2|Pinsir, F|item\n|poke|p2|Magnezone|item\n|poke|p2|Toxapex, M|item\n|poke|p2|Landorus-Therian, M|item\n|poke|p2|Tapu Bulu|item\n|poke|p2|Latios, M|item\n|teampreview\n|c|\u2606ost pm2|hf\n|c|\u2606Gotham Paladin|hf\n|inactive|ost pm2 has 285 seconds left.\n|\n|start\n|switch|p1a: Tapu Lele|Tapu Lele|100\/100\n|switch|p2a: Landorus|Landorus-Therian, M|100\/100\n|-fieldstart|move: Psychic Terrain|[from] ability: Psychic Surge|[of] p1a: Tapu Lele\n|-ability|p2a: Landorus|Intimidate|boost\n|-unboost|p1a: Tapu Lele|atk|1\n|turn|1\n|\n|switch|p2a: Tapu Bulu|Tapu Bulu|100\/100\n|-fieldstart|move: Grassy Terrain|[from] ability: Grassy Surge|[of] p2a: Tapu Bulu\n|move|p1a: Tapu Lele|Psychic|p2a: Tapu Bulu\n|-damage|p2a: Tapu Bulu|55\/100\n|\n|-heal|p2a: Tapu Bulu|61\/100|[from] Grassy Terrain\n|upkeep\n|turn|2\n|inactive|ost pm2 has 285 seconds left.\n|\n|switch|p1a: Landorus|Landorus-Therian, M|100\/100\n|-ability|p1a: Landorus|Intimidate|boost\n|-unboost|p2a: Tapu Bulu|atk|1\n|move|p2a: Tapu Bulu|Nature's Madness|p1a: Landorus\n|-damage|p1a: Landorus|50\/100\n|\n|-heal|p1a: Landorus|57\/100|[from] item: Leftovers\n|-heal|p2a: Tapu Bulu|67\/100|[from] Grassy Terrain\n|upkeep\n|turn|3\n|\n|move|p1a: Landorus|Stealth Rock|p2a: Tapu Bulu\n|-sidestart|p2: ost pm2|move: Stealth Rock\n|move|p2a: Tapu Bulu|Horn Leech|p1a: Landorus\n|-damage|p1a: Landorus|31\/100\n|-heal|p2a: Tapu Bulu|81\/100|[from] drain|[of] p1a: Landorus\n|\n|-heal|p1a: Landorus|37\/100|[from] item: Leftovers\n|-heal|p2a: Tapu Bulu|87\/100|[from] Grassy Terrain\n|upkeep\n|turn|4\n|\n|move|p1a: Landorus|U-turn|p2a: Tapu Bulu\n|-damage|p2a: Tapu Bulu|69\/100\n|\n|switch|p1a: Kartana|Kartana|100\/100\n|move|p2a: Tapu Bulu|Nature's Madness|p1a: Kartana\n|-damage|p1a: Kartana|50\/100\n|\n|-heal|p1a: Kartana|57\/100|[from] Grassy Terrain\n|-heal|p2a: Tapu Bulu|75\/100|[from] Grassy Terrain\n|upkeep\n|turn|5\n|\n|switch|p2a: Magnezone|Magnezone|100\/100\n|-damage|p2a: Magnezone|94\/100|[from] Stealth Rock\n|move|p1a: Kartana|Smart Strike|p2a: Magnezone\n|-resisted|p2a: Magnezone\n|-damage|p2a: Magnezone|85\/100\n|\n|-heal|p2a: Magnezone|91\/100|[from] Grassy Terrain\n|-heal|p1a: Kartana|63\/100|[from] Grassy Terrain\n|-fieldend|move: Grassy Terrain\n|upkeep\n|turn|6\n|\n|move|p2a: Magnezone|Hidden Power|p1a: Kartana\n|-supereffective|p1a: Kartana\n|-damage|p1a: Kartana|0 fnt\n|faint|p1a: Kartana\n|\n|upkeep\n|\n|switch|p1a: Landorus|Landorus-Therian, M|37\/100\n|-ability|p1a: Landorus|Intimidate|boost\n|-unboost|p2a: Magnezone|atk|1\n|turn|7\n|\n|switch|p2a: Landorus|Landorus-Therian, M|100\/100\n|-damage|p2a: Landorus|88\/100|[from] Stealth Rock\n|-ability|p2a: Landorus|Intimidate|boost\n|-unboost|p1a: Landorus|atk|1\n|move|p1a: Landorus|Hidden Power|p2a: Landorus\n|-supereffective|p2a: Landorus\n|-damage|p2a: Landorus|24\/100\n|\n|-heal|p1a: Landorus|43\/100|[from] item: Leftovers\n|upkeep\n|turn|8\n|\n|-zpower|p2a: Landorus\n|move|p2a: Landorus|Continental Crush|p1a: Landorus|[zeffect]\n|-damage|p1a: Landorus|0 fnt\n|faint|p1a: Landorus\n|\n|upkeep\n|\n|switch|p1a: Manectric|Manectric, F|100\/100\n|turn|9\n|\n|-mega|p1a: Manectric|Manectric|Manectite\n|detailschange|p1a: Manectric|Manectric-Mega, F\n|-ability|p1a: Manectric|Intimidate|boost\n|-unboost|p2a: Landorus|atk|1\n|move|p1a: Manectric|Flamethrower|p2a: Landorus\n|-damage|p2a: Landorus|0 fnt\n|faint|p2a: Landorus\n|\n|upkeep\n|\n|switch|p2a: Latios|Latios, M|100\/100\n|-damage|p2a: Latios|88\/100|[from] Stealth Rock\n|turn|10\n|\n|switch|p1a: Muk|Muk-Alola, F|100\/100\n|move|p2a: Latios|Defog|p1a: Muk\n|-unboost|p1a: Muk|evasion|1\n|-sideend|p2: ost pm2|Stealth Rock|[from] move: Defog|[of] p2a: Latios\n|\n|upkeep\n|turn|11\n|\n|-activate|p2a: Latios|move: Pursuit\n|move|p1a: Muk|Pursuit|p2a: Latios|[from]Pursuit\n|-supereffective|p2a: Latios\n|-damage|p2a: Latios|14\/100\n|switch|p2a: little baby ggggd|Pinsir, F, shiny|100\/100\n|\n|upkeep\n|turn|12\n|\n|-mega|p2a: little baby ggggd|Pinsir|Pinsirite\n|detailschange|p2a: little baby ggggd|Pinsir-Mega, F, shiny\n|move|p2a: little baby ggggd|Earthquake|p1a: Muk\n|-supereffective|p1a: Muk\n|-damage|p1a: Muk|12\/100\n|move|p1a: Muk|Rock Slide|p2a: little baby ggggd\n|-supereffective|p2a: little baby ggggd\n|-damage|p2a: little baby ggggd|28\/100\n|\n|upkeep\n|turn|13\n|\n|move|p2a: little baby ggggd|Quick Attack|p1a: Muk\n|-damage|p1a: Muk|0 fnt\n|faint|p1a: Muk\n|\n|upkeep\n|\n|switch|p1a: Manectric|Manectric-Mega, F|100\/100\n|-ability|p1a: Manectric|Intimidate|boost\n|-unboost|p2a: little baby ggggd|atk|1\n|turn|14\n|inactive|ost pm2 has 285 seconds left.\n|\n|switch|p2a: Latios|Latios, M|14\/100\n|move|p1a: Manectric|Flamethrower|p2a: Latios\n|-resisted|p2a: Latios\n|-damage|p2a: Latios|0 fnt\n|faint|p2a: Latios\n|\n|upkeep\n|\n|switch|p2a: Tapu Bulu|Tapu Bulu|75\/100\n|-fieldstart|move: Grassy Terrain|[from] ability: Grassy Surge|[of] p2a: Tapu Bulu\n|turn|15\n|\n|move|p1a: Manectric|Volt Switch|p2a: Tapu Bulu\n|-resisted|p2a: Tapu Bulu\n|-damage|p2a: Tapu Bulu|63\/100\n|\n|switch|p1a: Tapu Lele|Tapu Lele|100\/100\n|-fieldstart|move: Psychic Terrain|[from] ability: Psychic Surge|[of] p1a: Tapu Lele\n|move|p2a: Tapu Bulu|Horn Leech|p1a: Tapu Lele\n|-damage|p1a: Tapu Lele|49\/100\n|-heal|p2a: Tapu Bulu|85\/100|[from] drain|[of] p1a: Tapu Lele\n|\n|upkeep\n|turn|16\n|\n|move|p1a: Tapu Lele|Psychic|p2a: Tapu Bulu\n|-damage|p2a: Tapu Bulu|21\/100\n|move|p2a: Tapu Bulu|Horn Leech|p1a: Tapu Lele\n|-damage|p1a: Tapu Lele|0 fnt\n|-heal|p2a: Tapu Bulu|42\/100|[from] drain|[of] p1a: Tapu Lele\n|faint|p1a: Tapu Lele\n|\n|upkeep\n|\n|switch|p1a: Manectric|Manectric-Mega, F|100\/100\n|-ability|p1a: Manectric|Intimidate|boost\n|-unboost|p2a: Tapu Bulu|atk|1\n|turn|17\n|inactive|ost pm2 has 285 seconds left.\n|inactive|ost pm2 has 270 seconds left.\n|inactive|ost pm2 has 255 seconds left.\n|inactive|ost pm2 has 240 seconds left.\n|\n|switch|p2a: Magnezone|Magnezone|91\/100\n|move|p1a: Manectric|Flamethrower|p2a: Magnezone\n|-supereffective|p2a: Magnezone\n|-damage|p2a: Magnezone|7\/100\n|-status|p2a: Magnezone|brn\n|\n|-damage|p2a: Magnezone|1\/100 brn|[from] brn\n|upkeep\n|turn|18\n|\n|move|p1a: Manectric|Flamethrower|p2a: Magnezone\n|-supereffective|p2a: Magnezone\n|-damage|p2a: Magnezone|0 fnt\n|faint|p2a: Magnezone\n|\n|upkeep\n|\n|switch|p2a: Tapu Bulu|Tapu Bulu|42\/100\n|-fieldstart|move: Grassy Terrain|[from] ability: Grassy Surge|[of] p2a: Tapu Bulu\n|turn|19\n|\n|move|p1a: Manectric|Flamethrower|p2a: Tapu Bulu\n|-supereffective|p2a: Tapu Bulu\n|-damage|p2a: Tapu Bulu|1\/100\n|move|p2a: Tapu Bulu|Horn Leech|p1a: Manectric\n|-damage|p1a: Manectric|19\/100\n|-heal|p2a: Tapu Bulu|35\/100|[from] drain|[of] p1a: Manectric\n|\n|-heal|p1a: Manectric|25\/100|[from] Grassy Terrain\n|-heal|p2a: Tapu Bulu|41\/100|[from] Grassy Terrain\n|upkeep\n|turn|20\n|inactive|ost pm2 has 285 seconds left.\n|\n|switch|p2a: Toxapex|Toxapex, M|100\/100\n|move|p1a: Manectric|Flamethrower|p2a: Toxapex\n|-resisted|p2a: Toxapex\n|-damage|p2a: Toxapex|90\/100\n|-enditem|p2a: Toxapex|Eject Button\n|\n|switch|p2a: Tapu Bulu|Tapu Bulu|41\/100\n|\n|-heal|p1a: Manectric|31\/100|[from] Grassy Terrain\n|-heal|p2a: Tapu Bulu|47\/100|[from] Grassy Terrain\n|upkeep\n|turn|21\n|\n|move|p1a: Manectric|Flamethrower|p2a: Tapu Bulu\n|-supereffective|p2a: Tapu Bulu\n|-damage|p2a: Tapu Bulu|7\/100\n|move|p2a: Tapu Bulu|Horn Leech|p1a: Manectric\n|-damage|p1a: Manectric|0 fnt\n|-heal|p2a: Tapu Bulu|20\/100|[from] drain|[of] p1a: Manectric\n|faint|p1a: Manectric\n|\n|-heal|p2a: Tapu Bulu|26\/100|[from] Grassy Terrain\n|upkeep\n|\n|switch|p1a: Keldeo|Keldeo-Resolute|100\/100\n|turn|22\n|\n|move|p1a: Keldeo|Secret Sword|p2a: Tapu Bulu\n|-resisted|p2a: Tapu Bulu\n|-damage|p2a: Tapu Bulu|6\/100\n|move|p2a: Tapu Bulu|Horn Leech|p1a: Keldeo\n|-supereffective|p1a: Keldeo\n|-damage|p1a: Keldeo|0 fnt\n|-heal|p2a: Tapu Bulu|54\/100|[from] drain|[of] p1a: Keldeo\n|faint|p1a: Keldeo\n|\n|win|ost pm2\n","inputlog":null,"uploadtime":1518846162,"views":48,"p1id":"gothampaladin","p2id":"ostpm2","formatid":"gen7ou","rating":0,"private":0,"password":null}