{"id":"smogtours-gen7randombattle-397297","p1":"BestixL \u263e","p2":"Rey Joya \u2600\ufe0f","format":"gen7randombattle","log":"|inactive|Battle timer is ON: inactive players will automatically lose when time's up.\n|player|p1|BestixL \u263e|262\n|player|p2|Rey Joya \u2600\ufe0f|233\n|teamsize|p1|6\n|teamsize|p2|6\n|gametype|singles\n|gen|7\n|tier|[Gen 7] Random Battle\n|seed|29516,24351,44280,45355\n|rule|Sleep Clause Mod: Limit one foe put to sleep\n|rule|HP Percentage Mod: HP is shown in percentages\n|\n|start\n|switch|p1a: Mawile|Mawile, L75, M|199\/199\n|switch|p2a: Wormadam|Wormadam-Sandy, L83, F|235\/235\n|-ability|p1a: Mawile|Intimidate|boost\n|-unboost|p2a: Wormadam|atk|1\n|turn|1\n|inactive|BestixL \u263e has 270 seconds left.\n|inactive|Rey Joya \u2600\ufe0f has 270 seconds left.\n|inactive|BestixL \u263e has 240 seconds left.\n|inactive|Rey Joya \u2600\ufe0f has 240 seconds left.\n|inactive|BestixL \u263e has 210 seconds left.\n|inactive|BestixL \u263e has 180 seconds left.\n|inactive|BestixL \u263e has 150 seconds left.\n|inactive|BestixL \u263e has 120 seconds left.\n|inactive|BestixL \u263e has 90 seconds left.\n|inactive|BestixL \u263e has 60 seconds left.\n|\n|detailschange|p1a: Mawile|Mawile-Mega, L75, M\n|-mega|p1a: Mawile|Mawile|Mawilite\n|move|p1a: Mawile|Fire Fang|p2a: Wormadam\n|-supereffective|p2a: Wormadam\n|-damage|p2a: Wormadam|89\/235\n|-status|p2a: Wormadam|brn\n|move|p2a: Wormadam|Stealth Rock|p1a: Mawile\n|-sidestart|p1: BestixL \u263e|move: Stealth Rock\n|\n|-heal|p2a: Wormadam|103\/235 brn|[from] item: Leftovers\n|-damage|p2a: Wormadam|89\/235 brn|[from] brn\n|upkeep\n|turn|2\n|\n|move|p1a: Mawile|Fire Fang|p2a: Wormadam\n|-supereffective|p2a: Wormadam\n|-damage|p2a: Wormadam|0 brn\n|faint|p2a: Wormadam\n|\n|upkeep\n|\n|switch|p2a: Ho-Oh|Ho-Oh, L73|275\/275\n|turn|3\n|\n|switch|p1a: Cradily|Cradily, L83, M|278\/278\n|-damage|p1a: Cradily|244\/278|[from] Stealth Rock\n|move|p2a: Ho-Oh|Earthquake|p1a: Cradily\n|-damage|p1a: Cradily|177\/278\n|\n|-heal|p1a: Cradily|194\/278|[from] item: Leftovers\n|upkeep\n|turn|4\n|\n|switch|p2a: Floatzel|Floatzel, L83, M|277\/277\n|move|p1a: Cradily|Recover|p1a: Cradily\n|-heal|p1a: Cradily|278\/278\n|\n|upkeep\n|turn|5\n|\n|move|p2a: Floatzel|Taunt|p1a: Cradily\n|-start|p1a: Cradily|move: Taunt\n|move|p1a: Cradily|Seed Bomb|p2a: Floatzel\n|-supereffective|p2a: Floatzel\n|-damage|p2a: Floatzel|79\/277\n|\n|-heal|p2a: Floatzel|96\/277|[from] item: Leftovers\n|upkeep\n|turn|6\n|\n|move|p2a: Floatzel|Ice Punch|p1a: Cradily\n|-supereffective|p1a: Cradily\n|-damage|p1a: Cradily|168\/278\n|move|p1a: Cradily|Seed Bomb|p2a: Floatzel\n|-supereffective|p2a: Floatzel\n|-damage|p2a: Floatzel|0\n|faint|p2a: Floatzel\n|\n|-heal|p1a: Cradily|185\/278|[from] item: Leftovers\n|upkeep\n|\n|switch|p2a: Tapu Koko|Tapu Koko, L75|229\/229\n|-fieldstart|move: Electric Terrain|[from] ability: Electric Surge|[of] p2a: Tapu Koko\n|turn|7\n|\n|move|p2a: Tapu Koko|Wild Charge|p1a: Cradily\n|-resisted|p1a: Cradily\n|-damage|p1a: Cradily|126\/278\n|-damage|p2a: Tapu Koko|214\/229|[from] Recoil\n|move|p1a: Cradily|Seed Bomb|p2a: Tapu Koko\n|-damage|p2a: Tapu Koko|126\/229\n|\n|-heal|p1a: Cradily|143\/278|[from] item: Leftovers\n|-end|p1a: Cradily|move: Taunt\n|upkeep\n|turn|8\n|\n|move|p2a: Tapu Koko|Dazzling Gleam|p1a: Cradily\n|-damage|p1a: Cradily|80\/278\n|move|p1a: Cradily|Recover|p1a: Cradily\n|-heal|p1a: Cradily|219\/278\n|\n|-heal|p1a: Cradily|236\/278|[from] item: Leftovers\n|upkeep\n|turn|9\n|\n|move|p2a: Tapu Koko|Nature's Madness|p1a: Cradily\n|-damage|p1a: Cradily|118\/278\n|move|p1a: Cradily|Toxic|p2a: Tapu Koko\n|-status|p2a: Tapu Koko|tox\n|\n|-heal|p1a: Cradily|135\/278|[from] item: Leftovers\n|-damage|p2a: Tapu Koko|112\/229 tox|[from] psn\n|upkeep\n|turn|10\n|\n|move|p2a: Tapu Koko|U-turn|p1a: Cradily\n|-supereffective|p1a: Cradily\n|-damage|p1a: Cradily|32\/278\n|\n|switch|p2a: Mothim|Mothim, L83, M|251\/251|[from]move: U-turn\n|move|p1a: Cradily|Recover|p1a: Cradily\n|-heal|p1a: Cradily|171\/278\n|\n|-heal|p1a: Cradily|188\/278|[from] item: Leftovers\n|upkeep\n|turn|11\n|\n|move|p2a: Mothim|Quiver Dance|p2a: Mothim\n|-boost|p2a: Mothim|spa|1\n|-boost|p2a: Mothim|spd|1\n|-boost|p2a: Mothim|spe|1\n|move|p1a: Cradily|Rock Slide|p2a: Mothim\n|-supereffective|p2a: Mothim\n|-damage|p2a: Mothim|0\n|faint|p2a: Mothim\n|\n|-heal|p1a: Cradily|205\/278|[from] item: Leftovers\n|-fieldend|move: Electric Terrain\n|upkeep\n|\n|switch|p2a: Krookodile|Krookodile, L77, M|273\/273\n|turn|12\n|\n|move|p2a: Krookodile|Superpower|p1a: Cradily\n|-supereffective|p1a: Cradily\n|-damage|p1a: Cradily|59\/278\n|-unboost|p2a: Krookodile|atk|1\n|-unboost|p2a: Krookodile|def|1\n|move|p1a: Cradily|Toxic|p2a: Krookodile\n|-status|p2a: Krookodile|tox\n|\n|-heal|p1a: Cradily|76\/278|[from] item: Leftovers\n|-damage|p2a: Krookodile|256\/273 tox|[from] psn\n|upkeep\n|turn|13\n|\n|switch|p1a: Hoopa|Hoopa, L80|259\/259\n|-damage|p1a: Hoopa|227\/259|[from] Stealth Rock\n|move|p2a: Krookodile|Superpower|p1a: Hoopa\n|-immune|p1a: Hoopa|[msg]\n|\n|-damage|p2a: Krookodile|222\/273 tox|[from] psn\n|upkeep\n|turn|14\n|\n|switch|p2a: Ho-Oh|Ho-Oh, L73|275\/275\n|move|p1a: Hoopa|Shadow Ball|p2a: Ho-Oh\n|-damage|p2a: Ho-Oh|168\/275\n|-damage|p1a: Hoopa|202\/259|[from] item: Life Orb\n|\n|-heal|p2a: Ho-Oh|185\/275|[from] item: Leftovers\n|upkeep\n|turn|15\n|\n|move|p2a: Ho-Oh|Flame Charge|p1a: Hoopa\n|-damage|p1a: Hoopa|129\/259\n|-boost|p2a: Ho-Oh|spe|1\n|move|p1a: Hoopa|Psyshock|p2a: Ho-Oh\n|-damage|p2a: Ho-Oh|24\/275\n|-damage|p1a: Hoopa|104\/259|[from] item: Life Orb\n|\n|-heal|p2a: Ho-Oh|41\/275|[from] item: Leftovers\n|upkeep\n|turn|16\n|\n|move|p2a: Ho-Oh|Roost|p2a: Ho-Oh\n|-heal|p2a: Ho-Oh|179\/275\n|move|p1a: Hoopa|Psyshock|p2a: Ho-Oh\n|-damage|p2a: Ho-Oh|15\/275\n|-damage|p1a: Hoopa|79\/259|[from] item: Life Orb\n|\n|-heal|p2a: Ho-Oh|32\/275|[from] item: Leftovers\n|upkeep\n|turn|17\n|\n|move|p2a: Ho-Oh|Roost|p2a: Ho-Oh\n|-heal|p2a: Ho-Oh|170\/275\n|move|p1a: Hoopa|Psyshock|p2a: Ho-Oh\n|-damage|p2a: Ho-Oh|2\/275\n|-damage|p1a: Hoopa|54\/259|[from] item: Life Orb\n|\n|-heal|p2a: Ho-Oh|19\/275|[from] item: Leftovers\n|upkeep\n|turn|18\n|\n|move|p2a: Ho-Oh|Earthquake|p1a: Hoopa\n|-damage|p1a: Hoopa|0\n|faint|p1a: Hoopa\n|\n|-heal|p2a: Ho-Oh|36\/275|[from] item: Leftovers\n|upkeep\n|inactive|BestixL \u263e has 240 seconds left.\n|\n|switch|p1a: Staraptor|Staraptor, L76, M|254\/254\n|-damage|p1a: Staraptor|191\/254|[from] Stealth Rock\n|turn|19\n|\n|move|p2a: Ho-Oh|Brave Bird|p1a: Staraptor\n|-damage|p1a: Staraptor|32\/254\n|-damage|p2a: Ho-Oh|0|[from] Recoil\n|faint|p2a: Ho-Oh\n|move|p1a: Staraptor|Double-Edge|p2: Ho-Oh|[notarget]\n|-notarget\n|\n|upkeep\n|\n|switch|p2a: Krookodile|Krookodile, L77, M|222\/273 tox\n|turn|20\n|\n|move|p2a: Krookodile|Pursuit|p1a: Staraptor\n|-damage|p1a: Staraptor|0\n|faint|p1a: Staraptor\n|-ability|p2a: Krookodile|Moxie|boost\n|-boost|p2a: Krookodile|atk|1\n|\n|-damage|p2a: Krookodile|205\/273 tox|[from] psn\n|upkeep\n|\n|switch|p1a: Mawile|Mawile-Mega, L75, M|199\/199\n|-damage|p1a: Mawile|187\/199|[from] Stealth Rock\n|turn|21\n|\n|move|p2a: Krookodile|Pursuit|p1a: Mawile\n|-resisted|p1a: Mawile\n|-damage|p1a: Mawile|158\/199\n|move|p1a: Mawile|Substitute|p1a: Mawile\n|-start|p1a: Mawile|Substitute\n|-damage|p1a: Mawile|109\/199\n|\n|-damage|p2a: Krookodile|171\/273 tox|[from] psn\n|upkeep\n|turn|22\n|\n|-singleturn|p1a: Mawile|move: Focus Punch\n|switch|p2a: Tapu Koko|Tapu Koko, L75|112\/229 tox\n|-fieldstart|move: Electric Terrain|[from] ability: Electric Surge|[of] p2a: Tapu Koko\n|move|p1a: Mawile|Focus Punch|p2a: Tapu Koko\n|-resisted|p2a: Tapu Koko\n|-damage|p2a: Tapu Koko|6\/229 tox\n|\n|-damage|p2a: Tapu Koko|0 tox|[from] psn\n|upkeep\n|faint|p2a: Tapu Koko\n|\n|switch|p2a: Krookodile|Krookodile, L77, M|171\/273 tox\n|turn|23\n|\n|move|p2a: Krookodile|Earthquake|p1a: Mawile\n|-supereffective|p1a: Mawile\n|-end|p1a: Mawile|Substitute\n|move|p1a: Mawile|Play Rough|p2a: Krookodile|[miss]\n|-miss|p1a: Mawile|p2a: Krookodile\n|\n|-damage|p2a: Krookodile|154\/273 tox|[from] psn\n|upkeep\n|turn|24\n|\n|switch|p1a: Cradily|Cradily, L83, M|76\/278\n|-damage|p1a: Cradily|42\/278|[from] Stealth Rock\n|move|p2a: Krookodile|Earthquake|p1a: Cradily\n|-damage|p1a: Cradily|0\n|faint|p1a: Cradily\n|-ability|p2a: Krookodile|Moxie|boost\n|-boost|p2a: Krookodile|atk|1\n|\n|-damage|p2a: Krookodile|120\/273 tox|[from] psn\n|upkeep\n|\n|switch|p1a: Mawile|Mawile-Mega, L75, M|109\/199\n|-damage|p1a: Mawile|97\/199|[from] Stealth Rock\n|turn|25\n|\n|move|p2a: Krookodile|Earthquake|p1a: Mawile\n|-supereffective|p1a: Mawile\n|-damage|p1a: Mawile|0\n|faint|p1a: Mawile\n|-ability|p2a: Krookodile|Moxie|boost\n|-boost|p2a: Krookodile|atk|1\n|\n|-damage|p2a: Krookodile|69\/273 tox|[from] psn\n|upkeep\n|\n|switch|p1a: Deoxys|Deoxys, L73|193\/193\n|-damage|p1a: Deoxys|169\/193|[from] Stealth Rock\n|-ability|p1a: Deoxys|Pressure\n|turn|26\n|\n|move|p1a: Deoxys|Extreme Speed|p2a: Krookodile\n|-damage|p2a: Krookodile|0 tox\n|-damage|p1a: Deoxys|150\/193|[from] item: Life Orb\n|faint|p2a: Krookodile\n|\n|win|BestixL \u263e\n","inputlog":">version f02cb59e0e9cc1c7999661a8ccbdf119e3e8fe8f\n>start {\"formatid\":\"gen7randombattle\",\"seed\":[29516,24351,44280,45355]}\n>player p1 {\"name\":\"BestixL \u263e\",\"avatar\":\"262\",\"team\":\"\"}\n>player p2 {\"name\":\"Rey Joya \u2600\ufe0f\",\"avatar\":\"233\",\"team\":\"\"}\n>p1 move firefang mega\n>p2 move stealthrock\n>p1 move firefang\n>p2 move earthquake\n>p2 switch 5\n>p1 switch 5\n>p2 move earthquake\n>p1 move recover\n>p2 switch 3\n>p1 move seedbomb\n>p2 move taunt\n>p1 move seedbomb\n>p2 move icepunch\n>p2 switch 6\n>p1 move seedbomb\n>p2 move wildcharge\n>p1 move recover\n>p2 move dazzlinggleam\n>p1 move toxic\n>p2 move naturesmadness\n>p1 move recover\n>p2 move uturn\n>p2 switch 2\n>p1 move rockslide\n>p2 move quiverdance\n>p2 switch 4\n>p1 move toxic\n>p2 move superpower\n>p1 switch 2\n>p2 move superpower\n>p1 move shadowball\n>p2 switch 3\n>p1 move psyshock\n>p2 move flamecharge\n>p1 move psyshock\n>p2 move roost\n>p1 move psyshock\n>p2 move roost\n>p1 move psyshock\n>p2 move earthquake\n>p1 switch 6\n>p1 move doubleedge\n>p2 move bravebird\n>p2 switch 3\n>p1 move closecombat\n>p2 move pursuit\n>p1 switch 5\n>p1 move substitute\n>p2 move pursuit\n>p1 move focuspunch\n>p2 switch 2\n>p2 switch 2\n>p1 move playrough\n>p2 move earthquake\n>p1 switch 2\n>p2 move earthquake\n>p1 switch 2\n>p1 move playrough\n>p2 move earthquake\n>p1 switch 4\n>p1 move extremespeed\n>p2 move earthquake","uploadtime":1537025354,"views":32,"p1id":"bestixl","p2id":"reyjoya","formatid":"gen7randombattle","rating":0,"private":0,"password":null}