{"id":"smogtours-gen8doublesou-656097","p1":"EVERYOPPSHOT","p2":"ratpacker","format":"gen8doublesou","log":"|inactive|Battle timer is ON: inactive players will automatically lose when time's up.\n|t:|1666381462\n|gametype|doubles\n|player|p1|EVERYOPPSHOT|wallace-gen3|\n|player|p2|ratpacker|twins|\n|teamsize|p1|6\n|teamsize|p2|6\n|gen|8\n|tier|[Gen 8] Doubles OU\n|rule|Species Clause: Limit one of each Pok\u00e9mon\n|rule|OHKO Clause: OHKO moves are banned\n|rule|Evasion Moves Clause: Evasion moves are banned\n|rule|Gravity Sleep Clause: The combination of sleep-inducing moves with imperfect accuracy and Gravity or Gigantamax Orbeetle are banned\n|rule|Endless Battle Clause: Forcing endless battles is banned\n|rule|HP Percentage Mod: HP is shown in percentages\n|rule|Dynamax Clause: You cannot dynamax\n|rule|Swagger Clause: Swagger is banned\n|clearpoke\n|poke|p1|Celesteela|\n|poke|p1|Kyurem-Black|\n|poke|p1|Rillaboom, M|\n|poke|p1|Dracovish|\n|poke|p1|Tyranitar, F|\n|poke|p1|Incineroar, F|\n|poke|p2|Ninetales-Alola, F|\n|poke|p2|Landorus, M|\n|poke|p2|Rillaboom, M|\n|poke|p2|Incineroar, M|\n|poke|p2|Urshifu-*, M|\n|poke|p2|Mew|\n|teampreview\n|c|\u2606EVERYOPPSHOT|glhf\n|c|\u2606ratpacker|glhf\n|inactive|ratpacker has 270 seconds left.\n|inactive|ratpacker has 240 seconds left.\n|inactive|ratpacker has 210 seconds left.\n|inactive|ratpacker has 180 seconds left.\n|inactive|ratpacker has 150 seconds left.\n|\n|t:|1666381619\n|start\n|switch|p1a: Rillaboom|Rillaboom, M|100\/100\n|switch|p1b: Dracovish|Dracovish|100\/100\n|switch|p2a: Macho Randy|Incineroar, M|100\/100\n|switch|p2b: Meow|Mew|100\/100\n|-fieldstart|move: Grassy Terrain|[from] ability: Grassy Surge|[of] p1a: Rillaboom\n|-ability|p2a: Macho Randy|Intimidate|boost\n|-unboost|p1a: Rillaboom|atk|1\n|-unboost|p1b: Dracovish|atk|1\n|turn|1\n|inactive|ratpacker has 210 seconds left.\n|\n|t:|1666381647\n|switch|p1b: Incineroar|Incineroar, F|100\/100\n|-ability|p1b: Incineroar|Intimidate|boost\n|-unboost|p2a: Macho Randy|atk|1\n|-unboost|p2b: Meow|atk|1\n|move|p2a: Macho Randy|Fake Out|p1b: Incineroar\n|-damage|p1b: Incineroar|94\/100\n|move|p2b: Meow|Will-O-Wisp|p1b: Incineroar\n|-immune|p1b: Incineroar\n|move|p1a: Rillaboom|U-turn|p2b: Meow\n|-supereffective|p2b: Meow\n|-damage|p2b: Meow|74\/100\n|\n|t:|1666381657\n|switch|p1a: Dracovish|Dracovish|100\/100|[from]move: U-turn\n|\n|-heal|p2b: Meow|80\/100|[from] Grassy Terrain\n|-heal|p1b: Incineroar|99\/100|[from] Grassy Terrain\n|upkeep\n|turn|2\n|inactive|ratpacker has 210 seconds left.\n|inactive|ratpacker has 180 seconds left.\n|\n|t:|1666381725\n|switch|p2a: Eye for the lie|Urshifu-Rapid-Strike, M|100\/100\n|move|p2b: Meow|Tailwind|p2b: Meow\n|-sidestart|p2: ratpacker|move: Tailwind\n|move|p1a: Dracovish|Fishious Rend|p2b: Meow\n|-damage|p2b: Meow|9\/100\n|-enditem|p2b: Meow|Sitrus Berry|[eat]\n|-heal|p2b: Meow|34\/100|[from] item: Sitrus Berry\n|move|p1b: Incineroar|Parting Shot|p2b: Meow\n|-unboost|p2b: Meow|atk|1\n|-unboost|p2b: Meow|spa|1\n|\n|t:|1666381733\n|switch|p1b: Rillaboom|Rillaboom, M|100\/100|[from]move: Parting Shot\n|\n|-heal|p2b: Meow|40\/100|[from] Grassy Terrain\n|upkeep\n|turn|3\n|inactive|ratpacker has 180 seconds left.\n|\n|t:|1666381765\n|switch|p2a: The bagman|Rillaboom, M|100\/100\n|switch|p1a: Incineroar|Incineroar, F|99\/100\n|-ability|p1a: Incineroar|Intimidate|boost\n|-unboost|p2a: The bagman|atk|1\n|-unboost|p2b: Meow|atk|1\n|move|p2b: Meow|Stealth Rock|p1b: Rillaboom\n|-sidestart|p1: EVERYOPPSHOT|move: Stealth Rock\n|move|p1b: Rillaboom|U-turn|p2b: Meow\n|-supereffective|p2b: Meow\n|-damage|p2b: Meow|0 fnt\n|faint|p2b: Meow\n|\n|t:|1666381787\n|switch|p1b: Dracovish|Dracovish|100\/100|[from]move: U-turn\n|-damage|p1b: Dracovish|88\/100|[from] Stealth Rock\n|\n|-heal|p1b: Dracovish|94\/100|[from] Grassy Terrain\n|-heal|p1a: Incineroar|100\/100|[from] Grassy Terrain\n|upkeep\n|inactive|ratpacker has 150 seconds left.\n|\n|t:|1666381831\n|switch|p2b: Eye for the lie|Urshifu-Rapid-Strike, M|100\/100\n|turn|4\n|inactive|EVERYOPPSHOT has 270 seconds left.\n|inactive|EVERYOPPSHOT has 240 seconds left.\n|\n|t:|1666381892\n|move|p2a: The bagman|Fake Out|p1a: Incineroar\n|-damage|p1a: Incineroar|92\/100\n|cant|p1a: Incineroar|flinch\n|move|p2b: Eye for the lie|Close Combat|p1a: Incineroar\n|-supereffective|p1a: Incineroar\n|-damage|p1a: Incineroar|0 fnt\n|-unboost|p2b: Eye for the lie|def|1\n|-unboost|p2b: Eye for the lie|spd|1\n|faint|p1a: Incineroar\n|move|p1b: Dracovish|Psychic Fangs|p2b: Eye for the lie\n|-supereffective|p2b: Eye for the lie\n|-crit|p2b: Eye for the lie\n|-damage|p2b: Eye for the lie|0 fnt\n|faint|p2b: Eye for the lie\n|\n|-heal|p1b: Dracovish|100\/100|[from] Grassy Terrain\n|upkeep\n|inactive|ratpacker has 180 seconds left.\n|\n|t:|1666381913\n|switch|p2b: Peggy-O|Landorus, M|100\/100\n|switch|p1a: Celesteela|Celesteela|100\/100\n|-damage|p1a: Celesteela|88\/100|[from] Stealth Rock\n|turn|5\n|inactive|EVERYOPPSHOT has 270 seconds left.\n|inactive|ratpacker has 180 seconds left.\n|\n|t:|1666381951\n|move|p2b: Peggy-O|Substitute|p2b: Peggy-O\n|-start|p2b: Peggy-O|Substitute\n|-damage|p2b: Peggy-O|76\/100\n|move|p2a: The bagman|U-turn|p1b: Dracovish\n|-damage|p1b: Dracovish|82\/100\n|inactive|ratpacker has 150 seconds left.\n|\n|t:|1666381962\n|switch|p2a: Macho Randy|Incineroar, M|100\/100|[from]move: U-turn\n|-ability|p2a: Macho Randy|Intimidate|boost\n|-unboost|p1a: Celesteela|atk|1\n|-unboost|p1b: Dracovish|atk|1\n|move|p1b: Dracovish|Psychic Fangs|p2b: Peggy-O\n|-end|p2b: Peggy-O|Substitute\n|move|p1a: Celesteela|Meteor Beam||[still]\n|-prepare|p1a: Celesteela|Meteor Beam\n|-boost|p1a: Celesteela|spa|1\n|-enditem|p1a: Celesteela|Power Herb\n|-anim|p1a: Celesteela|Meteor Beam|p2b: Peggy-O\n|-damage|p2b: Peggy-O|5\/100\n|\n|-heal|p1b: Dracovish|88\/100|[from] Grassy Terrain\n|-sideend|p2: ratpacker|move: Tailwind\n|-fieldend|move: Grassy Terrain\n|upkeep\n|turn|6\n|inactive|EVERYOPPSHOT has 270 seconds left.\n|inactive|ratpacker has 150 seconds left.\n|\n|t:|1666381992\n|switch|p1b: Tyranitar|Tyranitar, F|100\/100\n|-damage|p1b: Tyranitar|88\/100|[from] Stealth Rock\n|-weather|Sandstorm|[from] ability: Sand Stream|[of] p1b: Tyranitar\n|move|p2b: Peggy-O|Earth Power|p1b: Tyranitar\n|-supereffective|p1b: Tyranitar\n|-damage|p1b: Tyranitar|2\/100\n|-enditem|p1b: Tyranitar|Sitrus Berry|[eat]\n|-heal|p1b: Tyranitar|27\/100|[from] item: Sitrus Berry\n|move|p1a: Celesteela|Flash Cannon|p2b: Peggy-O\n|-damage|p2b: Peggy-O|0 fnt\n|faint|p2b: Peggy-O\n|-ability|p1a: Celesteela|Beast Boost|boost\n|-boost|p1a: Celesteela|spa|1\n|move|p2a: Macho Randy|Flare Blitz|p1a: Celesteela\n|-supereffective|p1a: Celesteela\n|-damage|p1a: Celesteela|0 fnt\n|faint|p1a: Celesteela\n|-damage|p2a: Macho Randy|71\/100|[from] Recoil\n|\n|-weather|Sandstorm|[upkeep]\n|upkeep\n|\n|t:|1666382009\n|switch|p2b: Nine-O|Ninetales-Alola, F|100\/100\n|switch|p1a: Kyurem|Kyurem-Black|100\/100\n|-weather|Hail|[from] ability: Snow Warning|[of] p2b: Nine-O\n|-damage|p1a: Kyurem|76\/100|[from] Stealth Rock\n|-ability|p1a: Kyurem|Teravolt\n|turn|7\n|\n|t:|1666382032\n|move|p2b: Nine-O|Aurora Veil|p2b: Nine-O\n|-sidestart|p2: ratpacker|move: Aurora Veil\n|move|p1a: Kyurem|Dragon Dance|p1a: Kyurem\n|-boost|p1a: Kyurem|atk|1\n|-boost|p1a: Kyurem|spe|1\n|move|p1b: Tyranitar|Stone Edge|p2b: Nine-O|[miss]\n|-miss|p1b: Tyranitar|p2b: Nine-O\n|move|p2a: Macho Randy|Parting Shot|p1a: Kyurem\n|-unboost|p1a: Kyurem|atk|1\n|-unboost|p1a: Kyurem|spa|1\n|\n|t:|1666382036\n|switch|p2a: The bagman|Rillaboom, M|100\/100|[from]move: Parting Shot\n|-fieldstart|move: Grassy Terrain|[from] ability: Grassy Surge|[of] p2a: The bagman\n|\n|-weather|Hail|[upkeep]\n|-damage|p2a: The bagman|94\/100|[from] Hail\n|-damage|p1b: Tyranitar|21\/100|[from] Hail\n|-heal|p1a: Kyurem|82\/100|[from] Grassy Terrain\n|-heal|p2a: The bagman|100\/100|[from] Grassy Terrain\n|-heal|p1b: Tyranitar|27\/100|[from] Grassy Terrain\n|upkeep\n|turn|8\n|inactive|ratpacker has 180 seconds left.\n|\n|t:|1666382056\n|move|p1a: Kyurem|Dragon Dance|p1a: Kyurem\n|-boost|p1a: Kyurem|atk|1\n|-boost|p1a: Kyurem|spe|1\n|move|p2b: Nine-O|Blizzard|p1b: Tyranitar|[spread] p1a,p1b\n|-damage|p1a: Kyurem|52\/100\n|-damage|p1b: Tyranitar|2\/100\n|move|p2a: The bagman|U-turn|p1b: Tyranitar\n|-supereffective|p1b: Tyranitar\n|-damage|p1b: Tyranitar|0 fnt\n|faint|p1b: Tyranitar\n|\n|t:|1666382063\n|switch|p2a: Macho Randy|Incineroar, M|71\/100|[from]move: U-turn\n|-ability|p2a: Macho Randy|Intimidate|boost\n|-unboost|p1a: Kyurem|atk|1\n|\n|-weather|Hail|[upkeep]\n|-heal|p1a: Kyurem|58\/100|[from] Grassy Terrain\n|-heal|p2a: Macho Randy|77\/100|[from] Grassy Terrain\n|upkeep\n|\n|t:|1666382066\n|switch|p1b: Rillaboom|Rillaboom, M|100\/100\n|-damage|p1b: Rillaboom|88\/100|[from] Stealth Rock\n|turn|9\n|\n|t:|1666382090\n|move|p1b: Rillaboom|Fake Out|p2b: Nine-O\n|-damage|p2b: Nine-O|86\/100\n|move|p2a: Macho Randy|Fake Out|p1a: Kyurem\n|-damage|p1a: Kyurem|48\/100\n|cant|p1a: Kyurem|flinch\n|cant|p2b: Nine-O|flinch\n|\n|-weather|Hail|[upkeep]\n|-damage|p1b: Rillaboom|82\/100|[from] Hail\n|-heal|p1a: Kyurem|54\/100|[from] Grassy Terrain\n|-heal|p2b: Nine-O|91\/100|[from] Grassy Terrain\n|-heal|p1b: Rillaboom|88\/100|[from] Grassy Terrain\n|-heal|p2a: Macho Randy|83\/100|[from] Grassy Terrain\n|upkeep\n|turn|10\n|inactive|ratpacker has 210 seconds left.\n|\n|t:|1666382099\n|move|p1b: Rillaboom|Grassy Glide|p2b: Nine-O\n|-damage|p2b: Nine-O|45\/100\n|move|p1a: Kyurem|Fusion Bolt|p2b: Nine-O\n|-damage|p2b: Nine-O|0 fnt\n|faint|p2b: Nine-O\n|move|p2a: Macho Randy|Parting Shot|p1a: Kyurem\n|-unboost|p1a: Kyurem|atk|1\n|-unboost|p1a: Kyurem|spa|1\n|inactive|ratpacker has 210 seconds left.\n|\n|t:|1666382105\n|switch|p2a: The bagman|Rillaboom, M|100\/100|[from]move: Parting Shot\n|\n|-weather|Hail|[upkeep]\n|-damage|p1b: Rillaboom|82\/100|[from] Hail\n|-damage|p2a: The bagman|94\/100|[from] Hail\n|-heal|p1a: Kyurem|60\/100|[from] Grassy Terrain\n|-heal|p1b: Rillaboom|88\/100|[from] Grassy Terrain\n|-heal|p2a: The bagman|100\/100|[from] Grassy Terrain\n|upkeep\n|\n|t:|1666382107\n|switch|p2b: Macho Randy|Incineroar, M|83\/100\n|-ability|p2b: Macho Randy|Intimidate|boost\n|-unboost|p1a: Kyurem|atk|1\n|-unboost|p1b: Rillaboom|atk|1\n|turn|11\n|inactive|ratpacker has 210 seconds left.\n|\n|t:|1666382141\n|switch|p1a: Dracovish|Dracovish|88\/100\n|-damage|p1a: Dracovish|76\/100|[from] Stealth Rock\n|move|p2a: The bagman|Fake Out|p1a: Dracovish\n|-damage|p1a: Dracovish|60\/100\n|move|p1b: Rillaboom|U-turn|p2a: The bagman\n|-supereffective|p2a: The bagman\n|-damage|p2a: The bagman|80\/100\n|\n|t:|1666382153\n|switch|p1b: Kyurem|Kyurem-Black|60\/100|[from]move: U-turn\n|-damage|p1b: Kyurem|35\/100|[from] Stealth Rock\n|-ability|p1b: Kyurem|Teravolt\n|move|p2b: Macho Randy|Flare Blitz|p1b: Kyurem\n|-damage|p1b: Kyurem|0 fnt\n|faint|p1b: Kyurem\n|-damage|p2b: Macho Randy|72\/100|[from] Recoil\n|\n|-weather|none\n|-heal|p1a: Dracovish|66\/100|[from] Grassy Terrain\n|-heal|p2a: The bagman|87\/100|[from] Grassy Terrain\n|-heal|p2b: Macho Randy|78\/100|[from] Grassy Terrain\n|-sideend|p2: ratpacker|move: Aurora Veil\n|-fieldend|move: Grassy Terrain\n|upkeep\n|\n|t:|1666382155\n|switch|p1b: Rillaboom|Rillaboom, M|88\/100\n|-damage|p1b: Rillaboom|76\/100|[from] Stealth Rock\n|-fieldstart|move: Grassy Terrain|[from] ability: Grassy Surge|[of] p1b: Rillaboom\n|turn|12\n|inactive|ratpacker has 240 seconds left.\n|inactive|ratpacker has 210 seconds left.\n|\n|t:|1666382205\n|move|p1b: Rillaboom|Fake Out|p2a: The bagman\n|-damage|p2a: The bagman|73\/100\n|move|p1a: Dracovish|Fishious Rend|p2b: Macho Randy\n|-supereffective|p2b: Macho Randy\n|-damage|p2b: Macho Randy|0 fnt\n|faint|p2b: Macho Randy\n|cant|p2a: The bagman|flinch\n|\n|-heal|p1a: Dracovish|72\/100|[from] Grassy Terrain\n|-heal|p1b: Rillaboom|82\/100|[from] Grassy Terrain\n|-heal|p2a: The bagman|79\/100|[from] Grassy Terrain\n|upkeep\n|turn|13\n|\n|t:|1666382216\n|move|p2a: The bagman|Grassy Glide|p1a: Dracovish\n|-damage|p1a: Dracovish|15\/100\n|move|p1a: Dracovish|Fishious Rend|p2a: The bagman\n|-resisted|p2a: The bagman\n|-crit|p2a: The bagman\n|-damage|p2a: The bagman|21\/100\n|move|p1b: Rillaboom|U-turn|p2a: The bagman\n|-supereffective|p2a: The bagman\n|-damage|p2a: The bagman|0 fnt\n|faint|p2a: The bagman\n|\n|win|EVERYOPPSHOT\n|c|\u2606EVERYOPPSHOT|gg\n|c|\u2606ratpacker|gg\n","uploadtime":1666382217,"views":16,"p1id":"everyoppshot","p2id":"ratpacker","formatid":"gen8doublesou","rating":0,"private":0,"password":null}