{"id":"smogtours-gen8randombattle-584762","p1":"Buhrito","p2":"disant0sant0","format":"gen8randombattle","log":"|inactive|Battle timer is ON: inactive players will automatically lose when time's up.\n|t:|1633736120\n|gametype|singles\n|player|p1|Buhrito|preschooler|\n|player|p2|disant0sant0|flint|\n|teamsize|p1|6\n|teamsize|p2|6\n|gen|8\n|tier|[Gen 8] Random Battle\n|rule|Species Clause: Limit one of each Pok\u00e9mon\n|rule|HP Percentage Mod: HP is shown in percentages\n|rule|Sleep Clause Mod: Limit one foe put to sleep\n|\n|t:|1633736120\n|start\n|switch|p1a: Primarina|Primarina, L82, M|265\/265\n|switch|p2a: Golduck|Golduck, L86, M|278\/278\n|turn|1\n|inactive|disant0sant0 has 270 seconds left.\n|\n|t:|1633736173\n|move|p1a: Primarina|Energy Ball|p2a: Golduck\n|-supereffective|p2a: Golduck\n|-damage|p2a: Golduck|120\/278\n|-unboost|p2a: Golduck|spd|1\n|move|p2a: Golduck|Psyshock|p1a: Primarina\n|-damage|p1a: Primarina|157\/265\n|\n|upkeep\n|turn|2\n|\n|t:|1633736184\n|switch|p2a: Gengar|Gengar, L80, F|227\/227\n|move|p1a: Primarina|Energy Ball|p2a: Gengar\n|-resisted|p2a: Gengar\n|-damage|p2a: Gengar|187\/227\n|\n|upkeep\n|turn|3\n|inactive|Buhrito has 270 seconds left.\n|\n|t:|1633736218\n|switch|p1a: Stunfisk|Stunfisk, L84, M|320\/320\n|move|p2a: Gengar|Nasty Plot|p2a: Gengar\n|-boost|p2a: Gengar|spa|2\n|\n|upkeep\n|turn|4\n|inactive|Buhrito has 270 seconds left.\n|inactive|disant0sant0 has 270 seconds left.\n|c|\u2606disant0sant0|Gl Buhrito (sorry not saying before)\n|c|\u2606Buhrito|gl\n|\n|t:|1633736253\n|move|p2a: Gengar|Shadow Ball|p1a: Stunfisk\n|-damage|p1a: Stunfisk|93\/320\n|-unboost|p1a: Stunfisk|spd|1\n|-damage|p2a: Gengar|165\/227|[from] item: Life Orb\n|move|p1a: Stunfisk|Earth Power|p2a: Gengar\n|-supereffective|p2a: Gengar\n|-damage|p2a: Gengar|0 fnt\n|-start|p1a: Stunfisk|Disable|Earth Power|[from] ability: Cursed Body|[of] p2a: Gengar\n|faint|p2a: Gengar\n|\n|-heal|p1a: Stunfisk|113\/320|[from] item: Leftovers\n|upkeep\n|inactive|disant0sant0 has 240 seconds left.\n|\n|t:|1633736275\n|switch|p2a: Hitmontop|Hitmontop, L85, M|224\/224\n|-ability|p2a: Hitmontop|Intimidate|boost\n|-unboost|p1a: Stunfisk|atk|1\n|turn|5\n|\n|t:|1633736284\n|switch|p1a: Primarina|Primarina, L82, M|157\/265\n|move|p2a: Hitmontop|Earthquake|p1a: Primarina\n|-damage|p1a: Primarina|44\/265\n|-damage|p2a: Hitmontop|202\/224|[from] item: Life Orb\n|\n|upkeep\n|turn|6\n|inactive|disant0sant0 has 240 seconds left.\n|inactive|disant0sant0 has 210 seconds left.\n|c|+dekzeh|yoo Hitmontop clause\n|\n|t:|1633736351\n|switch|p2a: Corsola|Corsola-Galar, L84, M|238\/238\n|move|p1a: Primarina|Moonblast|p2a: Corsola\n|-damage|p2a: Corsola|172\/238\n|\n|upkeep\n|turn|7\n|inactive|disant0sant0 has 180 seconds left.\n|\n|t:|1633736376\n|switch|p1a: Stunfisk|Stunfisk, L84, M|113\/320\n|move|p2a: Corsola|Night Shade|p1a: Stunfisk\n|-damage|p1a: Stunfisk|29\/320\n|\n|-heal|p1a: Stunfisk|49\/320|[from] item: Leftovers\n|upkeep\n|turn|8\n|inactive|disant0sant0 has 180 seconds left.\n|\n|t:|1633736391\n|move|p1a: Stunfisk|Stealth Rock|p2a: Corsola\n|-sidestart|p2: disant0sant0|move: Stealth Rock\n|move|p2a: Corsola|Stealth Rock|p1a: Stunfisk\n|-sidestart|p1: Buhrito|move: Stealth Rock\n|\n|-heal|p1a: Stunfisk|69\/320|[from] item: Leftovers\n|upkeep\n|turn|9\n|inactive|disant0sant0 has 180 seconds left.\n|c|+dekzeh|!learn corsola-g, strength sap\n|c|+dekzeh|\/raw <div class=\"infobox\">In [Gen 8] Random Battle, Corsola-Galar <span class=\"message-learn-canlearn\">can<\/span> learn Strength Sap from:<ul class=\"message-learn-list\"><li>anywhere (move is level-up\/tutor\/TM\/HM\/egg in Gen 8)<\/ul><\/div>\n|\n|t:|1633736414\n|move|p1a: Stunfisk|Discharge|p2a: Corsola\n|-damage|p2a: Corsola|123\/238\n|-start|p1a: Stunfisk|Disable|Discharge|[from] ability: Cursed Body|[of] p2a: Corsola\n|move|p2a: Corsola|Night Shade|p1a: Stunfisk\n|-damage|p1a: Stunfisk|0 fnt\n|faint|p1a: Stunfisk\n|\n|upkeep\n|inactive|Buhrito has 270 seconds left.\n|c|\u2606disant0sant0|should have strength sap actually\n|c|\u2606disant0sant0|bad play there\n|\n|t:|1633736443\n|switch|p1a: Pinsir|Pinsir, L84, M|246\/246\n|-damage|p1a: Pinsir|185\/246|[from] Stealth Rock\n|turn|10\n|\n|t:|1633736470\n|switch|p2a: Tornadus|Tornadus-Therian, L78, M|251\/251\n|-damage|p2a: Tornadus|189\/251|[from] Stealth Rock\n|move|p1a: Pinsir|Knock Off|p2a: Tornadus\n|-damage|p2a: Tornadus|40\/251\n|-enditem|p2a: Tornadus|Assault Vest|[from] move: Knock Off|[of] p1a: Pinsir\n|\n|upkeep\n|turn|11\n|inactive|Buhrito has 270 seconds left.\n|inactive|disant0sant0 has 150 seconds left.\n|inactive|Buhrito has 240 seconds left.\n|\n|t:|1633736506\n|switch|p1a: Metagross|Metagross, L79|256\/256\n|-damage|p1a: Metagross|240\/256|[from] Stealth Rock\n|move|p2a: Tornadus|Hurricane|p1a: Metagross\n|-resisted|p1a: Metagross\n|-damage|p1a: Metagross|186\/256\n|-start|p1a: Metagross|confusion\n|\n|upkeep\n|turn|12\n|inactive|Buhrito has 240 seconds left.\n|\n|t:|1633736536\n|move|p2a: Tornadus|Knock Off|p1a: Metagross\n|-supereffective|p1a: Metagross\n|-damage|p1a: Metagross|86\/256\n|-enditem|p1a: Metagross|Weakness Policy\n|-boost|p1a: Metagross|atk|2|[from] item: Weakness Policy\n|-boost|p1a: Metagross|spa|2|[from] item: Weakness Policy\n|-activate|p1a: Metagross|confusion\n|-damage|p1a: Metagross|38\/256|[from] confusion\n|\n|upkeep\n|turn|13\n|c|+Mannat|wow burrito is getting farmed\n|c|\u2606Buhrito|yoo\n|inactive|Buhrito has 210 seconds left.\n|\n|t:|1633736560\n|move|p2a: Tornadus|Knock Off|p1a: Metagross\n|-supereffective|p1a: Metagross\n|-damage|p1a: Metagross|0 fnt\n|faint|p1a: Metagross\n|\n|upkeep\n|c|\u2606disant0sant0|sorry :(\n|inactive|Buhrito has 210 seconds left.\n|\n|t:|1633736569\n|switch|p1a: Talonflame|Talonflame, L81, M|259\/259\n|turn|14\n|\n|t:|1633736591\n|move|p1a: Talonflame|Brave Bird|p2a: Tornadus\n|-damage|p2a: Tornadus|0 fnt\n|faint|p2a: Tornadus\n|-damage|p1a: Talonflame|246\/259|[from] Recoil\n|\n|upkeep\n|\n|t:|1633736600\n|switch|p2a: Cloyster|Cloyster, L80, M|211\/211\n|-damage|p2a: Cloyster|159\/211|[from] Stealth Rock\n|turn|15\n|inactive|Buhrito has 210 seconds left.\n|\n|t:|1633736626\n|-start|p1a: Talonflame|Dynamax\n|-heal|p1a: Talonflame|492\/518|[silent]\n|move|p1a: Talonflame|Max Airstream|p2a: Cloyster\n|-damage|p2a: Cloyster|84\/211\n|-boost|p1a: Talonflame|spe|1\n|move|p2a: Cloyster|Shell Smash|p2a: Cloyster\n|-unboost|p2a: Cloyster|def|1\n|-unboost|p2a: Cloyster|spd|1\n|-boost|p2a: Cloyster|atk|2\n|-boost|p2a: Cloyster|spa|2\n|-boost|p2a: Cloyster|spe|2\n|-enditem|p2a: Cloyster|White Herb\n|-clearnegativeboost|p2a: Cloyster|[silent]\n|\n|upkeep\n|turn|16\n|inactive|Buhrito has 210 seconds left.\n|inactive|disant0sant0 has 120 seconds left.\n|inactive|Buhrito has 180 seconds left.\n|inactive|Buhrito has 150 seconds left.\n|\n|t:|1633736695\n|-start|p2a: Cloyster|Dynamax\n|-heal|p2a: Cloyster|168\/422|[silent]\n|move|p1a: Talonflame|Max Flare|p2a: Cloyster\n|-damage|p2a: Cloyster|99\/422\n|-weather|SunnyDay\n|move|p2a: Cloyster|Max Geyser|p1a: Talonflame\n|-supereffective|p1a: Talonflame\n|-damage|p1a: Talonflame|172\/518\n|-weather|RainDance\n|\n|-weather|RainDance|[upkeep]\n|upkeep\n|turn|17\n|inactive|disant0sant0 has 120 seconds left.\n|inactive|Buhrito has 150 seconds left.\n|inactive|Buhrito has 120 seconds left.\n|inactive|Buhrito has 90 seconds left.\n|\n|t:|1633736765\n|move|p2a: Cloyster|Max Guard|p2a: Cloyster\n|-singleturn|p2a: Cloyster|Max Guard\n|move|p1a: Talonflame|Max Airstream|p2a: Cloyster\n|-activate|p2a: Cloyster|move: Max Guard\n|\n|-weather|RainDance|[upkeep]\n|-end|p1a: Talonflame|Dynamax\n|-heal|p1a: Talonflame|86\/259|[silent]\n|upkeep\n|turn|18\n|inactive|Buhrito has 90 seconds left.\n|\n|t:|1633736777\n|move|p1a: Talonflame|Brave Bird|p2a: Cloyster\n|-damage|p2a: Cloyster|42\/422\n|-damage|p1a: Talonflame|67\/259|[from] Recoil\n|move|p2a: Cloyster|Max Rockfall|p1a: Talonflame\n|-supereffective|p1a: Talonflame\n|-damage|p1a: Talonflame|0 fnt\n|-weather|Sandstorm\n|faint|p1a: Talonflame\n|\n|-weather|Sandstorm|[upkeep]\n|-damage|p2a: Cloyster|29\/422|[from] Sandstorm\n|-end|p2a: Cloyster|Dynamax\n|-heal|p2a: Cloyster|15\/211|[silent]\n|upkeep\n|inactive|Buhrito has 90 seconds left.\n|inactive|Buhrito has 60 seconds left.\n|inactive|Buhrito has 30 seconds left.\n|inactive|Buhrito has 20 seconds left.\n|inactive|Buhrito has 15 seconds left.\n|\n|t:|1633736858\n|switch|p1a: Primarina|Primarina, L82, M|44\/265\n|-damage|p1a: Primarina|11\/265|[from] Stealth Rock\n|turn|19\n|inactive|Buhrito has 25 seconds left this turn.\n|\n|t:|1633736869\n|move|p2a: Cloyster|Rock Blast|p1a: Primarina\n|-damage|p1a: Primarina|0 fnt\n|faint|p1a: Primarina\n|-hitcount|p1: Primarina|1\n|\n|-weather|Sandstorm|[upkeep]\n|-damage|p2a: Cloyster|2\/211|[from] Sandstorm\n|upkeep\n|inactive|Buhrito has 30 seconds left this turn.\n|\n|t:|1633736872\n|switch|p1a: Pinsir|Pinsir, L84, M|185\/246\n|-damage|p1a: Pinsir|124\/246|[from] Stealth Rock\n|turn|20\n|inactive|disant0sant0 has 120 seconds left.\n|\n|t:|1633736878\n|move|p2a: Cloyster|Rock Blast|p1a: Pinsir\n|-supereffective|p1a: Pinsir\n|-damage|p1a: Pinsir|62\/246\n|-supereffective|p1a: Pinsir\n|-damage|p1a: Pinsir|2\/246\n|-supereffective|p1a: Pinsir\n|-damage|p1a: Pinsir|0 fnt\n|faint|p1a: Pinsir\n|-hitcount|p1: Pinsir|3\n|\n|-weather|Sandstorm|[upkeep]\n|-damage|p2a: Cloyster|0 fnt|[from] Sandstorm\n|faint|p2a: Cloyster\n|upkeep\n|inactive|disant0sant0 has 120 seconds left.\n|\n|t:|1633736889\n|switch|p1a: Dragonite|Dragonite, L75, M|260\/260\n|switch|p2a: Hitmontop|Hitmontop, L85, M|202\/224\n|-damage|p2a: Hitmontop|188\/224|[from] Stealth Rock\n|-ability|p2a: Hitmontop|Intimidate|boost\n|-unboost|p1a: Dragonite|atk|1\n|turn|21\n|\n|t:|1633736898\n|move|p2a: Hitmontop|Toxic|p1a: Dragonite\n|-status|p1a: Dragonite|tox\n|move|p1a: Dragonite|Dragon Dance|p1a: Dragonite\n|-boost|p1a: Dragonite|atk|1\n|-boost|p1a: Dragonite|spe|1\n|\n|-weather|Sandstorm|[upkeep]\n|-damage|p1a: Dragonite|244\/260 tox|[from] Sandstorm\n|-damage|p2a: Hitmontop|174\/224|[from] Sandstorm\n|-damage|p1a: Dragonite|228\/260 tox|[from] psn\n|upkeep\n|turn|22\n|inactive|Buhrito has 60 seconds left.\n|inactive|disant0sant0 has 120 seconds left.\n|inactive|Buhrito has 30 seconds left.\n|inactive|Buhrito has 20 seconds left.\n|\n|t:|1633736944\n|move|p1a: Dragonite|Dragon Dance|p1a: Dragonite\n|-boost|p1a: Dragonite|atk|1\n|-boost|p1a: Dragonite|spe|1\n|move|p2a: Hitmontop|Close Combat|p1a: Dragonite\n|-resisted|p1a: Dragonite\n|-damage|p1a: Dragonite|141\/260 tox\n|-unboost|p2a: Hitmontop|def|1\n|-unboost|p2a: Hitmontop|spd|1\n|-damage|p2a: Hitmontop|152\/224|[from] item: Life Orb\n|\n|-weather|none\n|-damage|p1a: Dragonite|109\/260 tox|[from] psn\n|upkeep\n|turn|23\n|inactive|Buhrito has 30 seconds left this turn.\n|inactive|Buhrito has 20 seconds left.\n|\n|t:|1633736968\n|move|p2a: Hitmontop|Sucker Punch|p1a: Dragonite\n|-damage|p1a: Dragonite|38\/260 tox\n|-damage|p2a: Hitmontop|130\/224|[from] item: Life Orb\n|move|p1a: Dragonite|Outrage|p2a: Hitmontop\n|-damage|p2a: Hitmontop|0 fnt\n|faint|p2a: Hitmontop\n|\n|-damage|p1a: Dragonite|0 fnt|[from] psn\n|faint|p1a: Dragonite\n|\n|win|disant0sant0\n|upkeep\n|inactive|Buhrito has 25 seconds left this turn.\n","inputlog":">version 8151ffca2a6be5be4e1eb17ce0154f90b9ec3bd9\n>start {\"formatid\":\"gen8randombattle\",\"seed\":[63300,2711,49783,51097]}\n>player p1 {\"name\":\"Buhrito\",\"avatar\":\"preschooler\",\"rating\":0,\"seed\":[3437,6794,2446,59893]}\n>player p2 {\"name\":\"disant0sant0\",\"avatar\":\"flint\",\"rating\":0,\"seed\":[35997,49881,60545,32515]}\n>p1 move energyball\n>p2 move psyshock\n>p1 move energyball\n>p2 switch 5\n>p1 switch 2\n>p2 move nastyplot\n>chat \u2606disant0sant0|Gl Buhrito (sorry not saying before)\n>chat \u2606Buhrito|gl\n>p1 move earthpower\n>p2 move shadowball\n>p2 switch 3\n>p1 switch 2\n>p2 move earthquake\n>chat +dekzeh|yoo Hitmontop clause\n>p1 move moonblast\n>p2 switch 6\n>p1 switch 2\n>p2 move nightshade\n>p1 move stealthrock\n>p2 move stealthrock\n>chat +dekzeh|!learn corsola-g, strength sap\n>p1 move discharge\n>p2 move nightshade\n>chat \u2606disant0sant0|should have strength sap actually\n>chat \u2606disant0sant0|bad play there\n>p1 switch 5\n>p1 move knockoff\n>p2 switch 2\n>p1 switch 3\n>p2 move hurricane\n>p1 move agility\n>p2 move knockoff\n>chat +Mannat|wow burrito is getting farmed\n>chat \u2606Buhrito|yoo\n>p1 move meteormash\n>p2 move knockoff\n>chat \u2606disant0sant0|sorry :(\n>p1 switch 4\n>p1 move bravebird\n>p2 move knockoff\n>p2 switch 4\n>p1 move bravebird dynamax\n>p2 move shellsmash\n>p1 move flareblitz dynamax\n>p2 move hydropump dynamax\n>p1 move bravebird dynamax\n>p2 move shellsmash dynamax\n>p1 move bravebird\n>p2 move rockblast dynamax\n>p1 switch 2\n>p1 move energyball\n>p2 move rockblast\n>p1 switch 3\n>p1 move knockoff\n>p2 move rockblast\n>p1 switch 6\n>p2 switch 6\n>p1 move dragondance\n>p2 move toxic\n>p1 move dragondance\n>p2 move closecombat\n>p1 move outrage\n>p2 move suckerpunch","uploadtime":1633736969,"views":7,"p1id":"buhrito","p2id":"disant0sant0","formatid":"gen8randombattle","rating":0,"private":0,"password":null}