{"id":"smogtours-gen4ou-647859","p1":"gilbert arenas(","p2":"Mimikyu Stardust","format":"gen4ou","log":"|inactive|Battle timer is ON: inactive players will automatically lose when time's up.\n|t:|1662915276\n|gametype|singles\n|player|p1|gilbert arenas(|#splxiiityrants|\n|player|p2|Mimikyu Stardust|#mimikyustardust|\n|teamsize|p1|6\n|teamsize|p2|6\n|gen|4\n|tier|[Gen 4] OU\n|rule|Sleep Clause Mod: Limit one foe put to sleep\n|rule|Species Clause: Limit one of each Pok\u00e9mon\n|rule|OHKO Clause: OHKO moves are banned\n|rule|Evasion Items Clause: Evasion items are banned\n|rule|Evasion Moves Clause: Evasion moves are banned\n|rule|Endless Battle Clause: Forcing endless battles is banned\n|rule|HP Percentage Mod: HP is shown in percentages\n|rule|Freeze Clause Mod: Limit one foe frozen\n|\n|t:|1662915276\n|start\n|switch|p1a: Roserade|Roserade, M, shiny|100\/100\n|switch|p2a: tightrope|Dragonite, F|100\/100\n|turn|1\n|c|\u2606Mimikyu Stardust|hf\n|\n|t:|1662915292\n|move|p1a: Roserade|Sleep Powder|p2a: tightrope|[miss]\n|-miss|p1a: Roserade|p2a: tightrope\n|move|p2a: tightrope|Outrage|p1a: Roserade\n|-damage|p1a: Roserade|1\/100\n|-enditem|p1a: Roserade|Focus Sash\n|\n|upkeep\n|turn|2\n|\n|t:|1662915297\n|move|p1a: Roserade|Toxic Spikes|p2a: tightrope\n|-sidestart|p2: Mimikyu Stardust|move: Toxic Spikes\n|move|p2a: tightrope|Outrage|p1a: Roserade|[from]lockedmove\n|-damage|p1a: Roserade|0 fnt\n|faint|p1a: Roserade\n|\n|upkeep\n|\n|t:|1662915301\n|switch|p1a: Suicune|Suicune, shiny|100\/100\n|-ability|p1a: Suicune|Pressure\n|turn|3\n|\n|t:|1662915310\n|move|p1a: Suicune|Ice Beam|p2a: tightrope\n|-supereffective|p2a: tightrope\n|-enditem|p2a: tightrope|Yache Berry|[eat]\n|-enditem|p2a: tightrope|Yache Berry|[weaken]\n|-damage|p2a: tightrope|52\/100\n|move|p2a: tightrope|Outrage|p1a: Suicune|[from]lockedmove\n|-damage|p1a: Suicune|48\/100\n|\n|-heal|p1a: Suicune|54\/100|[from] item: Leftovers\n|-start|p2a: tightrope|confusion|[fatigue]\n|upkeep\n|turn|4\n|\n|t:|1662915321\n|switch|p2a: yours truly 2095|Jirachi|100\/100\n|move|p1a: Suicune|Ice Beam|p2a: yours truly 2095\n|-resisted|p2a: yours truly 2095\n|-damage|p2a: yours truly 2095|89\/100\n|-status|p2a: yours truly 2095|frz\n|\n|-heal|p1a: Suicune|60\/100|[from] item: Leftovers\n|upkeep\n|turn|5\n|\n|t:|1662915328\n|cant|p2a: yours truly 2095|frz\n|move|p1a: Suicune|Calm Mind|p1a: Suicune\n|-boost|p1a: Suicune|spa|1\n|-boost|p1a: Suicune|spd|1\n|\n|-heal|p1a: Suicune|66\/100|[from] item: Leftovers\n|upkeep\n|turn|6\n|\n|t:|1662915333\n|switch|p2a: hood|Tyranitar, M|100\/100\n|-status|p2a: hood|psn\n|-enditem|p2a: hood|Lum Berry|[eat]\n|-curestatus|p2a: hood|psn|[msg]\n|-weather|Sandstorm|[from] ability: Sand Stream|[of] p2a: hood\n|move|p1a: Suicune|Calm Mind|p1a: Suicune\n|-boost|p1a: Suicune|spa|1\n|-boost|p1a: Suicune|spd|1\n|\n|-weather|Sandstorm|[upkeep]\n|-damage|p1a: Suicune|60\/100|[from] Sandstorm\n|-heal|p1a: Suicune|66\/100|[from] item: Leftovers\n|upkeep\n|turn|7\n|\n|t:|1662915338\n|switch|p2a: tightrope|Dragonite, F|52\/100\n|move|p1a: Suicune|Hydro Pump|p2a: tightrope\n|-resisted|p2a: tightrope\n|-damage|p2a: tightrope|4\/100\n|\n|-weather|Sandstorm|[upkeep]\n|-damage|p1a: Suicune|60\/100|[from] Sandstorm\n|-damage|p2a: tightrope|0 fnt|[from] Sandstorm\n|faint|p2a: tightrope\n|-heal|p1a: Suicune|66\/100|[from] item: Leftovers\n|upkeep\n|\n|t:|1662915348\n|switch|p2a: aqualung|Gyarados, F|100\/100\n|-ability|p2a: aqualung|Intimidate|boost\n|-unboost|p1a: Suicune|atk|1\n|turn|8\n|\n|t:|1662915362\n|move|p1a: Suicune|Ice Beam|p2a: aqualung\n|-damage|p2a: aqualung|55\/100\n|move|p2a: aqualung|Dragon Dance|p2a: aqualung\n|-boost|p2a: aqualung|atk|1\n|-boost|p2a: aqualung|spe|1\n|\n|-weather|Sandstorm|[upkeep]\n|-damage|p2a: aqualung|49\/100|[from] Sandstorm\n|-damage|p1a: Suicune|60\/100|[from] Sandstorm\n|-heal|p1a: Suicune|66\/100|[from] item: Leftovers\n|upkeep\n|turn|9\n|\n|t:|1662915382\n|move|p2a: aqualung|Earthquake|p1a: Suicune\n|-damage|p1a: Suicune|21\/100\n|move|p1a: Suicune|Ice Beam|p2a: aqualung\n|-damage|p2a: aqualung|5\/100\n|\n|-weather|Sandstorm|[upkeep]\n|-damage|p2a: aqualung|0 fnt|[from] Sandstorm\n|-damage|p1a: Suicune|15\/100|[from] Sandstorm\n|faint|p2a: aqualung\n|-heal|p1a: Suicune|21\/100|[from] item: Leftovers\n|upkeep\n|\n|t:|1662915386\n|switch|p2a: rain dogs|Swampert, F|100\/100\n|-status|p2a: rain dogs|psn\n|turn|10\n|\n|t:|1662915399\n|move|p1a: Suicune|Ice Beam|p2a: rain dogs\n|-damage|p2a: rain dogs|55\/100 psn\n|move|p2a: rain dogs|Earth Power|p1a: Suicune\n|-damage|p1a: Suicune|7\/100\n|\n|-weather|Sandstorm|[upkeep]\n|-damage|p1a: Suicune|0 fnt|[from] Sandstorm\n|faint|p1a: Suicune\n|-heal|p2a: rain dogs|61\/100 psn|[from] item: Leftovers\n|-damage|p2a: rain dogs|49\/100 psn|[from] psn\n|upkeep\n|\n|t:|1662915404\n|switch|p1a: Latias|Latias, F, shiny|100\/100\n|turn|11\n|\n|t:|1662915413\n|move|p1a: Latias|Surf|p2a: rain dogs\n|-damage|p2a: rain dogs|0 fnt\n|faint|p2a: rain dogs\n|\n|-weather|Sandstorm|[upkeep]\n|-damage|p1a: Latias|95\/100|[from] Sandstorm\n|upkeep\n|\n|t:|1662915419\n|switch|p2a: yours truly 2095|Jirachi|89\/100 frz\n|turn|12\n|\n|t:|1662915421\n|move|p1a: Latias|Surf|p2a: yours truly 2095\n|-damage|p2a: yours truly 2095|46\/100 frz\n|cant|p2a: yours truly 2095|frz\n|\n|-weather|Sandstorm|[upkeep]\n|-damage|p1a: Latias|89\/100|[from] Sandstorm\n|upkeep\n|turn|13\n|\n|t:|1662915424\n|move|p1a: Latias|Surf|p2a: yours truly 2095\n|-damage|p2a: yours truly 2095|0 fnt\n|faint|p2a: yours truly 2095\n|\n|-weather|Sandstorm|[upkeep]\n|-damage|p1a: Latias|83\/100|[from] Sandstorm\n|upkeep\n|\n|t:|1662915429\n|switch|p2a: hood|Tyranitar, M|100\/100\n|-status|p2a: hood|psn\n|turn|14\n|\n|t:|1662915430\n|move|p1a: Latias|Surf|p2a: hood\n|-supereffective|p2a: hood\n|-damage|p2a: hood|40\/100 psn\n|move|p2a: hood|Dragon Dance|p2a: hood\n|-boost|p2a: hood|atk|1\n|-boost|p2a: hood|spe|1\n|\n|-weather|Sandstorm|[upkeep]\n|-damage|p1a: Latias|77\/100|[from] Sandstorm\n|-damage|p2a: hood|28\/100 psn|[from] psn\n|upkeep\n|turn|15\n|\n|t:|1662915435\n|move|p2a: hood|Crunch|p1a: Latias\n|-supereffective|p1a: Latias\n|-damage|p1a: Latias|0 fnt\n|faint|p1a: Latias\n|\n|-weather|Sandstorm|[upkeep]\n|-damage|p2a: hood|15\/100 psn|[from] psn\n|upkeep\n|\n|t:|1662915437\n|switch|p1a: Jirachi|Jirachi|100\/100\n|turn|16\n|\n|t:|1662915440\n|move|p1a: Jirachi|U-turn|p2a: hood\n|-supereffective|p2a: hood\n|-damage|p2a: hood|0 fnt\n|faint|p2a: hood\n|\n|t:|1662915442\n|switch|p1a: Heatran|Heatran, M, shiny|100\/100|[from]move: U-turn\n|\n|-weather|Sandstorm|[upkeep]\n|upkeep\n|\n|t:|1662915445\n|switch|p2a: bridges to babylon|Heatran, F|100\/100\n|turn|17\n|\n|t:|1662915448\n|move|p2a: bridges to babylon|Earth Power|p1a: Heatran\n|-supereffective|p1a: Heatran\n|-damage|p1a: Heatran|25\/100\n|move|p1a: Heatran|Explosion|p2a: bridges to babylon\n|-resisted|p2a: bridges to babylon\n|-damage|p2a: bridges to babylon|49\/100\n|faint|p1a: Heatran\n|\n|-weather|Sandstorm|[upkeep]\n|upkeep\n|\n|t:|1662915450\n|switch|p1a: Rotom|Rotom-Heat, shiny|100\/100\n|turn|18\n|\n|t:|1662915453\n|move|p1a: Rotom|Thunderbolt|p2a: bridges to babylon\n|-damage|p2a: bridges to babylon|20\/100\n|move|p2a: bridges to babylon|Magma Storm|p1a: Rotom\n|-damage|p1a: Rotom|26\/100\n|-activate|p1a: Rotom|move: Magma Storm|[of] p2a: bridges to babylon\n|\n|-weather|Sandstorm|[upkeep]\n|-damage|p1a: Rotom|20\/100|[from] Sandstorm\n|-heal|p1a: Rotom|26\/100|[from] item: Leftovers\n|-damage|p1a: Rotom|20\/100|[from] move: Magma Storm|[partiallytrapped]\n|upkeep\n|turn|19\n|\n|t:|1662915459\n|-enditem|p2a: bridges to babylon|Custap Berry|[eat]\n|-message|Custap Berry activated.\n|move|p2a: bridges to babylon|Hidden Power|p1a: Rotom\n|-damage|p1a: Rotom|0 fnt\n|faint|p1a: Rotom\n|\n|-weather|Sandstorm|[upkeep]\n|upkeep\n|\n|t:|1662915462\n|switch|p1a: Jirachi|Jirachi|100\/100\n|turn|20\n|\n|t:|1662915464\n|move|p1a: Jirachi|Iron Head|p2a: bridges to babylon\n|-resisted|p2a: bridges to babylon\n|-damage|p2a: bridges to babylon|12\/100\n|cant|p2a: bridges to babylon|flinch\n|\n|-weather|Sandstorm|[upkeep]\n|upkeep\n|turn|21\n|\n|t:|1662915467\n|move|p1a: Jirachi|Iron Head|p2a: bridges to babylon\n|-resisted|p2a: bridges to babylon\n|-damage|p2a: bridges to babylon|3\/100\n|cant|p2a: bridges to babylon|flinch\n|\n|-weather|Sandstorm|[upkeep]\n|upkeep\n|turn|22\n|c|\u2606Mimikyu Stardust|gg\n|c|\u2606gilbert arenas(|gg\n|\n|t:|1662915471\n|move|p1a: Jirachi|Iron Head|p2a: bridges to babylon\n|-resisted|p2a: bridges to babylon\n|-damage|p2a: bridges to babylon|0 fnt\n|faint|p2a: bridges to babylon\n|\n|win|gilbert arenas(\n","uploadtime":1662915472,"views":30,"p1id":"gilbertarenas","p2id":"mimikyustardust","formatid":"gen4ou","rating":0,"private":0,"password":null}