{"id":"smogtours-gen8uu-658592","p1":"Meru","p2":"pdt","format":"gen8uu","log":"|inactive|Battle timer is ON: inactive players will automatically lose when time's up.\n|t:|1667179534\n|gametype|singles\n|player|p1|Meru|#scl2terrors|\n|player|p2|pdt|diantha|\n|teamsize|p1|6\n|teamsize|p2|6\n|gen|8\n|tier|[Gen 8] UU\n|rule|Sleep Clause Mod: Limit one foe put to sleep\n|rule|Species Clause: Limit one of each Pok\u00e9mon\n|rule|OHKO Clause: OHKO moves are banned\n|rule|Evasion Items Clause: Evasion items are banned\n|rule|Evasion Moves Clause: Evasion moves are banned\n|rule|Endless Battle Clause: Forcing endless battles is banned\n|rule|HP Percentage Mod: HP is shown in percentages\n|rule|Dynamax Clause: You cannot dynamax\n|clearpoke\n|poke|p1|Skarmory, M|\n|poke|p1|Dhelmise|\n|poke|p1|Togekiss, F|\n|poke|p1|Salazzle, F|\n|poke|p1|Rhyperior, F|\n|poke|p1|Cobalion|\n|poke|p2|Slowbro-Galar, F|\n|poke|p2|Cobalion|\n|poke|p2|Hippowdon, M|\n|poke|p2|Salamence, F|\n|poke|p2|Excadrill, M|\n|poke|p2|Rotom-Wash|\n|teampreview\n|raw|<div class=\"broadcast-red\"><strong>Moderated chat was set to \u2606!<\/strong><br \/>Only users of rank \u2606 and higher can talk.<\/div>\n|c|\u2606Meru|glhf\n|c|\u2606pdt|hf\n|inactive|Meru has 270 seconds left.\n|inactive|pdt has 270 seconds left.\n|\n|t:|1667179575\n|start\n|switch|p1a: Dhelmise|Dhelmise|100\/100\n|switch|p2a: Change Up|Rotom-Wash|100\/100\n|turn|1\n|\n|t:|1667179597\n|move|p2a: Change Up|Volt Switch|p1a: Dhelmise\n|-resisted|p1a: Dhelmise\n|-damage|p1a: Dhelmise|80\/100\n|\n|t:|1667179603\n|switch|p2a: DOA|Salamence, F|100\/100|[from]move: Volt Switch\n|move|p1a: Dhelmise|Poltergeist|p2a: DOA|[miss]\n|-miss|p1a: Dhelmise|p2a: DOA\n|\n|upkeep\n|turn|2\n|inactive|Meru has 270 seconds left.\n|\n|t:|1667179656\n|switch|p2a: Change Up|Rotom-Wash|100\/100\n|switch|p1a: Togekiss|Togekiss, F|100\/100\n|\n|upkeep\n|turn|3\n|\n|t:|1667179668\n|move|p1a: Togekiss|Roost||[still]\n|-fail|p1a: Togekiss|heal\n|move|p2a: Change Up|Trick|p1a: Togekiss\n|-activate|p2a: Change Up|move: Trick|[of] p1a: Togekiss\n|-item|p1a: Togekiss|Choice Specs|[from] move: Trick\n|-item|p2a: Change Up|Heavy-Duty Boots|[from] move: Trick\n|\n|upkeep\n|turn|4\n|inactive|Meru has 240 seconds left.\n|\n|t:|1667179691\n|switch|p1a: Dhelmise|Dhelmise|80\/100\n|move|p2a: Change Up|Volt Switch|p1a: Dhelmise\n|-resisted|p1a: Dhelmise\n|-damage|p1a: Dhelmise|66\/100\n|\n|t:|1667179704\n|switch|p2a: DOA|Salamence, F|100\/100|[from]move: Volt Switch\n|\n|upkeep\n|turn|5\n|\n|t:|1667179713\n|switch|p2a: No Ozone Pt.2|Slowbro-Galar, F|100\/100\n|switch|p1a: Skarmory|Skarmory, M|100\/100\n|\n|upkeep\n|turn|6\n|\n|t:|1667179725\n|move|p1a: Skarmory|Spikes|p2a: No Ozone Pt.2\n|-sidestart|p2: pdt|Spikes\n|move|p2a: No Ozone Pt.2|Future Sight|p1a: Skarmory\n|-start|p2a: No Ozone Pt.2|move: Future Sight\n|\n|upkeep\n|turn|7\n|inactive|Meru has 240 seconds left.\n|\n|t:|1667179746\n|switch|p1a: Togekiss|Togekiss, F|100\/100\n|switch|p2a: No More Heroes|Hippowdon, M|100\/100\n|-damage|p2a: No More Heroes|88\/100|[from] Spikes\n|-weather|Sandstorm|[from] ability: Sand Stream|[of] p2a: No More Heroes\n|\n|-weather|Sandstorm|[upkeep]\n|-damage|p1a: Togekiss|94\/100|[from] Sandstorm\n|upkeep\n|turn|8\n|inactive|Meru has 240 seconds left.\n|\n|t:|1667179765\n|switch|p1a: Skarmory|Skarmory, M|100\/100\n|switch|p2a: Change Up|Rotom-Wash|100\/100\n|\n|-weather|Sandstorm|[upkeep]\n|-damage|p2a: Change Up|95\/100|[from] Sandstorm\n|-end|p1a: Skarmory|move: Future Sight\n|-resisted|p1a: Skarmory\n|-damage|p1a: Skarmory|72\/100\n|upkeep\n|turn|9\n|\n|t:|1667179783\n|switch|p1a: Rhyperior|Rhyperior, F|100\/100\n|move|p2a: Change Up|Volt Switch|p1a: Rhyperior\n|-immune|p1a: Rhyperior\n|\n|-weather|Sandstorm|[upkeep]\n|-damage|p2a: Change Up|89\/100|[from] Sandstorm\n|upkeep\n|turn|10\n|\n|t:|1667179797\n|move|p2a: Change Up|Hydro Pump|p1a: Rhyperior\n|-supereffective|p1a: Rhyperior\n|-damage|p1a: Rhyperior|24\/100\n|move|p1a: Rhyperior|Toxic|p2a: Change Up\n|-status|p2a: Change Up|tox\n|\n|-weather|Sandstorm|[upkeep]\n|-damage|p2a: Change Up|83\/100 tox|[from] Sandstorm\n|-heal|p1a: Rhyperior|30\/100|[from] item: Leftovers\n|-damage|p2a: Change Up|77\/100 tox|[from] psn\n|upkeep\n|turn|11\n|\n|t:|1667179819\n|move|p2a: Change Up|Volt Switch|p1a: Rhyperior\n|-immune|p1a: Rhyperior\n|move|p1a: Rhyperior|Rock Blast|p2a: Change Up\n|-damage|p2a: Change Up|64\/100 tox\n|-damage|p2a: Change Up|51\/100 tox\n|-damage|p2a: Change Up|38\/100 tox\n|-hitcount|p2a: Change Up|3\n|\n|-weather|Sandstorm|[upkeep]\n|-damage|p2a: Change Up|32\/100 tox|[from] Sandstorm\n|-heal|p1a: Rhyperior|36\/100|[from] item: Leftovers\n|-damage|p2a: Change Up|20\/100 tox|[from] psn\n|upkeep\n|turn|12\n|inactive|Meru has 210 seconds left.\n|\n|t:|1667179841\n|switch|p2a: No More Heroes|Hippowdon, M|88\/100\n|-damage|p2a: No More Heroes|76\/100|[from] Spikes\n|move|p1a: Rhyperior|Toxic|p2a: No More Heroes\n|-status|p2a: No More Heroes|tox\n|\n|-weather|Sandstorm|[upkeep]\n|-heal|p1a: Rhyperior|42\/100|[from] item: Leftovers\n|-damage|p2a: No More Heroes|70\/100 tox|[from] psn\n|upkeep\n|turn|13\n|inactive|Meru has 210 seconds left.\n|inactive|Meru has 180 seconds left.\n|\n|t:|1667179890\n|switch|p1a: Cobalion|Cobalion|100\/100\n|move|p2a: No More Heroes|Stealth Rock|p1a: Cobalion\n|-sidestart|p1: Meru|move: Stealth Rock\n|\n|-weather|Sandstorm|[upkeep]\n|-damage|p2a: No More Heroes|57\/100 tox|[from] psn\n|upkeep\n|turn|14\n|\n|t:|1667179905\n|move|p1a: Cobalion|Substitute|p1a: Cobalion\n|-start|p1a: Cobalion|Substitute\n|-damage|p1a: Cobalion|76\/100\n|move|p2a: No More Heroes|Earthquake|p1a: Cobalion\n|-supereffective|p1a: Cobalion\n|-end|p1a: Cobalion|Substitute\n|\n|-weather|none\n|-heal|p1a: Cobalion|82\/100|[from] item: Leftovers\n|-damage|p2a: No More Heroes|39\/100 tox|[from] psn\n|upkeep\n|turn|15\n|inactive|Meru has 180 seconds left.\n|\n|t:|1667179917\n|switch|p2a: No Ozone Pt.2|Slowbro-Galar, F|100\/100\n|-damage|p2a: No Ozone Pt.2|88\/100|[from] Spikes\n|move|p1a: Cobalion|Swords Dance|p1a: Cobalion\n|-boost|p1a: Cobalion|atk|2\n|\n|-heal|p1a: Cobalion|88\/100|[from] item: Leftovers\n|upkeep\n|turn|16\n|inactive|Meru has 180 seconds left.\n|\n|t:|1667179937\n|move|p1a: Cobalion|Iron Head|p2a: No Ozone Pt.2\n|-damage|p2a: No Ozone Pt.2|31\/100\n|move|p2a: No Ozone Pt.2|Flamethrower|p1a: Cobalion\n|-supereffective|p1a: Cobalion\n|-damage|p1a: Cobalion|27\/100\n|-status|p1a: Cobalion|brn\n|\n|-heal|p1a: Cobalion|33\/100 brn|[from] item: Leftovers\n|-damage|p1a: Cobalion|27\/100 brn|[from] brn\n|upkeep\n|turn|17\n|inactive|Meru has 180 seconds left.\n|inactive|pdt has 270 seconds left.\n|\n|t:|1667179972\n|move|p1a: Cobalion|Close Combat|p2a: No Ozone Pt.2\n|-resisted|p2a: No Ozone Pt.2\n|-damage|p2a: No Ozone Pt.2|21\/100\n|-unboost|p1a: Cobalion|def|1\n|-unboost|p1a: Cobalion|spd|1\n|move|p2a: No Ozone Pt.2|Slack Off|p2a: No Ozone Pt.2\n|-heal|p2a: No Ozone Pt.2|71\/100\n|\n|-heal|p1a: Cobalion|33\/100 brn|[from] item: Leftovers\n|-damage|p1a: Cobalion|27\/100 brn|[from] brn\n|upkeep\n|turn|18\n|\n|t:|1667179978\n|switch|p1a: Rhyperior|Rhyperior, F|42\/100\n|-damage|p1a: Rhyperior|36\/100|[from] Stealth Rock\n|move|p2a: No Ozone Pt.2|Future Sight|p1a: Rhyperior\n|-start|p2a: No Ozone Pt.2|move: Future Sight\n|\n|-heal|p1a: Rhyperior|42\/100|[from] item: Leftovers\n|upkeep\n|turn|19\n|inactive|pdt has 270 seconds left.\n|\n|t:|1667180006\n|switch|p2a: DOA|Salamence, F|100\/100\n|move|p1a: Rhyperior|Stealth Rock|p2a: DOA\n|-sidestart|p2: pdt|move: Stealth Rock\n|\n|-heal|p1a: Rhyperior|49\/100|[from] item: Leftovers\n|upkeep\n|turn|20\n|\n|t:|1667180032\n|move|p2a: DOA|Dragon Dance|p2a: DOA\n|-boost|p2a: DOA|atk|1\n|-boost|p2a: DOA|spe|1\n|move|p1a: Rhyperior|Rock Blast|p2a: DOA\n|-supereffective|p2a: DOA\n|-damage|p2a: DOA|69\/100\n|-supereffective|p2a: DOA\n|-damage|p2a: DOA|39\/100\n|-supereffective|p2a: DOA\n|-damage|p2a: DOA|8\/100\n|-supereffective|p2a: DOA\n|-damage|p2a: DOA|0 fnt\n|faint|p2a: DOA\n|-hitcount|p2: DOA|4\n|\n|-end|p1a: Rhyperior|move: Future Sight\n|-damage|p1a: Rhyperior|12\/100\n|-heal|p1a: Rhyperior|18\/100|[from] item: Leftovers\n|upkeep\n|inactive|pdt has 240 seconds left.\n|\n|t:|1667180057\n|switch|p2a: Get Home|Excadrill, M|100\/100\n|-damage|p2a: Get Home|88\/100|[from] Spikes\n|-damage|p2a: Get Home|85\/100|[from] Stealth Rock\n|turn|21\n|\n|t:|1667180082\n|move|p2a: Get Home|Rapid Spin|p1a: Rhyperior\n|-resisted|p1a: Rhyperior\n|-damage|p1a: Rhyperior|13\/100\n|-boost|p2a: Get Home|spe|1\n|-sideend|p2: pdt|Spikes|[from] move: Rapid Spin|[of] p2a: Get Home\n|-sideend|p2: pdt|Stealth Rock|[from] move: Rapid Spin|[of] p2a: Get Home\n|move|p1a: Rhyperior|Earthquake|p2a: Get Home\n|-supereffective|p2a: Get Home\n|-damage|p2a: Get Home|0 fnt\n|faint|p2a: Get Home\n|\n|-heal|p1a: Rhyperior|19\/100|[from] item: Leftovers\n|upkeep\n|\n|t:|1667180088\n|switch|p2a: Want Me To Lose|Cobalion|100\/100\n|turn|22\n|\n|t:|1667180106\n|move|p2a: Want Me To Lose|Close Combat|p1a: Rhyperior\n|-supereffective|p1a: Rhyperior\n|-damage|p1a: Rhyperior|0 fnt\n|-unboost|p2a: Want Me To Lose|def|1\n|-unboost|p2a: Want Me To Lose|spd|1\n|faint|p1a: Rhyperior\n|\n|upkeep\n|\n|t:|1667180115\n|switch|p1a: Salazzle|Salazzle, F|100\/100\n|turn|23\n|inactive|pdt has 240 seconds left.\n|\n|t:|1667180123\n|switch|p2a: No Ozone Pt.2|Slowbro-Galar, F|100\/100\n|move|p1a: Salazzle|Fire Blast|p2a: No Ozone Pt.2\n|-damage|p2a: No Ozone Pt.2|54\/100\n|\n|upkeep\n|turn|24\n|\n|t:|1667180132\n|move|p1a: Salazzle|Nasty Plot|p1a: Salazzle\n|-boost|p1a: Salazzle|spa|2\n|move|p2a: No Ozone Pt.2|Future Sight|p1a: Salazzle\n|-start|p2a: No Ozone Pt.2|move: Future Sight\n|\n|upkeep\n|turn|25\n|\n|t:|1667180146\n|switch|p2a: Change Up|Rotom-Wash|20\/100 tox\n|move|p1a: Salazzle|Fire Blast|p2a: Change Up\n|-resisted|p2a: Change Up\n|-damage|p2a: Change Up|0 fnt\n|faint|p2a: Change Up\n|\n|upkeep\n|\n|t:|1667180150\n|switch|p2a: No More Heroes|Hippowdon, M|39\/100 tox\n|-weather|Sandstorm|[from] ability: Sand Stream|[of] p2a: No More Heroes\n|turn|26\n|inactive|Meru has 180 seconds left.\n|\n|t:|1667180161\n|switch|p1a: Cobalion|Cobalion|27\/100 brn\n|-damage|p1a: Cobalion|24\/100 brn|[from] Stealth Rock\n|switch|p2a: No Ozone Pt.2|Slowbro-Galar, F|87\/100\n|\n|-weather|Sandstorm|[upkeep]\n|-damage|p2a: No Ozone Pt.2|81\/100|[from] Sandstorm\n|-end|p1a: Cobalion|move: Future Sight\n|-damage|p1a: Cobalion|0 fnt\n|faint|p1a: Cobalion\n|upkeep\n|inactive|Meru has 180 seconds left.\n|inactive|Meru has 150 seconds left.\n|inactive|Meru has 120 seconds left.\n|\n|t:|1667180253\n|switch|p1a: Dhelmise|Dhelmise|66\/100\n|turn|27\n|\n|t:|1667180274\n|switch|p2a: No More Heroes|Hippowdon, M|39\/100 tox\n|move|p1a: Dhelmise|Poltergeist|p2a: No More Heroes\n|-activate|p2a: No More Heroes|move: Poltergeist|Smooth Rock\n|-damage|p2a: No More Heroes|10\/100 tox\n|\n|-weather|Sandstorm|[upkeep]\n|-damage|p1a: Dhelmise|60\/100|[from] Sandstorm\n|-damage|p2a: No More Heroes|4\/100 tox|[from] psn\n|upkeep\n|turn|28\n|\n|t:|1667180279\n|move|p1a: Dhelmise|Rapid Spin|p2a: No More Heroes\n|-damage|p2a: No More Heroes|0 fnt\n|-boost|p1a: Dhelmise|spe|1\n|-sideend|p1: Meru|Stealth Rock|[from] move: Rapid Spin|[of] p1a: Dhelmise\n|faint|p2a: No More Heroes\n|\n|-weather|Sandstorm|[upkeep]\n|-damage|p1a: Dhelmise|53\/100|[from] Sandstorm\n|upkeep\n|\n|t:|1667180282\n|switch|p2a: Want Me To Lose|Cobalion|100\/100\n|turn|29\n|inactive|Meru has 120 seconds left.\n|\n|t:|1667180303\n|switch|p1a: Skarmory|Skarmory, M|72\/100\n|move|p2a: Want Me To Lose|Swords Dance|p2a: Want Me To Lose\n|-boost|p2a: Want Me To Lose|atk|2\n|\n|-weather|Sandstorm|[upkeep]\n|upkeep\n|turn|30\n|inactive|pdt has 270 seconds left.\n|inactive|Meru has 90 seconds left.\n|\n|t:|1667180343\n|move|p2a: Want Me To Lose|Swords Dance|p2a: Want Me To Lose\n|-boost|p2a: Want Me To Lose|atk|2\n|move|p1a: Skarmory|Body Press|p2a: Want Me To Lose\n|-supereffective|p2a: Want Me To Lose\n|-damage|p2a: Want Me To Lose|45\/100\n|\n|-weather|Sandstorm|[upkeep]\n|upkeep\n|turn|31\n|inactive|Meru has 90 seconds left.\n|\n|t:|1667180363\n|move|p2a: Want Me To Lose|Close Combat|p1a: Skarmory\n|-damage|p1a: Skarmory|0 fnt\n|-unboost|p2a: Want Me To Lose|def|1\n|-unboost|p2a: Want Me To Lose|spd|1\n|-damage|p2a: Want Me To Lose|28\/100|[from] item: Rocky Helmet|[of] p1a: Skarmory\n|faint|p1a: Skarmory\n|\n|-weather|Sandstorm|[upkeep]\n|upkeep\n|\n|t:|1667180370\n|switch|p1a: Salazzle|Salazzle, F|100\/100\n|turn|32\n|\n|t:|1667180373\n|move|p1a: Salazzle|Fire Blast|p2a: Want Me To Lose\n|-supereffective|p2a: Want Me To Lose\n|-damage|p2a: Want Me To Lose|0 fnt\n|faint|p2a: Want Me To Lose\n|\n|-weather|Sandstorm|[upkeep]\n|-damage|p1a: Salazzle|94\/100|[from] Sandstorm\n|upkeep\n|\n|t:|1667180375\n|switch|p2a: No Ozone Pt.2|Slowbro-Galar, F|100\/100\n|turn|33\n|\n|t:|1667180383\n|move|p1a: Salazzle|Fire Blast|p2a: No Ozone Pt.2\n|-damage|p2a: No Ozone Pt.2|57\/100\n|move|p2a: No Ozone Pt.2|Future Sight|p1a: Salazzle\n|-start|p2a: No Ozone Pt.2|move: Future Sight\n|\n|-weather|none\n|upkeep\n|turn|34\n|\n|t:|1667180398\n|move|p1a: Salazzle|Sludge Bomb|p2a: No Ozone Pt.2\n|-resisted|p2a: No Ozone Pt.2\n|-crit|p2a: No Ozone Pt.2\n|-damage|p2a: No Ozone Pt.2|28\/100\n|-status|p2a: No Ozone Pt.2|psn\n|move|p2a: No Ozone Pt.2|Slack Off|p2a: No Ozone Pt.2\n|-heal|p2a: No Ozone Pt.2|79\/100 psn\n|\n|-damage|p2a: No Ozone Pt.2|66\/100 psn|[from] psn\n|upkeep\n|turn|35\n|\n|t:|1667180402\n|switch|p1a: Togekiss|Togekiss, F|94\/100\n|move|p2a: No Ozone Pt.2|Slack Off|p2a: No Ozone Pt.2\n|-heal|p2a: No Ozone Pt.2|100\/100 psn\n|\n|-end|p1a: Togekiss|move: Future Sight\n|-damage|p1a: Togekiss|59\/100\n|-damage|p2a: No Ozone Pt.2|88\/100 psn|[from] psn\n|upkeep\n|turn|36\n|\n|t:|1667180406\n|move|p1a: Togekiss|Air Slash|p2a: No Ozone Pt.2\n|-damage|p2a: No Ozone Pt.2|49\/100 psn\n|cant|p2a: No Ozone Pt.2|flinch\n|\n|-damage|p2a: No Ozone Pt.2|36\/100 psn|[from] psn\n|upkeep\n|turn|37\n|c|\u2606Meru|gg\n|\n|t:|1667180409\n|move|p1a: Togekiss|Air Slash|p2a: No Ozone Pt.2\n|-damage|p2a: No Ozone Pt.2|0 fnt\n|faint|p2a: No Ozone Pt.2\n|\n|win|Meru\n|c|\u2606pdt|gg\n","uploadtime":1667180410,"views":336,"p1id":"meru","p2id":"pdt","formatid":"gen8uu","rating":0,"private":0,"password":null}