{"id":"smogtours-gen7ubers-644524","p1":"Skysolo \u2764","p2":"RichardMillePlain","format":"gen7ubers","log":"|inactive|Battle timer is ON: inactive players will automatically lose when time's up.\n|t:|1661047907\n|gametype|singles\n|player|p1|Skysolo \u2764|#pspl2019ubers|\n|player|p2|RichardMillePlain|265|\n|teamsize|p1|6\n|teamsize|p2|6\n|gen|7\n|tier|[Gen 7] Ubers\n|rule|Sleep Clause Mod: Limit one foe put to sleep\n|rule|Species Clause: Limit one of each Pok\u00e9mon\n|rule|OHKO Clause: OHKO moves are banned\n|rule|Moody Clause: Moody is banned\n|rule|Evasion Moves Clause: Evasion moves are banned\n|rule|Endless Battle Clause: Forcing endless battles is banned\n|rule|HP Percentage Mod: HP is shown in percentages\n|rule|Mega Rayquaza Clause: You cannot mega evolve Rayquaza\n|clearpoke\n|poke|p1|Scolipede, F|item\n|poke|p1|Groudon|item\n|poke|p1|Arceus-*|item\n|poke|p1|Tyranitar, M|item\n|poke|p1|Necrozma-Dusk-Mane|item\n|poke|p1|Yveltal|item\n|poke|p2|Arceus-*|item\n|poke|p2|Groudon|item\n|poke|p2|Gengar, M|item\n|poke|p2|Necrozma-Dusk-Mane|item\n|poke|p2|Magearna|item\n|poke|p2|Yveltal|item\n|teampreview\n|c|\u2606Skysolo \u2764|hf\n|c|\u2606RichardMillePlain|u2\n|inactive|RichardMillePlain has 270 seconds left.\n|\n|t:|1661047944\n|start\n|switch|p1a: Scolipede|Scolipede, F|100\/100\n|switch|p2a: Groudon|Groudon|100\/100\n|detailschange|p2a: Groudon|Groudon-Primal\n|-primal|p2a: Groudon\n|-weather|DesolateLand|[from] ability: Desolate Land|[of] p2a: Groudon\n|turn|1\n|\n|t:|1661047958\n|move|p1a: Scolipede|Toxic|p2a: Groudon\n|-status|p2a: Groudon|tox\n|move|p2a: Groudon|Stealth Rock|p1a: Scolipede\n|-sidestart|p1: Skysolo \u2764|move: Stealth Rock\n|\n|-weather|DesolateLand|[upkeep]\n|-damage|p2a: Groudon|94\/100 tox|[from] psn\n|-ability|p1a: Scolipede|Speed Boost|boost\n|-boost|p1a: Scolipede|spe|1\n|upkeep\n|turn|2\n|\n|t:|1661047963\n|move|p1a: Scolipede|Toxic Spikes|p2a: Groudon\n|-sidestart|p2: RichardMillePlain|move: Toxic Spikes\n|move|p2a: Groudon|Rock Tomb|p1a: Scolipede\n|-supereffective|p1a: Scolipede\n|-damage|p1a: Scolipede|29\/100\n|-unboost|p1a: Scolipede|spe|1\n|\n|-weather|DesolateLand|[upkeep]\n|-damage|p2a: Groudon|82\/100 tox|[from] psn\n|-ability|p1a: Scolipede|Speed Boost|boost\n|-boost|p1a: Scolipede|spe|1\n|upkeep\n|turn|3\n|\n|t:|1661047971\n|move|p1a: Scolipede|Spikes|p2a: Groudon\n|-sidestart|p2: RichardMillePlain|Spikes\n|move|p2a: Groudon|Rock Tomb|p1a: Scolipede\n|-supereffective|p1a: Scolipede\n|-crit|p1a: Scolipede\n|-damage|p1a: Scolipede|0 fnt\n|faint|p1a: Scolipede\n|\n|-weather|DesolateLand|[upkeep]\n|-damage|p2a: Groudon|63\/100 tox|[from] psn\n|upkeep\n|\n|t:|1661047990\n|switch|p1a: Yveltal|Yveltal|100\/100\n|-damage|p1a: Yveltal|76\/100|[from] Stealth Rock\n|-ability|p1a: Yveltal|Dark Aura\n|turn|4\n|\n|t:|1661047996\n|move|p1a: Yveltal|Dark Pulse|p2a: Groudon\n|-damage|p2a: Groudon|6\/100 tox\n|-damage|p1a: Yveltal|66\/100|[from] item: Life Orb\n|move|p2a: Groudon|Rock Tomb|p1a: Yveltal\n|-supereffective|p1a: Yveltal\n|-damage|p1a: Yveltal|18\/100\n|-unboost|p1a: Yveltal|spe|1\n|\n|-weather|DesolateLand|[upkeep]\n|-damage|p2a: Groudon|0 fnt|[from] psn\n|faint|p2a: Groudon\n|-weather|none\n|upkeep\n|\n|t:|1661047999\n|switch|p2a: Gengar|Gengar, M|100\/100\n|-sideend|p2: RichardMillePlain|move: Toxic Spikes|[of] p2a: Gengar\n|-damage|p2a: Gengar|88\/100|[from] Spikes\n|turn|5\n|\n|t:|1661048003\n|switch|p2a: Yveltal|Yveltal|100\/100\n|-ability|p2a: Yveltal|Dark Aura\n|move|p1a: Yveltal|Sucker Punch||[still]\n|-fail|p1a: Yveltal\n|\n|upkeep\n|turn|6\n|\n|t:|1661048009\n|move|p2a: Yveltal|Foul Play|p1a: Yveltal\n|-resisted|p1a: Yveltal\n|-damage|p1a: Yveltal|0 fnt\n|faint|p1a: Yveltal\n|\n|upkeep\n|\n|t:|1661048024\n|switch|p1a: Tyranitar|Tyranitar, M|100\/100\n|-damage|p1a: Tyranitar|88\/100|[from] Stealth Rock\n|-weather|Sandstorm|[from] ability: Sand Stream|[of] p1a: Tyranitar\n|turn|7\n|\n|t:|1661048032\n|switch|p2a: Arceus|Arceus-Ground|100\/100\n|-damage|p2a: Arceus|88\/100|[from] Spikes\n|detailschange|p1a: Tyranitar|Tyranitar-Mega, M\n|-mega|p1a: Tyranitar|Tyranitar|Tyranitarite\n|move|p1a: Tyranitar|Stone Edge|p2a: Arceus\n|-resisted|p2a: Arceus\n|-damage|p2a: Arceus|66\/100\n|\n|-weather|Sandstorm|[upkeep]\n|upkeep\n|turn|8\n|\n|t:|1661048037\n|move|p2a: Arceus|Judgment|p1a: Tyranitar\n|-supereffective|p1a: Tyranitar\n|-damage|p1a: Tyranitar|37\/100\n|move|p1a: Tyranitar|Dragon Dance|p1a: Tyranitar\n|-boost|p1a: Tyranitar|atk|1\n|-boost|p1a: Tyranitar|spe|1\n|\n|-weather|Sandstorm|[upkeep]\n|upkeep\n|turn|9\n|\n|t:|1661048041\n|move|p1a: Tyranitar|Ice Punch|p2a: Arceus\n|-supereffective|p2a: Arceus\n|-damage|p2a: Arceus|6\/100\n|move|p2a: Arceus|Judgment|p1a: Tyranitar\n|-supereffective|p1a: Tyranitar\n|-damage|p1a: Tyranitar|0 fnt\n|faint|p1a: Tyranitar\n|\n|-weather|Sandstorm|[upkeep]\n|upkeep\n|inactive|Skysolo \u2764 has 270 seconds left.\n|\n|t:|1661048081\n|switch|p1a: Necrozma|Necrozma-Dusk-Mane|100\/100\n|-damage|p1a: Necrozma|94\/100|[from] Stealth Rock\n|turn|10\n|inactive|Skysolo \u2764 has 270 seconds left.\n|\n|t:|1661048087\n|switch|p2a: Yveltal|Yveltal|100\/100\n|-ability|p2a: Yveltal|Dark Aura\n|detailschange|p1a: Necrozma|Necrozma-Ultra\n|-burst|p1a: Necrozma|Necrozma|Ultranecrozium Z\n|move|p1a: Necrozma|Earthquake|p2a: Yveltal\n|-immune|p2a: Yveltal\n|\n|-weather|Sandstorm|[upkeep]\n|-damage|p1a: Necrozma|88\/100|[from] Sandstorm\n|-damage|p2a: Yveltal|94\/100|[from] Sandstorm\n|upkeep\n|turn|11\n|\n|t:|1661048093\n|move|p1a: Necrozma|Stone Edge|p2a: Yveltal\n|-supereffective|p2a: Yveltal\n|-damage|p2a: Yveltal|32\/100\n|move|p2a: Yveltal|Foul Play|p1a: Necrozma\n|-supereffective|p1a: Necrozma\n|-damage|p1a: Necrozma|0 fnt\n|faint|p1a: Necrozma\n|\n|-weather|none\n|upkeep\n|\n|t:|1661048100\n|switch|p1a: Groudon|Groudon|100\/100\n|-damage|p1a: Groudon|94\/100|[from] Stealth Rock\n|detailschange|p1a: Groudon|Groudon-Primal\n|-primal|p1a: Groudon\n|-weather|DesolateLand|[from] ability: Desolate Land|[of] p1a: Groudon\n|turn|12\n|\n|t:|1661048108\n|-zpower|p2a: Yveltal\n|move|p2a: Yveltal|Black Hole Eclipse|p1a: Groudon|[zeffect]\n|-damage|p1a: Groudon|40\/100\n|move|p1a: Groudon|Stealth Rock|p2a: Yveltal\n|-sidestart|p2: RichardMillePlain|move: Stealth Rock\n|\n|-weather|DesolateLand|[upkeep]\n|upkeep\n|turn|13\n|\n|t:|1661048115\n|move|p2a: Yveltal|Defog|p1a: Groudon\n|-unboost|p1a: Groudon|evasion|1\n|-sideend|p1: Skysolo \u2764|Stealth Rock|[from] move: Defog|[of] p2a: Yveltal\n|-sideend|p2: RichardMillePlain|Spikes|[from] move: Defog|[of] p2a: Yveltal\n|-sideend|p2: RichardMillePlain|Stealth Rock|[from] move: Defog|[of] p2a: Yveltal\n|move|p1a: Groudon|Dragon Tail|p2a: Yveltal\n|-damage|p2a: Yveltal|14\/100\n|drag|p2a: Necrozma|Necrozma-Dusk-Mane|100\/100\n|\n|-weather|DesolateLand|[upkeep]\n|upkeep\n|turn|14\n|\n|t:|1661048124\n|move|p1a: Groudon|Stealth Rock|p2a: Necrozma\n|-sidestart|p2: RichardMillePlain|move: Stealth Rock\n|move|p2a: Necrozma|Trick Room|p2a: Necrozma\n|-fieldstart|move: Trick Room|[of] p2a: Necrozma\n|\n|-weather|DesolateLand|[upkeep]\n|upkeep\n|turn|15\n|\n|t:|1661048131\n|move|p2a: Necrozma|Earthquake|p1a: Groudon\n|-supereffective|p1a: Groudon\n|-damage|p1a: Groudon|0 fnt\n|faint|p1a: Groudon\n|-weather|none\n|\n|upkeep\n|\n|t:|1661048135\n|switch|p1a: Arceus|Arceus|100\/100\n|turn|16\n|\n|t:|1661048138\n|move|p2a: Necrozma|Swords Dance|p2a: Necrozma\n|-boost|p2a: Necrozma|atk|2\n|move|p1a: Arceus|Swords Dance|p1a: Arceus\n|-boost|p1a: Arceus|atk|2\n|\n|upkeep\n|turn|17\n|\n|t:|1661048142\n|move|p2a: Necrozma|Sunsteel Strike|p1a: Arceus\n|-damage|p1a: Arceus|14\/100\n|move|p1a: Arceus|Earthquake|p2a: Necrozma\n|-supereffective|p2a: Necrozma\n|-damage|p2a: Necrozma|25\/100\n|-enditem|p2a: Necrozma|Weakness Policy\n|-boost|p2a: Necrozma|atk|2|[from] item: Weakness Policy\n|-boost|p2a: Necrozma|spa|2|[from] item: Weakness Policy\n|\n|upkeep\n|turn|18\n|\n|t:|1661048149\n|move|p1a: Arceus|Extreme Speed|p2a: Necrozma\n|-resisted|p2a: Necrozma\n|-damage|p2a: Necrozma|0 fnt\n|faint|p2a: Necrozma\n|\n|-fieldend|move: Trick Room\n|upkeep\n|\n|t:|1661048154\n|switch|p2a: Gengar|Gengar, M|88\/100\n|-damage|p2a: Gengar|76\/100|[from] Stealth Rock\n|turn|19\n|\n|t:|1661048159\n|detailschange|p2a: Gengar|Gengar-Mega, M\n|-mega|p2a: Gengar|Gengar|Gengarite\n|move|p2a: Gengar|Sludge Wave|p1a: Arceus\n|-damage|p1a: Arceus|0 fnt\n|faint|p1a: Arceus\n|\n|win|RichardMillePlain\n","uploadtime":1661048160,"views":24,"p1id":"skysolo","p2id":"richardmilleplain","formatid":"gen7ubers","rating":0,"private":0,"password":null}