{"id":"smogtours-gen8nationaldex-646635","p1":"Faygos","p2":"hump","format":"gen8nationaldex","log":"|inactive|Battle timer is ON: inactive players will automatically lose when time's up.\n|t:|1662328297\n|gametype|singles\n|player|p1|Faygos|265|\n|player|p2|hump|dawn-masters|\n|teamsize|p1|6\n|teamsize|p2|6\n|gen|8\n|tier|[Gen 8] National Dex\n|rule|HP Percentage Mod: HP is shown in percentages\n|rule|Endless Battle Clause: Forcing endless battles is banned\n|rule|OHKO Clause: OHKO moves are banned\n|rule|Evasion Moves Clause: Evasion moves are banned\n|rule|Species Clause: Limit one of each Pok\u00e9mon\n|rule|Dynamax Clause: You cannot dynamax\n|rule|Sleep Clause Mod: Limit one foe put to sleep\n|clearpoke\n|poke|p1|Victini|\n|poke|p1|Skarmory, M|\n|poke|p1|Medicham, M|\n|poke|p1|Slowbro-Galar, F|\n|poke|p1|Jirachi|\n|poke|p1|Minior|\n|poke|p2|Ditto|\n|poke|p2|Latias, F|\n|poke|p2|Greninja, M|\n|poke|p2|Ferrothorn, F|\n|poke|p2|Chansey, F|\n|poke|p2|Gliscor, M|\n|teampreview\n|inactive|Faygos also wants the timer to be on.\n|inactive|hump also wants the timer to be on.\n|\n|t:|1662328317\n|start\n|switch|p1a: Skarmory|Skarmory, M|100\/100\n|switch|p2a: Greninja|Greninja, M|100\/100\n|turn|1\n|\n|t:|1662328320\n|move|p2a: Greninja|Ice Beam|p1a: Skarmory\n|-start|p2a: Greninja|typechange|Ice|[from] ability: Protean\n|-damage|p1a: Skarmory|39\/100\n|move|p1a: Skarmory|Stealth Rock|p2a: Greninja\n|-sidestart|p2: hump|move: Stealth Rock\n|\n|upkeep\n|turn|2\n|\n|t:|1662328323\n|switch|p1a: Victini|Victini|100\/100\n|move|p2a: Greninja|Hidden Power|p1a: Victini\n|-start|p2a: Greninja|typechange|Fire|[from] ability: Protean\n|-resisted|p1a: Victini\n|-damage|p1a: Victini|91\/100\n|\n|upkeep\n|turn|3\n|\n|t:|1662328330\n|switch|p2a: Chansey|Chansey, F|100\/100\n|-damage|p2a: Chansey|88\/100|[from] Stealth Rock\n|move|p1a: Victini|Final Gambit|p2a: Chansey\n|-damage|p2a: Chansey|36\/100\n|faint|p1a: Victini\n|\n|upkeep\n|\n|t:|1662328333\n|switch|p1a: Medicham|Medicham, M, shiny|100\/100\n|turn|4\n|\n|t:|1662328336\n|switch|p2a: Latias|Latias, F|100\/100\n|-damage|p2a: Latias|88\/100|[from] Stealth Rock\n|move|p1a: Medicham|High Jump Kick|p2a: Latias\n|-resisted|p2a: Latias\n|-damage|p2a: Latias|47\/100\n|\n|upkeep\n|turn|5\n|\n|t:|1662328341\n|switch|p1a: Skarmory|Skarmory, M|39\/100\n|detailschange|p2a: Latias|Latias-Mega, F\n|-mega|p2a: Latias|Latias|Latiasite\n|move|p2a: Latias|Roost|p2a: Latias\n|-heal|p2a: Latias|97\/100\n|-singleturn|p2a: Latias|move: Roost\n|\n|upkeep\n|turn|6\n|\n|t:|1662328343\n|move|p2a: Latias|Thunderbolt|p1a: Skarmory\n|-supereffective|p1a: Skarmory\n|-damage|p1a: Skarmory|0 fnt\n|faint|p1a: Skarmory\n|\n|upkeep\n|\n|t:|1662328347\n|switch|p1a: Minior|Minior|100\/100\n|-formechange|p1a: Minior|Minior-Meteor||[from] ability: Shields Down\n|turn|7\n|\n|t:|1662328349\n|move|p2a: Latias|Calm Mind|p2a: Latias\n|-boost|p2a: Latias|spa|1\n|-boost|p2a: Latias|spd|1\n|move|p1a: Minior|Shell Smash|p1a: Minior\n|-unboost|p1a: Minior|def|1\n|-unboost|p1a: Minior|spd|1\n|-boost|p1a: Minior|atk|2\n|-boost|p1a: Minior|spa|2\n|-boost|p1a: Minior|spe|2\n|\n|upkeep\n|turn|8\n|\n|t:|1662328352\n|move|p1a: Minior|Power Gem|p2a: Latias\n|-damage|p2a: Latias|74\/100\n|move|p2a: Latias|Thunderbolt|p1a: Minior\n|-supereffective|p1a: Minior\n|-enditem|p1a: Minior|Focus Sash\n|-damage|p1a: Minior|1\/100\n|\n|-formechange|p1a: Minior|Minior||[from] ability: Shields Down\n|upkeep\n|turn|9\n|\n|t:|1662328356\n|move|p1a: Minior|Power Gem|p2a: Latias\n|-damage|p2a: Latias|39\/100\n|move|p2a: Latias|Ice Beam|p1a: Minior\n|-supereffective|p1a: Minior\n|-damage|p1a: Minior|0 fnt\n|faint|p1a: Minior\n|\n|upkeep\n|\n|t:|1662328359\n|switch|p1a: Medicham|Medicham, M, shiny|100\/100\n|turn|10\n|\n|t:|1662328364\n|move|p1a: Medicham|Ice Punch|p2a: Latias\n|-supereffective|p2a: Latias\n|-damage|p2a: Latias|0 fnt\n|faint|p2a: Latias\n|\n|upkeep\n|\n|t:|1662328368\n|switch|p2a: Ferrothorn|Ferrothorn, F|100\/100\n|-damage|p2a: Ferrothorn|94\/100|[from] Stealth Rock\n|turn|11\n|\n|t:|1662328370\n|switch|p1a: Slowbro|Slowbro-Galar, F|100\/100\n|move|p2a: Ferrothorn|Leech Seed|p1a: Slowbro\n|-start|p1a: Slowbro|move: Leech Seed\n|\n|-heal|p2a: Ferrothorn|100\/100|[from] item: Leftovers\n|-damage|p1a: Slowbro|88\/100|[from] Leech Seed|[of] p2a: Ferrothorn\n|upkeep\n|turn|12\n|\n|t:|1662328373\n|switch|p1a: Medicham|Medicham, M, shiny|100\/100\n|move|p2a: Ferrothorn|Spikes|p1a: Medicham\n|-sidestart|p1: Faygos|Spikes\n|\n|upkeep\n|turn|13\n|\n|t:|1662328375\n|switch|p2a: Chansey|Chansey, F|36\/100\n|-damage|p2a: Chansey|24\/100|[from] Stealth Rock\n|move|p1a: Medicham|High Jump Kick|p2a: Chansey\n|-supereffective|p2a: Chansey\n|-damage|p2a: Chansey|0 fnt\n|faint|p2a: Chansey\n|\n|upkeep\n|\n|t:|1662328376\n|switch|p2a: Gliscor|Gliscor, M|100\/100\n|-damage|p2a: Gliscor|88\/100|[from] Stealth Rock\n|turn|14\n|\n|t:|1662328381\n|move|p1a: Medicham|High Jump Kick|p2a: Gliscor\n|-resisted|p2a: Gliscor\n|-damage|p2a: Gliscor|54\/100\n|move|p2a: Gliscor|Roost|p2a: Gliscor\n|-heal|p2a: Gliscor|100\/100\n|-singleturn|p2a: Gliscor|move: Roost\n|\n|-status|p2a: Gliscor|tox|[from] item: Toxic Orb\n|upkeep\n|turn|15\n|\n|t:|1662328383\n|move|p1a: Medicham|High Jump Kick|p2a: Gliscor\n|-resisted|p2a: Gliscor\n|-damage|p2a: Gliscor|70\/100 tox\n|move|p2a: Gliscor|Earthquake|p1a: Medicham\n|-damage|p1a: Medicham|44\/100\n|\n|-heal|p2a: Gliscor|82\/100 tox|[from] ability: Poison Heal\n|upkeep\n|turn|16\n|\n|t:|1662328386\n|move|p1a: Medicham|High Jump Kick|p2a: Gliscor\n|-resisted|p2a: Gliscor\n|-damage|p2a: Gliscor|49\/100 tox\n|move|p2a: Gliscor|Earthquake|p1a: Medicham\n|-damage|p1a: Medicham|0 fnt\n|faint|p1a: Medicham\n|\n|-heal|p2a: Gliscor|62\/100 tox|[from] ability: Poison Heal\n|upkeep\n|\n|t:|1662328391\n|switch|p1a: Slowbro|Slowbro-Galar, F|88\/100\n|-damage|p1a: Slowbro|76\/100|[from] Spikes\n|turn|17\n|-activate|p1a: Slowbro|ability: Quick Draw\n|\n|t:|1662328394\n|detailschange|p1a: Slowbro|Slowbro-Mega, F\n|-mega|p1a: Slowbro|Slowbro|Slowbronite\n|move|p1a: Slowbro|Scald|p2a: Gliscor\n|-supereffective|p2a: Gliscor\n|-damage|p2a: Gliscor|0 fnt\n|faint|p2a: Gliscor\n|\n|upkeep\n|\n|t:|1662328396\n|switch|p2a: Ferrothorn|Ferrothorn, F|100\/100\n|-damage|p2a: Ferrothorn|94\/100|[from] Stealth Rock\n|turn|18\n|\n|t:|1662328402\n|move|p1a: Slowbro|Calm Mind|p1a: Slowbro\n|-boost|p1a: Slowbro|spa|1\n|-boost|p1a: Slowbro|spd|1\n|move|p2a: Ferrothorn|Power Whip|p1a: Slowbro\n|-supereffective|p1a: Slowbro\n|-damage|p1a: Slowbro|37\/100\n|\n|-heal|p2a: Ferrothorn|100\/100|[from] item: Leftovers\n|upkeep\n|turn|19\n|\n|t:|1662328404\n|move|p1a: Slowbro|Slack Off|p1a: Slowbro\n|-heal|p1a: Slowbro|88\/100\n|move|p2a: Ferrothorn|Leech Seed|p1a: Slowbro\n|-start|p1a: Slowbro|move: Leech Seed\n|\n|-damage|p1a: Slowbro|75\/100|[from] Leech Seed|[of] p2a: Ferrothorn\n|upkeep\n|turn|20\n|\n|t:|1662328407\n|move|p1a: Slowbro|Scald|p2a: Ferrothorn\n|-resisted|p2a: Ferrothorn\n|-damage|p2a: Ferrothorn|84\/100\n|-status|p2a: Ferrothorn|brn\n|move|p2a: Ferrothorn|Spikes|p1a: Slowbro\n|-sidestart|p1: Faygos|Spikes\n|\n|-heal|p2a: Ferrothorn|90\/100 brn|[from] item: Leftovers\n|-damage|p1a: Slowbro|63\/100|[from] Leech Seed|[of] p2a: Ferrothorn\n|-heal|p2a: Ferrothorn|100\/100 brn|[silent]\n|-damage|p2a: Ferrothorn|94\/100 brn|[from] brn\n|upkeep\n|turn|21\n|\n|t:|1662328411\n|move|p1a: Slowbro|Slack Off|p1a: Slowbro\n|-heal|p1a: Slowbro|100\/100\n|move|p2a: Ferrothorn|Spikes|p1a: Slowbro\n|-sidestart|p1: Faygos|Spikes\n|\n|-heal|p2a: Ferrothorn|100\/100 brn|[from] item: Leftovers\n|-damage|p1a: Slowbro|88\/100|[from] Leech Seed|[of] p2a: Ferrothorn\n|-damage|p2a: Ferrothorn|94\/100 brn|[from] brn\n|upkeep\n|turn|22\n|\n|t:|1662328413\n|switch|p2a: Greninja|Greninja, M|100\/100\n|-damage|p2a: Greninja|88\/100|[from] Stealth Rock\n|move|p1a: Slowbro|Calm Mind|p1a: Slowbro\n|-boost|p1a: Slowbro|spa|1\n|-boost|p1a: Slowbro|spd|1\n|\n|-damage|p1a: Slowbro|76\/100|[from] Leech Seed|[of] p2a: Greninja\n|-heal|p2a: Greninja|100\/100|[silent]\n|upkeep\n|turn|23\n|\n|t:|1662328415\n|move|p2a: Greninja|Gunk Shot|p1a: Slowbro\n|-start|p2a: Greninja|typechange|Poison|[from] ability: Protean\n|-damage|p1a: Slowbro|55\/100\n|-status|p1a: Slowbro|psn\n|move|p1a: Slowbro|Scald|p2a: Greninja\n|-damage|p2a: Greninja|0 fnt\n|faint|p2a: Greninja\n|\n|-damage|p1a: Slowbro|43\/100 psn|[from] psn\n|upkeep\n|\n|t:|1662328418\n|switch|p2a: Ditto|Ditto, shiny|100\/100\n|-damage|p2a: Ditto|88\/100|[from] Stealth Rock\n|-transform|p2a: Ditto|p1a: Slowbro|[from] ability: Imposter\n|turn|24\n|\n|t:|1662328421\n|move|p2a: Ditto|Scald|p1a: Slowbro\n|-resisted|p1a: Slowbro\n|-damage|p1a: Slowbro|28\/100 psn\n|move|p1a: Slowbro|Slack Off|p1a: Slowbro\n|-heal|p1a: Slowbro|78\/100 psn\n|\n|-damage|p1a: Slowbro|65\/100 psn|[from] Leech Seed|[of] p2a: Ditto\n|-heal|p2a: Ditto|100\/100|[silent]\n|-damage|p1a: Slowbro|53\/100 psn|[from] psn\n|upkeep\n|turn|25\n|\n|t:|1662328424\n|switch|p2a: Ferrothorn|Ferrothorn, F|94\/100 brn\n|-damage|p2a: Ferrothorn|88\/100 brn|[from] Stealth Rock\n|move|p1a: Slowbro|Slack Off|p1a: Slowbro\n|-heal|p1a: Slowbro|100\/100 psn\n|\n|-heal|p2a: Ferrothorn|94\/100 brn|[from] item: Leftovers\n|-damage|p1a: Slowbro|88\/100 psn|[from] Leech Seed|[of] p2a: Ferrothorn\n|-heal|p2a: Ferrothorn|100\/100 brn|[silent]\n|-damage|p1a: Slowbro|76\/100 psn|[from] psn\n|-damage|p2a: Ferrothorn|94\/100 brn|[from] brn\n|upkeep\n|turn|26\n|\n|t:|1662328429\n|move|p1a: Slowbro|Scald|p2a: Ferrothorn\n|-resisted|p2a: Ferrothorn\n|-damage|p2a: Ferrothorn|74\/100 brn\n|move|p2a: Ferrothorn|Power Whip|p1a: Slowbro\n|-supereffective|p1a: Slowbro\n|-damage|p1a: Slowbro|58\/100 psn\n|\n|-heal|p2a: Ferrothorn|80\/100 brn|[from] item: Leftovers\n|-damage|p1a: Slowbro|45\/100 psn|[from] Leech Seed|[of] p2a: Ferrothorn\n|-heal|p2a: Ferrothorn|94\/100 brn|[silent]\n|-damage|p1a: Slowbro|33\/100 psn|[from] psn\n|-damage|p2a: Ferrothorn|88\/100 brn|[from] brn\n|upkeep\n|turn|27\n|\n|t:|1662328433\n|move|p1a: Slowbro|Slack Off|p1a: Slowbro\n|-heal|p1a: Slowbro|83\/100 psn\n|move|p2a: Ferrothorn|Knock Off|p1a: Slowbro\n|-supereffective|p1a: Slowbro\n|-damage|p1a: Slowbro|76\/100 psn\n|\n|-heal|p2a: Ferrothorn|94\/100 brn|[from] item: Leftovers\n|-damage|p1a: Slowbro|64\/100 psn|[from] Leech Seed|[of] p2a: Ferrothorn\n|-heal|p2a: Ferrothorn|100\/100 brn|[silent]\n|-damage|p1a: Slowbro|51\/100 psn|[from] psn\n|-damage|p2a: Ferrothorn|94\/100 brn|[from] brn\n|upkeep\n|turn|28\n|\n|t:|1662328438\n|switch|p1a: Jirachi|Jirachi, shiny|100\/100\n|-damage|p1a: Jirachi|76\/100|[from] Spikes\n|move|p2a: Ferrothorn|Knock Off|p1a: Jirachi\n|-supereffective|p1a: Jirachi\n|-crit|p1a: Jirachi\n|-damage|p1a: Jirachi|50\/100\n|\n|-heal|p2a: Ferrothorn|100\/100 brn|[from] item: Leftovers\n|-damage|p2a: Ferrothorn|94\/100 brn|[from] brn\n|upkeep\n|turn|29\n|\n|t:|1662328441\n|-zpower|p1a: Jirachi\n|move|p1a: Jirachi|Z-Happy Hour|p1a: Jirachi|[anim]Happy Hour\n|-boost|p1a: Jirachi|atk|1|[zeffect]\n|-boost|p1a: Jirachi|def|1|[zeffect]\n|-boost|p1a: Jirachi|spa|1|[zeffect]\n|-boost|p1a: Jirachi|spd|1|[zeffect]\n|-boost|p1a: Jirachi|spe|1|[zeffect]\n|move|p2a: Ferrothorn|Leech Seed|p1a: Jirachi\n|-start|p1a: Jirachi|move: Leech Seed\n|\n|-heal|p2a: Ferrothorn|100\/100 brn|[from] item: Leftovers\n|-damage|p1a: Jirachi|38\/100|[from] Leech Seed|[of] p2a: Ferrothorn\n|-damage|p2a: Ferrothorn|94\/100 brn|[from] brn\n|upkeep\n|turn|30\n|\n|t:|1662328443\n|move|p1a: Jirachi|Stored Power|p2a: Ferrothorn\n|-resisted|p2a: Ferrothorn\n|-damage|p2a: Ferrothorn|72\/100 brn\n|move|p2a: Ferrothorn|Knock Off|p1a: Jirachi\n|-supereffective|p1a: Jirachi\n|-damage|p1a: Jirachi|27\/100\n|\n|-heal|p2a: Ferrothorn|78\/100 brn|[from] item: Leftovers\n|-damage|p1a: Jirachi|15\/100|[from] Leech Seed|[of] p2a: Ferrothorn\n|-heal|p2a: Ferrothorn|90\/100 brn|[silent]\n|-damage|p2a: Ferrothorn|84\/100 brn|[from] brn\n|upkeep\n|turn|31\n|\n|t:|1662328447\n|switch|p2a: Ditto|Ditto, shiny|100\/100\n|-damage|p2a: Ditto|88\/100|[from] Stealth Rock\n|-transform|p2a: Ditto|p1a: Jirachi|[from] ability: Imposter\n|move|p1a: Jirachi|Stored Power|p2a: Ditto\n|-resisted|p2a: Ditto\n|-damage|p2a: Ditto|74\/100\n|\n|-damage|p1a: Jirachi|2\/100|[from] Leech Seed|[of] p2a: Ditto\n|-heal|p2a: Ditto|88\/100|[silent]\n|upkeep\n|turn|32\n|\n|t:|1662328450\n|move|p2a: Ditto|Charge Beam|p1a: Jirachi\n|-damage|p1a: Jirachi|0 fnt\n|-boost|p2a: Ditto|spa|1\n|faint|p1a: Jirachi\n|\n|upkeep\n|\n|t:|1662328451\n|switch|p1a: Slowbro|Slowbro-Mega, F|51\/100 psn\n|-damage|p1a: Slowbro|26\/100 psn|[from] Spikes\n|turn|33\n|\n|t:|1662328453\n|move|p2a: Ditto|Charge Beam|p1a: Slowbro\n|-supereffective|p1a: Slowbro\n|-damage|p1a: Slowbro|0 fnt\n|-boost|p2a: Ditto|spa|1\n|faint|p1a: Slowbro\n|\n|win|hump\n","uploadtime":1662328454,"views":27,"p1id":"faygos","p2id":"hump","formatid":"gen8nationaldex","rating":0,"private":0,"password":null}