{"id":"smogtours-gen4ubers-633012","p1":"inspirited","p2":"Raph369","format":"gen4ubers","log":"|inactive|Battle timer is ON: inactive players will automatically lose when time's up.\n|t:|1655582871\n|gametype|singles\n|player|p1|inspirited|milo|\n|player|p2|Raph369|archer|\n|teamsize|p1|6\n|teamsize|p2|6\n|gen|4\n|tier|[Gen 4] Ubers\n|rule|Sleep Clause Mod: Limit one foe put to sleep\n|rule|Species Clause: Limit one of each Pok\u00e9mon\n|rule|OHKO Clause: OHKO moves are banned\n|rule|Evasion Moves Clause: Evasion moves are banned\n|rule|Endless Battle Clause: Forcing endless battles is banned\n|rule|HP Percentage Mod: HP is shown in percentages\n|\n|t:|1655582871\n|start\n|switch|p1a: Julie|Froslass, F|100\/100\n|switch|p2a: Kyogre|Kyogre|100\/100\n|-weather|RainDance|[from] ability: Drizzle|[of] p2a: Kyogre\n|turn|1\n|c|\u2606inspirited|glhf\n|c|+Eledyr|Let's go Raph\n|inactive|Raph369 has 270 seconds left.\n|\n|t:|1655582911\n|move|p1a: Julie|Spikes|p2a: Kyogre\n|-sidestart|p2: Raph369|Spikes\n|move|p2a: Kyogre|Thunder|p1a: Julie\n|-damage|p1a: Julie|21\/100\n|-status|p1a: Julie|par\n|\n|-weather|RainDance|[upkeep]\n|upkeep\n|turn|2\n|c|+Perry|very well trained\n|c|\u2606Raph369|ik right\n|\n|t:|1655582940\n|switch|p1a: Flying-Type|Dialga|100\/100\n|-ability|p1a: Flying-Type|Pressure\n|move|p2a: Kyogre|Ice Beam|p1a: Flying-Type\n|-damage|p1a: Flying-Type|77\/100\n|-status|p1a: Flying-Type|frz\n|\n|-weather|RainDance|[upkeep]\n|-heal|p1a: Flying-Type|84\/100 frz|[from] item: Leftovers\n|upkeep\n|turn|3\n|\n|t:|1655582949\n|cant|p1a: Flying-Type|frz\n|move|p2a: Kyogre|Calm Mind|p2a: Kyogre\n|-boost|p2a: Kyogre|spa|1\n|-boost|p2a: Kyogre|spd|1\n|\n|-weather|RainDance|[upkeep]\n|-heal|p1a: Flying-Type|90\/100 frz|[from] item: Leftovers\n|upkeep\n|turn|4\n|\n|t:|1655582953\n|move|p2a: Kyogre|Ice Beam|p1a: Flying-Type\n|-damage|p1a: Flying-Type|55\/100 frz\n|cant|p1a: Flying-Type|frz\n|\n|-weather|RainDance|[upkeep]\n|-heal|p1a: Flying-Type|61\/100 frz|[from] item: Leftovers\n|upkeep\n|turn|5\n|\n|t:|1655582963\n|cant|p1a: Flying-Type|frz\n|move|p2a: Kyogre|Ice Beam|p1a: Flying-Type\n|-damage|p1a: Flying-Type|22\/100 frz\n|\n|-weather|RainDance|[upkeep]\n|-heal|p1a: Flying-Type|28\/100 frz|[from] item: Leftovers\n|upkeep\n|turn|6\n|\n|t:|1655582974\n|cant|p1a: Flying-Type|frz\n|move|p2a: Kyogre|Ice Beam|p1a: Flying-Type\n|-damage|p1a: Flying-Type|0 fnt\n|faint|p1a: Flying-Type\n|\n|-weather|RainDance|[upkeep]\n|upkeep\n|\n|t:|1655582992\n|switch|p1a: Juan|Groudon|100\/100\n|-weather|SunnyDay|[from] ability: Drought|[of] p1a: Juan\n|turn|7\n|\n|t:|1655583001\n|move|p1a: Juan|Swords Dance|p1a: Juan\n|-boost|p1a: Juan|atk|2\n|move|p2a: Kyogre|Ice Beam|p1a: Juan\n|-supereffective|p1a: Juan\n|-damage|p1a: Juan|8\/100\n|\n|-weather|SunnyDay|[upkeep]\n|upkeep\n|turn|8\n|\n|t:|1655583013\n|-enditem|p1a: Juan|Custap Berry|[eat]\n|-message|Custap Berry activated.\n|move|p1a: Juan|Earthquake|p2a: Kyogre\n|-damage|p2a: Kyogre|0 fnt\n|faint|p2a: Kyogre\n|\n|-weather|SunnyDay|[upkeep]\n|upkeep\n|\n|t:|1655583032\n|switch|p2a: Groudon|Groudon|100\/100\n|-damage|p2a: Groudon|88\/100|[from] Spikes\n|turn|9\n|\n|t:|1655583041\n|move|p2a: Groudon|Substitute|p2a: Groudon\n|-start|p2a: Groudon|Substitute\n|-damage|p2a: Groudon|63\/100\n|move|p1a: Juan|Earthquake|p2a: Groudon\n|-crit|p2a: Groudon\n|-end|p2a: Groudon|Substitute\n|\n|-weather|SunnyDay|[upkeep]\n|-heal|p2a: Groudon|69\/100|[from] item: Leftovers\n|upkeep\n|turn|10\n|\n|t:|1655583048\n|move|p2a: Groudon|Dragon Claw|p1a: Juan\n|-damage|p1a: Juan|0 fnt\n|faint|p1a: Juan\n|\n|-weather|SunnyDay|[upkeep]\n|-heal|p2a: Groudon|76\/100|[from] item: Leftovers\n|upkeep\n|\n|t:|1655583051\n|switch|p1a: Bruce|Kyogre|100\/100\n|-weather|RainDance|[from] ability: Drizzle|[of] p1a: Bruce\n|turn|11\n|\n|t:|1655583068\n|move|p1a: Bruce|Water Spout|p2a: Groudon\n|-supereffective|p2a: Groudon\n|-damage|p2a: Groudon|0 fnt\n|faint|p2a: Groudon\n|\n|-weather|RainDance|[upkeep]\n|upkeep\n|\n|t:|1655583074\n|switch|p2a: Dialga|Dialga|100\/100\n|-damage|p2a: Dialga|88\/100|[from] Spikes\n|-ability|p2a: Dialga|Pressure\n|turn|12\n|\n|t:|1655583080\n|switch|p1a: Julie|Froslass, F|21\/100 par\n|move|p2a: Dialga|Dragon Pulse|p1a: Julie\n|-damage|p1a: Julie|0 fnt\n|faint|p1a: Julie\n|\n|-weather|RainDance|[upkeep]\n|upkeep\n|inactive|inspirited has 270 seconds left.\n|inactive|inspirited has 240 seconds left.\n|\n|t:|1655583153\n|switch|p1a: Julia|Lucario, F|100\/100\n|turn|13\n|inactive|Raph369 has 270 seconds left.\n|inactive|Raph369 has 240 seconds left.\n|\n|t:|1655583217\n|switch|p2a: Bronzong|Bronzong|100\/100\n|move|p1a: Julia|Swords Dance|p1a: Julia\n|-boost|p1a: Julia|atk|2\n|\n|-weather|RainDance|[upkeep]\n|upkeep\n|turn|14\n|\n|t:|1655583227\n|move|p1a: Julia|Close Combat|p2a: Bronzong\n|-damage|p2a: Bronzong|0 fnt\n|-unboost|p1a: Julia|def|1\n|-unboost|p1a: Julia|spd|1\n|faint|p2a: Bronzong\n|-damage|p1a: Julia|91\/100|[from] item: Life Orb\n|\n|-weather|RainDance|[upkeep]\n|upkeep\n|\n|t:|1655583230\n|switch|p2a: Rayquaza|Rayquaza|100\/100\n|turn|15\n|\n|t:|1655583243\n|move|p1a: Julia|Extreme Speed|p2a: Rayquaza\n|-damage|p2a: Rayquaza|23\/100\n|-damage|p1a: Julia|81\/100|[from] item: Life Orb\n|move|p2a: Rayquaza|Earthquake|p1a: Julia\n|-supereffective|p1a: Julia\n|-damage|p1a: Julia|0 fnt\n|faint|p1a: Julia\n|-damage|p2a: Rayquaza|13\/100|[from] item: Life Orb\n|\n|-weather|RainDance|[upkeep]\n|upkeep\n|inactive|inspirited has 240 seconds left.\n|\n|t:|1655583278\n|switch|p1a: Ian|Rayquaza|100\/100\n|turn|16\n|\n|t:|1655583280\n|move|p1a: Ian|Extreme Speed|p2a: Rayquaza\n|-crit|p2a: Rayquaza\n|-damage|p2a: Rayquaza|0 fnt\n|faint|p2a: Rayquaza\n|\n|-weather|RainDance|[upkeep]\n|upkeep\n|inactive|Raph369 has 270 seconds left.\n|inactive|Raph369 has 240 seconds left.\n|inactive|Raph369 has 210 seconds left.\n|\n|t:|1655583355\n|switch|p2a: Dialga|Dialga|88\/100\n|-damage|p2a: Dialga|76\/100|[from] Spikes\n|-ability|p2a: Dialga|Pressure\n|turn|17\n|\n|t:|1655583380\n|move|p2a: Dialga|Draco Meteor|p1a: Ian|[miss]\n|-miss|p2a: Dialga|p1a: Ian\n|move|p1a: Ian|Earthquake|p2a: Dialga\n|-supereffective|p2a: Dialga\n|-damage|p2a: Dialga|11\/100\n|\n|-weather|RainDance|[upkeep]\n|upkeep\n|turn|18\n|\n|t:|1655583387\n|move|p1a: Ian|Extreme Speed|p2a: Dialga\n|-resisted|p2a: Dialga\n|-damage|p2a: Dialga|0 fnt\n|faint|p2a: Dialga\n|\n|-weather|RainDance|[upkeep]\n|upkeep\n|\n|t:|1655583390\n|switch|p2a: Wobbuffet|Wobbuffet, F|100\/100\n|-damage|p2a: Wobbuffet|88\/100|[from] Spikes\n|turn|19\n|c|\u2606Raph369|gg\n|inactive|Raph369 has 210 seconds left.\n|c|\u2606inspirited|!showset 6\n|c|+inspirited|\/raw <div class=\"infobox\">Bruce (Kyogre) @ Choice Scarf  <br \/>Ability: Drizzle  <br \/>EVs: 64 HP &#x2f; 252 SpA &#x2f; 192 Spe  <br \/>Modest Nature  <br \/>- Water Spout  <br \/>- Surf  <br \/>- Ice Beam  <br \/>- Thunder  <br \/><br \/><\/div>\n|c|+Luna's Bann3d Now|was the ray sash\n|c|+Exiline|it was haban\n|c|\u2606inspirited|!showset 4\n|c|+inspirited|\/raw <div class=\"infobox\">Ian (Rayquaza) @ Haban Berry  <br \/>Ability: Air Lock  <br \/>EVs: 32 HP &#x2f; 252 Atk &#x2f; 8 SpD &#x2f; 216 Spe  <br \/>Jolly Nature  <br \/>- Swords Dance  <br \/>- Dragon Claw  <br \/>- Extreme Speed  <br \/>- Earthquake  <br \/><br \/><\/div>\n|c|+Luna's Bann3d Now|ok\n|c|\u2606inspirited|gg\n|inactive|Raph369 has 180 seconds left.\n|\n|t:|1655583427\n|move|p1a: Ian|Dragon Claw|p2a: Wobbuffet\n|-damage|p2a: Wobbuffet|52\/100\n|move|p2a: Wobbuffet|Mirror Coat||[still]\n|-fail|p2a: Wobbuffet\n|\n|-weather|RainDance|[upkeep]\n|-heal|p2a: Wobbuffet|58\/100|[from] item: Leftovers\n|upkeep\n|turn|20\n|\n|t:|1655583433\n|move|p1a: Ian|Dragon Claw|p2a: Wobbuffet\n|-crit|p2a: Wobbuffet\n|-damage|p2a: Wobbuffet|0 fnt\n|faint|p2a: Wobbuffet\n|\n|win|inspirited\n","uploadtime":1655583434,"views":402,"p1id":"inspirited","p2id":"raph369","formatid":"gen4ubers","rating":0,"private":0,"password":null}