{"id":"smogtours-gen6ou-588660","p1":"lonietzzz","p2":"odr","format":"gen6ou","log":"|inactive|Battle timer is ON: inactive players will automatically lose when time's up.\n|t:|1635099050\n|gametype|singles\n|player|p1|lonietzzz|pokemonbreederf|\n|player|p2|odr|may-gen3rs|\n|teamsize|p1|6\n|teamsize|p2|6\n|gen|6\n|tier|[Gen 6] OU\n|rule|Sleep Clause Mod: Limit one foe put to sleep\n|rule|Species Clause: Limit one of each Pok\u00e9mon\n|rule|OHKO Clause: OHKO moves are banned\n|rule|Moody Clause: Moody is banned\n|rule|Evasion Moves Clause: Evasion moves are banned\n|rule|Endless Battle Clause: Forcing endless battles is banned\n|rule|HP Percentage Mod: HP is shown in percentages\n|rule|Swagger Clause: Swagger is banned\n|clearpoke\n|poke|p1|Shuckle, F|item\n|poke|p1|Medicham, M|item\n|poke|p1|Azumarill, F|item\n|poke|p1|Serperior, M|item\n|poke|p1|Thundurus, M|item\n|poke|p1|Bisharp, M|item\n|poke|p2|Lopunny, F|item\n|poke|p2|Excadrill, F|item\n|poke|p2|Tangrowth, M|item\n|poke|p2|Suicune|item\n|poke|p2|Tyranitar, F|item\n|poke|p2|Tornadus-Therian, M|item\n|teampreview\n|c|\u2606odr|hf\n|c|\u2606lonietzzz|hf\n|\n|t:|1635099079\n|start\n|switch|p1a: Shuckle|Shuckle, F|100\/100\n|switch|p2a: Excadrill|Excadrill, F, shiny|100\/100\n|turn|1\n|\n|t:|1635099093\n|switch|p1a: Medicham|Medicham, M|100\/100\n|move|p2a: Excadrill|Iron Head|p1a: Medicham\n|-damage|p1a: Medicham|37\/100\n|\n|upkeep\n|turn|2\n|\n|t:|1635099104\n|switch|p2a: Tangrowth|Tangrowth, M|100\/100\n|detailschange|p1a: Medicham|Medicham-Mega, M\n|-mega|p1a: Medicham|Medicham|Medichamite\n|move|p1a: Medicham|High Jump Kick|p2a: Tangrowth\n|-damage|p2a: Tangrowth|36\/100\n|-damage|p1a: Medicham|21\/100|[from] item: Rocky Helmet|[of] p2a: Tangrowth\n|\n|upkeep\n|turn|3\n|\n|t:|1635099115\n|switch|p2a: Tornadus|Tornadus-Therian, M|100\/100\n|move|p1a: Medicham|High Jump Kick|p2a: Tornadus\n|-resisted|p2a: Tornadus\n|-damage|p2a: Tornadus|34\/100\n|\n|upkeep\n|turn|4\n|inactive|odr has 270 seconds left.\n|\n|t:|1635099146\n|switch|p1a: Thundurus|Thundurus, M|100\/100\n|move|p2a: Tornadus|Heat Wave|p1a: Thundurus\n|-damage|p1a: Thundurus|69\/100\n|\n|-heal|p1a: Thundurus|75\/100|[from] item: Leftovers\n|upkeep\n|turn|5\n|\n|t:|1635099156\n|move|p2a: Tornadus|U-turn|p1a: Thundurus\n|-resisted|p1a: Thundurus\n|-damage|p1a: Thundurus|63\/100\n|\n|t:|1635099160\n|switch|p2a: Tyranitar|Tyranitar, F, shiny|100\/100|[from]move: U-turn\n|-weather|Sandstorm|[from] ability: Sand Stream|[of] p2a: Tyranitar\n|move|p1a: Thundurus|Focus Blast|p2a: Tyranitar\n|-supereffective|p2a: Tyranitar\n|-enditem|p2a: Tyranitar|Chople Berry|[eat]\n|-enditem|p2a: Tyranitar|Chople Berry|[weaken]\n|-damage|p2a: Tyranitar|57\/100\n|\n|-weather|Sandstorm|[upkeep]\n|-damage|p1a: Thundurus|57\/100|[from] Sandstorm\n|-heal|p1a: Thundurus|63\/100|[from] item: Leftovers\n|upkeep\n|turn|6\n|\n|t:|1635099173\n|move|p1a: Thundurus|Focus Blast|p2a: Tyranitar\n|-supereffective|p2a: Tyranitar\n|-damage|p2a: Tyranitar|0 fnt\n|faint|p2a: Tyranitar\n|\n|-weather|Sandstorm|[upkeep]\n|-damage|p1a: Thundurus|57\/100|[from] Sandstorm\n|-heal|p1a: Thundurus|63\/100|[from] item: Leftovers\n|upkeep\n|\n|t:|1635099176\n|switch|p2a: Lopunny|Lopunny, F, shiny|100\/100\n|turn|7\n|\n|t:|1635099201\n|switch|p1a: Shuckle|Shuckle, F|100\/100\n|detailschange|p2a: Lopunny|Lopunny-Mega, F, shiny\n|-mega|p2a: Lopunny|Lopunny|Lopunnite\n|move|p2a: Lopunny|Fake Out|p1a: Shuckle\n|-resisted|p1a: Shuckle\n|-damage|p1a: Shuckle|94\/100\n|-damage|p2a: Lopunny|84\/100|[from] item: Rocky Helmet|[of] p1a: Shuckle\n|\n|-weather|Sandstorm|[upkeep]\n|-damage|p2a: Lopunny|78\/100|[from] Sandstorm\n|upkeep\n|turn|8\n|\n|t:|1635099209\n|switch|p2a: Excadrill|Excadrill, F, shiny|100\/100\n|move|p1a: Shuckle|Sticky Web|p2a: Excadrill\n|-sidestart|p2: odr|move: Sticky Web\n|\n|-weather|Sandstorm|[upkeep]\n|upkeep\n|turn|9\n|\n|t:|1635099215\n|move|p2a: Excadrill|Rapid Spin|p1a: Shuckle\n|-resisted|p1a: Shuckle\n|-damage|p1a: Shuckle|92\/100\n|-damage|p2a: Excadrill|84\/100|[from] item: Rocky Helmet|[of] p1a: Shuckle\n|-sideend|p2: odr|Sticky Web|[from] move: Rapid Spin|[of] p2a: Excadrill\n|move|p1a: Shuckle|Encore|p2a: Excadrill\n|-start|p2a: Excadrill|Encore\n|\n|-weather|none\n|-heal|p2a: Excadrill|90\/100|[from] item: Leftovers\n|upkeep\n|turn|10\n|\n|t:|1635099221\n|move|p2a: Excadrill|Rapid Spin|p1a: Shuckle\n|-resisted|p1a: Shuckle\n|-damage|p1a: Shuckle|91\/100\n|-damage|p2a: Excadrill|74\/100|[from] item: Rocky Helmet|[of] p1a: Shuckle\n|move|p1a: Shuckle|Sticky Web|p2a: Excadrill\n|-sidestart|p2: odr|move: Sticky Web\n|\n|-heal|p2a: Excadrill|80\/100|[from] item: Leftovers\n|upkeep\n|turn|11\n|\n|t:|1635099227\n|move|p2a: Excadrill|Rapid Spin|p1a: Shuckle\n|-resisted|p1a: Shuckle\n|-crit|p1a: Shuckle\n|-damage|p1a: Shuckle|88\/100\n|-damage|p2a: Excadrill|63\/100|[from] item: Rocky Helmet|[of] p1a: Shuckle\n|-sideend|p2: odr|Sticky Web|[from] move: Rapid Spin|[of] p2a: Excadrill\n|move|p1a: Shuckle|Sticky Web|p2a: Excadrill\n|-sidestart|p2: odr|move: Sticky Web\n|\n|-heal|p2a: Excadrill|69\/100|[from] item: Leftovers\n|upkeep\n|turn|12\n|\n|t:|1635099240\n|move|p2a: Excadrill|Rapid Spin|p1a: Shuckle\n|-resisted|p1a: Shuckle\n|-damage|p1a: Shuckle|87\/100\n|-damage|p2a: Excadrill|53\/100|[from] item: Rocky Helmet|[of] p1a: Shuckle\n|-sideend|p2: odr|Sticky Web|[from] move: Rapid Spin|[of] p2a: Excadrill\n|move|p1a: Shuckle|Sticky Web|p2a: Excadrill\n|-sidestart|p2: odr|move: Sticky Web\n|\n|-heal|p2a: Excadrill|59\/100|[from] item: Leftovers\n|-end|p2a: Excadrill|Encore\n|upkeep\n|turn|13\n|\n|t:|1635099247\n|switch|p1a: Thundurus|Thundurus, M|63\/100\n|move|p2a: Excadrill|Toxic|p1a: Thundurus\n|-status|p1a: Thundurus|tox\n|\n|-heal|p1a: Thundurus|69\/100 tox|[from] item: Leftovers\n|-heal|p2a: Excadrill|65\/100|[from] item: Leftovers\n|-damage|p1a: Thundurus|63\/100 tox|[from] psn\n|upkeep\n|turn|14\n|\n|t:|1635099256\n|switch|p2a: Tornadus|Tornadus-Therian, M|67\/100\n|move|p1a: Thundurus|Focus Blast|p2a: Tornadus\n|-resisted|p2a: Tornadus\n|-damage|p2a: Tornadus|54\/100\n|\n|-heal|p1a: Thundurus|69\/100 tox|[from] item: Leftovers\n|-damage|p1a: Thundurus|57\/100 tox|[from] psn\n|upkeep\n|turn|15\n|\n|t:|1635099276\n|move|p2a: Tornadus|U-turn|p1a: Thundurus\n|-resisted|p1a: Thundurus\n|-damage|p1a: Thundurus|46\/100 tox\n|inactive|odr has 270 seconds left.\n|\n|t:|1635099298\n|switch|p2a: Tangrowth|Tangrowth, M|69\/100|[from]move: U-turn\n|-activate|p2a: Tangrowth|move: Sticky Web\n|-unboost|p2a: Tangrowth|spe|1\n|move|p1a: Thundurus|Thunderbolt|p2a: Tangrowth\n|-resisted|p2a: Tangrowth\n|-damage|p2a: Tangrowth|40\/100\n|\n|-heal|p1a: Thundurus|52\/100 tox|[from] item: Leftovers\n|-damage|p1a: Thundurus|34\/100 tox|[from] psn\n|upkeep\n|turn|16\n|inactive|odr has 270 seconds left.\n|\n|t:|1635099315\n|switch|p1a: Serperior|Serperior, M|100\/100\n|switch|p2a: Tornadus|Tornadus-Therian, M|87\/100\n|\n|upkeep\n|turn|17\n|inactive|odr has 270 seconds left.\n|\n|t:|1635099326\n|switch|p1a: Shuckle|Shuckle, F|87\/100\n|move|p2a: Tornadus|Heat Wave|p1a: Shuckle\n|-damage|p1a: Shuckle|71\/100\n|-status|p1a: Shuckle|brn\n|\n|-damage|p1a: Shuckle|59\/100 brn|[from] brn\n|upkeep\n|turn|18\n|\n|t:|1635099337\n|move|p2a: Tornadus|U-turn|p1a: Shuckle\n|-damage|p1a: Shuckle|50\/100 brn\n|-damage|p2a: Tornadus|71\/100|[from] item: Rocky Helmet|[of] p1a: Shuckle\n|\n|t:|1635099343\n|switch|p2a: Excadrill|Excadrill, F, shiny|65\/100|[from]move: U-turn\n|-activate|p2a: Excadrill|move: Sticky Web\n|-unboost|p2a: Excadrill|spe|1\n|move|p1a: Shuckle|Final Gambit|p2a: Excadrill\n|-damage|p2a: Excadrill|33\/100\n|faint|p1a: Shuckle\n|\n|-heal|p2a: Excadrill|39\/100|[from] item: Leftovers\n|upkeep\n|\n|t:|1635099361\n|switch|p1a: Bisharp|Bisharp, M|100\/100\n|turn|19\n|\n|t:|1635099372\n|switch|p2a: Suicune|Suicune|100\/100\n|-activate|p2a: Suicune|move: Sticky Web\n|-unboost|p2a: Suicune|spe|1\n|-ability|p2a: Suicune|Pressure\n|move|p1a: Bisharp|Knock Off|p2a: Suicune\n|-damage|p2a: Suicune|52\/100\n|-enditem|p2a: Suicune|Leftovers|[from] move: Knock Off|[of] p1a: Bisharp\n|\n|upkeep\n|turn|20\n|\n|t:|1635099387\n|move|p1a: Bisharp|Swords Dance|p1a: Bisharp\n|-boost|p1a: Bisharp|atk|2\n|move|p2a: Suicune|Scald|p1a: Bisharp\n|-damage|p1a: Bisharp|56\/100\n|\n|upkeep\n|turn|21\n|\n|t:|1635099392\n|move|p1a: Bisharp|Knock Off|p2a: Suicune\n|-damage|p2a: Suicune|0 fnt\n|faint|p2a: Suicune\n|\n|upkeep\n|\n|t:|1635099394\n|switch|p2a: Lopunny|Lopunny-Mega, F, shiny|78\/100\n|-activate|p2a: Lopunny|move: Sticky Web\n|-unboost|p2a: Lopunny|spe|1\n|turn|22\n|inactive|lonietzzz has 270 seconds left.\n|inactive|lonietzzz has 240 seconds left.\n|inactive|lonietzzz has 210 seconds left.\n|\n|t:|1635099503\n|switch|p1a: Thundurus|Thundurus, M|34\/100 tox\n|move|p2a: Lopunny|High Jump Kick|p1a: Thundurus\n|-resisted|p1a: Thundurus\n|-damage|p1a: Thundurus|0 fnt\n|faint|p1a: Thundurus\n|\n|upkeep\n|\n|t:|1635099514\n|switch|p1a: Serperior|Serperior, M|100\/100\n|turn|23\n|\n|t:|1635099521\n|switch|p2a: Tornadus|Tornadus-Therian, M|100\/100\n|move|p1a: Serperior|Glare|p2a: Tornadus\n|-status|p2a: Tornadus|par\n|\n|upkeep\n|turn|24\n|\n|t:|1635099525\n|move|p1a: Serperior|Light Screen|p1a: Serperior\n|-sidestart|p1: lonietzzz|move: Light Screen\n|cant|p2a: Tornadus|par\n|\n|upkeep\n|turn|25\n|inactive|lonietzzz has 210 seconds left.\n|\n|t:|1635099547\n|switch|p1a: Medicham|Medicham-Mega, M|21\/100\n|move|p2a: Tornadus|U-turn|p1a: Medicham\n|-damage|p1a: Medicham|0 fnt\n|faint|p1a: Medicham\n|\n|t:|1635099553\n|switch|p2a: Tangrowth|Tangrowth, M|73\/100|[from]move: U-turn\n|-activate|p2a: Tangrowth|move: Sticky Web\n|-unboost|p2a: Tangrowth|spe|1\n|\n|upkeep\n|\n|t:|1635099568\n|switch|p1a: Azumarill|Azumarill, F|100\/100\n|turn|26\n|\n|t:|1635099572\n|move|p1a: Azumarill|Belly Drum|p1a: Azumarill\n|-damage|p1a: Azumarill|50\/100\n|-setboost|p1a: Azumarill|atk|6|[from] move: Belly Drum\n|-enditem|p1a: Azumarill|Sitrus Berry|[eat]\n|-heal|p1a: Azumarill|75\/100|[from] item: Sitrus Berry\n|move|p2a: Tangrowth|Sleep Powder|p1a: Azumarill\n|-status|p1a: Azumarill|slp|[from] move: Sleep Powder\n|\n|upkeep\n|turn|27\n|\n|t:|1635099578\n|cant|p1a: Azumarill|slp\n|move|p2a: Tangrowth|Giga Drain|p1a: Azumarill\n|-supereffective|p1a: Azumarill\n|-damage|p1a: Azumarill|45\/100 slp\n|-heal|p2a: Tangrowth|87\/100|[from] drain|[of] p1a: Azumarill\n|\n|upkeep\n|turn|28\n|\n|t:|1635099582\n|cant|p1a: Azumarill|slp\n|move|p2a: Tangrowth|Giga Drain|p1a: Azumarill\n|-supereffective|p1a: Azumarill\n|-damage|p1a: Azumarill|15\/100 slp\n|-heal|p2a: Tangrowth|100\/100|[from] drain|[of] p1a: Azumarill\n|\n|upkeep\n|turn|29\n|\n|t:|1635099591\n|switch|p2a: Excadrill|Excadrill, F, shiny|39\/100\n|-activate|p2a: Excadrill|move: Sticky Web\n|-unboost|p2a: Excadrill|spe|1\n|cant|p1a: Azumarill|slp\n|\n|-heal|p2a: Excadrill|45\/100|[from] item: Leftovers\n|upkeep\n|turn|30\n|\n|t:|1635099596\n|-curestatus|p1a: Azumarill|slp|[msg]\n|move|p1a: Azumarill|Aqua Jet|p2a: Excadrill\n|-supereffective|p2a: Excadrill\n|-damage|p2a: Excadrill|0 fnt\n|faint|p2a: Excadrill\n|\n|upkeep\n|\n|t:|1635099600\n|switch|p2a: Lopunny|Lopunny-Mega, F, shiny|78\/100\n|-activate|p2a: Lopunny|move: Sticky Web\n|-unboost|p2a: Lopunny|spe|1\n|turn|31\n|\n|t:|1635099611\n|switch|p1a: Bisharp|Bisharp, M|56\/100\n|move|p2a: Lopunny|Fake Out|p1a: Bisharp\n|-resisted|p1a: Bisharp\n|-damage|p1a: Bisharp|41\/100\n|\n|-sideend|p1: lonietzzz|move: Light Screen\n|upkeep\n|turn|32\n|\n|t:|1635099639\n|move|p1a: Bisharp|Sucker Punch|p2a: Lopunny\n|-resisted|p2a: Lopunny\n|-damage|p2a: Lopunny|40\/100\n|move|p2a: Lopunny|High Jump Kick|p1a: Bisharp\n|-supereffective|p1a: Bisharp\n|-damage|p1a: Bisharp|0 fnt\n|faint|p1a: Bisharp\n|\n|upkeep\n|\n|t:|1635099642\n|switch|p1a: Serperior|Serperior, M|100\/100\n|turn|33\n|\n|t:|1635099650\n|switch|p2a: Tornadus|Tornadus-Therian, M|100\/100 par\n|move|p1a: Serperior|Leaf Storm|p2a: Tornadus\n|-resisted|p2a: Tornadus\n|-damage|p2a: Tornadus|89\/100 par\n|-boost|p1a: Serperior|spa|2\n|\n|upkeep\n|turn|34\n|\n|t:|1635099655\n|move|p1a: Serperior|Light Screen|p1a: Serperior\n|-sidestart|p1: lonietzzz|move: Light Screen\n|move|p2a: Tornadus|Heat Wave|p1a: Serperior\n|-supereffective|p1a: Serperior\n|-damage|p1a: Serperior|76\/100\n|\n|upkeep\n|turn|35\n|\n|t:|1635099660\n|move|p1a: Serperior|Leaf Storm|p2a: Tornadus\n|-resisted|p2a: Tornadus\n|-damage|p2a: Tornadus|63\/100 par\n|-boost|p1a: Serperior|spa|2\n|move|p2a: Tornadus|Hurricane|p1a: Serperior\n|-supereffective|p1a: Serperior\n|-damage|p1a: Serperior|33\/100\n|\n|upkeep\n|turn|36\n|\n|t:|1635099670\n|move|p1a: Serperior|Leaf Storm|p2a: Tornadus\n|-resisted|p2a: Tornadus\n|-damage|p2a: Tornadus|29\/100 par\n|-boost|p1a: Serperior|spa|2\n|move|p2a: Tornadus|U-turn|p1a: Serperior\n|-supereffective|p1a: Serperior\n|-damage|p1a: Serperior|2\/100\n|\n|t:|1635099673\n|switch|p2a: Lopunny|Lopunny-Mega, F, shiny|40\/100|[from]move: U-turn\n|-activate|p2a: Lopunny|move: Sticky Web\n|-unboost|p2a: Lopunny|spe|1\n|\n|upkeep\n|turn|37\n|-message|lonietzzz forfeited.\n|\n|win|odr\n","uploadtime":1635099678,"views":144,"p1id":"lonietzzz","p2id":"odr","formatid":"gen6ou","rating":0,"private":0,"password":null}