{"id":"smogtours-gen6ou-651875","p1":"adel19","p2":"MichaelderBeste2","format":"gen6ou","log":"|inactive|Battle timer is ON: inactive players will automatically lose when time's up.\n|t:|1664632871\n|gametype|singles\n|player|p1|adel19|266|\n|player|p2|MichaelderBeste2|#wcop2021germany|\n|teamsize|p1|6\n|teamsize|p2|6\n|gen|6\n|tier|[Gen 6] OU\n|rule|Sleep Clause Mod: Limit one foe put to sleep\n|rule|Species Clause: Limit one of each Pok\u00e9mon\n|rule|OHKO Clause: OHKO moves are banned\n|rule|Moody Clause: Moody is banned\n|rule|Evasion Items Clause: Evasion items are banned\n|rule|Evasion Moves Clause: Evasion moves are banned\n|rule|Endless Battle Clause: Forcing endless battles is banned\n|rule|HP Percentage Mod: HP is shown in percentages\n|rule|Swagger Clause: Swagger is banned\n|clearpoke\n|poke|p1|Metagross|item\n|poke|p1|Landorus-Therian, M|item\n|poke|p1|Garchomp, M|item\n|poke|p1|Mew|item\n|poke|p1|Rotom-Wash|item\n|poke|p1|Heatran, M|item\n|poke|p2|Diancie|item\n|poke|p2|Rotom-Wash|item\n|poke|p2|Excadrill, M|item\n|poke|p2|Serperior, F|item\n|poke|p2|Volcarona, F|item\n|poke|p2|Tornadus-Therian, M|item\n|teampreview\n|c|\u2606MichaelderBeste2|hf\n|c|\u2606adel19|u2\n|inactive|adel19 has 270 seconds left.\n|inactive|MichaelderBeste2 has 270 seconds left.\n|inactive|MichaelderBeste2 has 240 seconds left.\n|inactive|MichaelderBeste2 has 210 seconds left.\n|\n|t:|1664632966\n|start\n|switch|p1a: Landorus|Landorus-Therian, M|100\/100\n|switch|p2a: Rotom|Rotom-Wash|100\/100\n|-ability|p1a: Landorus|Intimidate|boost\n|-unboost|p2a: Rotom|atk|1\n|turn|1\n|\n|t:|1664632977\n|switch|p1a: Mew|Mew|100\/100\n|move|p2a: Rotom|Will-O-Wisp|p1a: Mew\n|-status|p1a: Mew|brn\n|-activate|p1a: Mew|ability: Synchronize\n|-status|p2a: Rotom|brn\n|\n|-damage|p1a: Mew|88\/100 brn|[from] brn\n|-damage|p2a: Rotom|88\/100 brn|[from] brn\n|upkeep\n|turn|2\n|\n|t:|1664632991\n|move|p1a: Mew|Stealth Rock|p2a: Rotom\n|-sidestart|p2: MichaelderBeste2|move: Stealth Rock\n|move|p2a: Rotom|Volt Switch|p1a: Mew\n|-damage|p1a: Mew|65\/100 brn\n|\n|t:|1664632997\n|switch|p2a: Diancie|Diancie|100\/100|[from]move: Volt Switch\n|-damage|p2a: Diancie|88\/100|[from] Stealth Rock\n|\n|-heal|p1a: Mew|71\/100 brn|[from] item: Leftovers\n|-damage|p1a: Mew|59\/100 brn|[from] brn\n|upkeep\n|turn|3\n|inactive|MichaelderBeste2 has 270 seconds left.\n|\n|t:|1664633019\n|detailschange|p2a: Diancie|Diancie-Mega\n|-mega|p2a: Diancie|Diancie|Diancite\n|move|p1a: Mew|U-turn|p2a: Diancie\n|-resisted|p2a: Diancie\n|-damage|p2a: Diancie|83\/100\n|inactive|adel19 has 270 seconds left.\n|\n|t:|1664633062\n|switch|p1a: Rotom|Rotom-Wash|100\/100|[from]move: U-turn\n|move|p2a: Diancie|Moonblast|p1a: Rotom\n|-damage|p1a: Rotom|55\/100\n|-unboost|p1a: Rotom|spa|1\n|\n|-heal|p1a: Rotom|61\/100|[from] item: Leftovers\n|upkeep\n|turn|4\n|inactive|MichaelderBeste2 has 270 seconds left.\n|\n|t:|1664633079\n|move|p2a: Diancie|Diamond Storm|p1a: Rotom\n|-damage|p1a: Rotom|14\/100\n|move|p1a: Rotom|Pain Split|p2a: Diancie\n|-sethp|p2a: Diancie|50\/100|[from] move: Pain Split|[silent]\n|-sethp|p1a: Rotom|40\/100|[from] move: Pain Split\n|\n|-heal|p1a: Rotom|46\/100|[from] item: Leftovers\n|upkeep\n|turn|5\n|inactive|MichaelderBeste2 has 270 seconds left.\n|\n|t:|1664633105\n|move|p2a: Diancie|Diamond Storm|p1a: Rotom\n|-damage|p1a: Rotom|0 fnt\n|faint|p1a: Rotom\n|\n|upkeep\n|inactive|adel19 has 240 seconds left.\n|\n|t:|1664633137\n|switch|p1a: Landorus|Landorus-Therian, M|100\/100\n|-ability|p1a: Landorus|Intimidate|boost\n|-unboost|p2a: Diancie|atk|1\n|turn|6\n|inactive|MichaelderBeste2 has 270 seconds left.\n|\n|t:|1664633147\n|switch|p2a: Rotom|Rotom-Wash|88\/100 brn\n|-damage|p2a: Rotom|76\/100 brn|[from] Stealth Rock\n|move|p1a: Landorus|Stone Edge|p2a: Rotom\n|-damage|p2a: Rotom|40\/100 brn\n|\n|-heal|p2a: Rotom|46\/100 brn|[from] item: Leftovers\n|-damage|p2a: Rotom|34\/100 brn|[from] brn\n|upkeep\n|turn|7\n|inactive|adel19 has 240 seconds left.\n|\n|t:|1664633163\n|move|p1a: Landorus|Stone Edge|p2a: Rotom\n|-damage|p2a: Rotom|0 fnt\n|faint|p2a: Rotom\n|\n|upkeep\n|\n|t:|1664633167\n|switch|p2a: Serperior|Serperior, F|100\/100\n|-damage|p2a: Serperior|88\/100|[from] Stealth Rock\n|turn|8\n|\n|t:|1664633171\n|move|p2a: Serperior|Substitute|p2a: Serperior\n|-start|p2a: Serperior|Substitute\n|-damage|p2a: Serperior|63\/100\n|move|p1a: Landorus|Fly||[still]\n|-prepare|p1a: Landorus|Fly\n|-enditem|p1a: Landorus|Power Herb\n|-anim|p1a: Landorus|Fly|p2a: Serperior\n|-supereffective|p2a: Serperior\n|-end|p2a: Serperior|Substitute\n|\n|-heal|p2a: Serperior|69\/100|[from] item: Leftovers\n|upkeep\n|turn|9\n|inactive|adel19 has 240 seconds left.\n|\n|t:|1664633190\n|move|p2a: Serperior|Knock Off|p1a: Landorus\n|-damage|p1a: Landorus|87\/100\n|move|p1a: Landorus|Earthquake|p2a: Serperior\n|-resisted|p2a: Serperior\n|-damage|p2a: Serperior|36\/100\n|\n|-heal|p2a: Serperior|42\/100|[from] item: Leftovers\n|upkeep\n|turn|10\n|\n|t:|1664633195\n|switch|p1a: Heatran|Heatran, M|100\/100\n|move|p2a: Serperior|Leaf Storm|p1a: Heatran\n|-resisted|p1a: Heatran\n|-damage|p1a: Heatran|90\/100\n|-boost|p2a: Serperior|spa|2\n|\n|-heal|p2a: Serperior|48\/100|[from] item: Leftovers\n|-heal|p1a: Heatran|96\/100|[from] item: Leftovers\n|upkeep\n|turn|11\n|\n|t:|1664633203\n|move|p2a: Serperior|Knock Off|p1a: Heatran\n|-damage|p1a: Heatran|80\/100\n|-enditem|p1a: Heatran|Leftovers|[from] move: Knock Off|[of] p2a: Serperior\n|move|p1a: Heatran|Lava Plume|p2a: Serperior\n|-supereffective|p2a: Serperior\n|-damage|p2a: Serperior|0 fnt\n|faint|p2a: Serperior\n|\n|upkeep\n|\n|t:|1664633205\n|switch|p2a: Excadrill|Excadrill, M|100\/100\n|-damage|p2a: Excadrill|98\/100|[from] Stealth Rock\n|-ability|p2a: Excadrill|Mold Breaker\n|turn|12\n|inactive|adel19 has 270 seconds left.\n|\n|t:|1664633220\n|switch|p1a: Landorus|Landorus-Therian, M|87\/100\n|-ability|p1a: Landorus|Intimidate|boost\n|-unboost|p2a: Excadrill|atk|1\n|move|p2a: Excadrill|Rapid Spin|p1a: Landorus\n|-damage|p1a: Landorus|82\/100\n|-sideend|p2: MichaelderBeste2|Stealth Rock|[from] move: Rapid Spin|[of] p2a: Excadrill\n|\n|-heal|p2a: Excadrill|100\/100|[from] item: Leftovers\n|upkeep\n|turn|13\n|inactive|adel19 has 270 seconds left.\n|\n|t:|1664633234\n|switch|p2a: Tornadus|Tornadus-Therian, M|100\/100\n|move|p1a: Landorus|Earthquake|p2a: Tornadus\n|-immune|p2a: Tornadus\n|\n|upkeep\n|turn|14\n|\n|t:|1664633239\n|move|p2a: Tornadus|Hurricane|p1a: Landorus|[miss]\n|-miss|p2a: Tornadus|p1a: Landorus\n|move|p1a: Landorus|Stone Edge|p2a: Tornadus\n|-supereffective|p2a: Tornadus\n|-damage|p2a: Tornadus|16\/100\n|\n|upkeep\n|turn|15\n|\n|t:|1664633252\n|switch|p1a: Heatran|Heatran, M|80\/100\n|move|p2a: Tornadus|Hurricane|p1a: Heatran\n|-resisted|p1a: Heatran\n|-damage|p1a: Heatran|60\/100\n|\n|upkeep\n|turn|16\n|\n|t:|1664633261\n|move|p2a: Tornadus|U-turn|p1a: Heatran\n|-resisted|p1a: Heatran\n|-damage|p1a: Heatran|56\/100\n|\n|t:|1664633263\n|switch|p2a: Excadrill|Excadrill, M|100\/100|[from]move: U-turn\n|-ability|p2a: Excadrill|Mold Breaker\n|move|p1a: Heatran|Substitute|p1a: Heatran\n|-start|p1a: Heatran|Substitute\n|-damage|p1a: Heatran|31\/100\n|\n|upkeep\n|turn|17\n|\n|t:|1664633273\n|move|p1a: Heatran|Lava Plume|p2a: Excadrill\n|-supereffective|p2a: Excadrill\n|-damage|p2a: Excadrill|0 fnt\n|faint|p2a: Excadrill\n|\n|upkeep\n|\n|t:|1664633279\n|switch|p2a: Volcarona|Volcarona, F|100\/100\n|turn|18\n|inactive|adel19 has 270 seconds left.\n|\n|t:|1664633326\n|move|p2a: Volcarona|Quiver Dance|p2a: Volcarona\n|-boost|p2a: Volcarona|spa|1\n|-boost|p2a: Volcarona|spd|1\n|-boost|p2a: Volcarona|spe|1\n|move|p1a: Heatran|Taunt|p2a: Volcarona\n|-start|p2a: Volcarona|move: Taunt\n|\n|upkeep\n|turn|19\n|\n|t:|1664633345\n|move|p2a: Volcarona|Bug Buzz|p1a: Heatran\n|-resisted|p1a: Heatran\n|-damage|p1a: Heatran|16\/100\n|move|p1a: Heatran|Lava Plume|p2a: Volcarona\n|-damage|p2a: Volcarona|73\/100\n|\n|-heal|p2a: Volcarona|79\/100|[from] item: Leftovers\n|upkeep\n|turn|20\n|\n|t:|1664633366\n|switch|p1a: Landorus|Landorus-Therian, M|82\/100\n|-ability|p1a: Landorus|Intimidate|boost\n|-unboost|p2a: Volcarona|atk|1\n|move|p2a: Volcarona|Bug Buzz|p1a: Landorus\n|-resisted|p1a: Landorus\n|-damage|p1a: Landorus|40\/100\n|\n|-heal|p2a: Volcarona|85\/100|[from] item: Leftovers\n|upkeep\n|turn|21\n|\n|t:|1664633379\n|move|p2a: Volcarona|Flamethrower|p1a: Landorus\n|-damage|p1a: Landorus|0 fnt\n|faint|p1a: Landorus\n|\n|-heal|p2a: Volcarona|91\/100|[from] item: Leftovers\n|-end|p2a: Volcarona|move: Taunt\n|upkeep\n|\n|t:|1664633386\n|switch|p1a: Garchomp|Garchomp, M|100\/100\n|turn|22\n|\n|t:|1664633391\n|switch|p2a: Tornadus|Tornadus-Therian, M|49\/100\n|move|p1a: Garchomp|Outrage|p2a: Tornadus\n|-damage|p2a: Tornadus|0 fnt\n|faint|p2a: Tornadus\n|\n|upkeep\n|\n|t:|1664633398\n|switch|p2a: Diancie|Diancie-Mega|50\/100\n|turn|23\n|\n|t:|1664633402\n|move|p1a: Garchomp|Outrage|p2a: Diancie|[from]lockedmove\n|-immune|p2a: Diancie\n|-start|p1a: Garchomp|confusion|[fatigue]\n|move|p2a: Diancie|Moonblast|p1a: Garchomp\n|-supereffective|p1a: Garchomp\n|-damage|p1a: Garchomp|0 fnt\n|faint|p1a: Garchomp\n|\n|upkeep\n|inactive|adel19 has 270 seconds left.\n|inactive|adel19 has 240 seconds left.\n|\n|t:|1664633450\n|switch|p1a: Metagross|Metagross|100\/100\n|turn|24\n|inactive|adel19 has 240 seconds left.\n|\n|t:|1664633467\n|detailschange|p1a: Metagross|Metagross-Mega\n|-mega|p1a: Metagross|Metagross|Metagrossite\n|move|p2a: Diancie|Hidden Power|p1a: Metagross\n|-supereffective|p1a: Metagross\n|-damage|p1a: Metagross|51\/100\n|move|p1a: Metagross|Zen Headbutt|p2a: Diancie\n|-damage|p2a: Diancie|0 fnt\n|faint|p2a: Diancie\n|\n|upkeep\n|\n|t:|1664633470\n|switch|p2a: Volcarona|Volcarona, F|91\/100\n|turn|25\n|inactive|adel19 has 240 seconds left.\n|\n|t:|1664633488\n|move|p1a: Metagross|Zen Headbutt|p2a: Volcarona\n|-damage|p2a: Volcarona|14\/100\n|-status|p1a: Metagross|brn|[from] ability: Flame Body|[of] p2a: Volcarona\n|move|p2a: Volcarona|Quiver Dance|p2a: Volcarona\n|-boost|p2a: Volcarona|spa|1\n|-boost|p2a: Volcarona|spd|1\n|-boost|p2a: Volcarona|spe|1\n|\n|-heal|p2a: Volcarona|20\/100|[from] item: Leftovers\n|-damage|p1a: Metagross|39\/100 brn|[from] brn\n|upkeep\n|turn|26\n|inactive|adel19 has 240 seconds left.\n|\n|t:|1664633499\n|move|p2a: Volcarona|Bug Buzz|p1a: Metagross\n|-damage|p1a: Metagross|0 fnt\n|faint|p1a: Metagross\n|\n|-heal|p2a: Volcarona|26\/100|[from] item: Leftovers\n|upkeep\n|\n|t:|1664633503\n|switch|p1a: Heatran|Heatran, M|16\/100\n|turn|27\n|c|\u2606adel19|gg\n|\n|t:|1664633518\n|move|p2a: Volcarona|Bug Buzz|p1a: Heatran\n|-resisted|p1a: Heatran\n|-damage|p1a: Heatran|0 fnt\n|faint|p1a: Heatran\n|\n|-heal|p2a: Volcarona|32\/100|[from] item: Leftovers\n|upkeep\n|c|\u2606MichaelderBeste2|gg\n|-message|adel19 forfeited.\n|\n|win|MichaelderBeste2\n","uploadtime":1664633524,"views":42,"p1id":"adel19","p2id":"michaelderbeste2","formatid":"gen6ou","rating":0,"private":0,"password":null}