{"id":"smogtours-gen8ubers-646341","p1":"Skysolo \u2764","p2":"DNNP","format":"gen8ubers","log":"|inactive|Battle timer is ON: inactive players will automatically lose when time's up.\n|t:|1662251297\n|gametype|singles\n|player|p1|Skysolo \u2764|#pspl2019ubers|\n|player|p2|DNNP|lucas|\n|teamsize|p1|6\n|teamsize|p2|6\n|gen|8\n|tier|[Gen 8] Ubers\n|rule|Sleep Clause Mod: Limit one foe put to sleep\n|rule|Species Clause: Limit one of each Pok\u00e9mon\n|rule|OHKO Clause: OHKO moves are banned\n|rule|Evasion Items Clause: Evasion items are banned\n|rule|Evasion Moves Clause: Evasion moves are banned\n|rule|Endless Battle Clause: Forcing endless battles is banned\n|rule|HP Percentage Mod: HP is shown in percentages\n|rule|Dynamax Clause: You cannot dynamax\n|clearpoke\n|poke|p1|Tapu Koko|\n|poke|p1|Yveltal|\n|poke|p1|Solgaleo|\n|poke|p1|Eternatus|\n|poke|p1|Dugtrio, M|\n|poke|p1|Pheromosa|\n|poke|p2|Toxapex, M|\n|poke|p2|Lunala|\n|poke|p2|Yveltal|\n|poke|p2|Shedinja|\n|poke|p2|Chansey, F|\n|poke|p2|Clefable, F|\n|teampreview\n|inactive|DNNP also wants the timer to be on.\n|c|\u2606DNNP|hf\n|c|\u2606Skysolo \u2764|no\n|c|\u2606Skysolo \u2764|what is this\n|c|\u2606DNNP|um\n|c|\u2606DNNP|some economy mons\n|inactive|Skysolo \u2764 has 270 seconds left.\n|inactive|DNNP has 270 seconds left.\n|c|\u2606Skysolo \u2764|ok hf\n|c|+holy ghost|wow\n|inactive|Skysolo \u2764 has 240 seconds left.\n|\n|t:|1662251366\n|start\n|switch|p1a: Pheromosa|Pheromosa|100\/100\n|switch|p2a: Clefable|Clefable, F|100\/100\n|turn|1\n|\n|t:|1662251372\n|move|p1a: Pheromosa|U-turn|p2a: Clefable\n|-resisted|p2a: Clefable\n|-damage|p2a: Clefable|87\/100\n|\n|t:|1662251376\n|switch|p1a: Solgaleo|Solgaleo|100\/100|[from]move: U-turn\n|move|p2a: Clefable|Trick|p1a: Solgaleo\n|-activate|p2a: Clefable|move: Trick|[of] p1a: Solgaleo\n|-item|p1a: Solgaleo|Sticky Barb|[from] move: Trick\n|-item|p2a: Clefable|Leftovers|[from] move: Trick\n|\n|-heal|p2a: Clefable|93\/100|[from] item: Leftovers\n|-damage|p1a: Solgaleo|88\/100|[from] item: Sticky Barb\n|upkeep\n|turn|2\n|\n|t:|1662251388\n|move|p1a: Solgaleo|Future Sight|p2a: Clefable\n|-start|p1a: Solgaleo|move: Future Sight\n|move|p2a: Clefable|Stealth Rock|p1a: Solgaleo\n|-sidestart|p1: Skysolo \u2764|move: Stealth Rock\n|\n|-heal|p2a: Clefable|99\/100|[from] item: Leftovers\n|-damage|p1a: Solgaleo|76\/100|[from] item: Sticky Barb\n|upkeep\n|turn|3\n|\n|t:|1662251402\n|switch|p2a: Yveltal|Yveltal|100\/100\n|-ability|p2a: Yveltal|Dark Aura\n|move|p1a: Solgaleo|Teleport|p1a: Solgaleo\n|\n|t:|1662251416\n|switch|p1a: Tapu Koko|Tapu Koko|100\/100|[from]move: Teleport\n|-damage|p1a: Tapu Koko|88\/100|[from] Stealth Rock\n|-fieldstart|move: Electric Terrain|[from] ability: Electric Surge|[of] p1a: Tapu Koko\n|\n|upkeep\n|turn|4\n|\n|t:|1662251430\n|switch|p2a: Chansey|Chansey, F|100\/100\n|move|p1a: Tapu Koko|Volt Switch|p2a: Chansey\n|-damage|p2a: Chansey|85\/100\n|\n|t:|1662251441\n|switch|p1a: Jeff|Dugtrio, M|100\/100|[from]move: Volt Switch\n|-damage|p1a: Jeff|94\/100|[from] Stealth Rock\n|\n|-end|p2a: Chansey|move: Future Sight\n|-damage|p2a: Chansey|73\/100\n|upkeep\n|turn|5\n|\n|t:|1662251446\n|move|p1a: Jeff|Earthquake|p2a: Chansey\n|-damage|p2a: Chansey|29\/100\n|move|p2a: Chansey|Soft-Boiled|p2a: Chansey\n|-heal|p2a: Chansey|79\/100\n|\n|upkeep\n|turn|6\n|\n|t:|1662251450\n|move|p1a: Jeff|Earthquake|p2a: Chansey\n|-damage|p2a: Chansey|34\/100\n|move|p2a: Chansey|Soft-Boiled|p2a: Chansey\n|-heal|p2a: Chansey|84\/100\n|\n|upkeep\n|turn|7\n|\n|t:|1662251454\n|move|p1a: Jeff|Earthquake|p2a: Chansey\n|-damage|p2a: Chansey|39\/100\n|move|p2a: Chansey|Soft-Boiled|p2a: Chansey\n|-heal|p2a: Chansey|89\/100\n|\n|-fieldend|move: Electric Terrain\n|upkeep\n|turn|8\n|\n|t:|1662251460\n|move|p1a: Jeff|Earthquake|p2a: Chansey\n|-damage|p2a: Chansey|47\/100\n|move|p2a: Chansey|Soft-Boiled|p2a: Chansey\n|-heal|p2a: Chansey|97\/100\n|\n|upkeep\n|turn|9\n|\n|t:|1662251467\n|switch|p1a: Yveltal|Yveltal|100\/100\n|-ability|p1a: Yveltal|Dark Aura\n|move|p2a: Chansey|Soft-Boiled|p2a: Chansey\n|-heal|p2a: Chansey|100\/100\n|\n|upkeep\n|turn|10\n|\n|t:|1662251471\n|switch|p2a: Clefable|Clefable, F|99\/100\n|move|p1a: Yveltal|Defog|p2a: Clefable\n|-unboost|p2a: Clefable|evasion|1\n|-sideend|p1: Skysolo \u2764|Stealth Rock|[from] move: Defog|[of] p1a: Yveltal\n|\n|-heal|p2a: Clefable|100\/100|[from] item: Leftovers\n|upkeep\n|turn|11\n|\n|t:|1662251476\n|move|p1a: Yveltal|U-turn|p2a: Clefable\n|-resisted|p2a: Clefable\n|-damage|p2a: Clefable|93\/100\n|\n|t:|1662251486\n|switch|p1a: Solgaleo|Solgaleo|76\/100|[from]move: U-turn\n|move|p2a: Clefable|Stealth Rock|p1a: Solgaleo\n|-sidestart|p1: Skysolo \u2764|move: Stealth Rock\n|\n|-heal|p2a: Clefable|99\/100|[from] item: Leftovers\n|-damage|p1a: Solgaleo|63\/100|[from] item: Sticky Barb\n|upkeep\n|turn|12\n|\n|t:|1662251496\n|switch|p2a: Lunala|Lunala|100\/100\n|move|p1a: Solgaleo|Teleport|p1a: Solgaleo\n|\n|t:|1662251501\n|switch|p1a: Yveltal|Yveltal|100\/100|[from]move: Teleport\n|-ability|p1a: Yveltal|Dark Aura\n|\n|upkeep\n|turn|13\n|\n|t:|1662251505\n|switch|p2a: Clefable|Clefable, F|99\/100\n|move|p1a: Yveltal|Defog|p2a: Clefable\n|-unboost|p2a: Clefable|evasion|1\n|-sideend|p1: Skysolo \u2764|Stealth Rock|[from] move: Defog|[of] p1a: Yveltal\n|\n|-heal|p2a: Clefable|100\/100|[from] item: Leftovers\n|upkeep\n|turn|14\n|\n|t:|1662251512\n|move|p1a: Yveltal|U-turn|p2a: Clefable\n|-resisted|p2a: Clefable\n|-damage|p2a: Clefable|92\/100\n|\n|t:|1662251523\n|switch|p1a: Solgaleo|Solgaleo|63\/100|[from]move: U-turn\n|move|p2a: Clefable|Stealth Rock|p1a: Solgaleo\n|-sidestart|p1: Skysolo \u2764|move: Stealth Rock\n|\n|-heal|p2a: Clefable|98\/100|[from] item: Leftovers\n|-damage|p1a: Solgaleo|51\/100|[from] item: Sticky Barb\n|upkeep\n|turn|15\n|\n|t:|1662251532\n|switch|p2a: Lunala|Lunala|100\/100\n|move|p1a: Solgaleo|Morning Sun|p1a: Solgaleo\n|-heal|p1a: Solgaleo|100\/100\n|\n|-damage|p1a: Solgaleo|88\/100|[from] item: Sticky Barb\n|upkeep\n|turn|16\n|\n|t:|1662251547\n|switch|p1a: Yveltal|Yveltal|100\/100\n|-ability|p1a: Yveltal|Dark Aura\n|move|p2a: Lunala|Will-O-Wisp|p1a: Yveltal\n|-status|p1a: Yveltal|brn\n|\n|-damage|p1a: Yveltal|94\/100 brn|[from] brn\n|upkeep\n|turn|17\n|\n|t:|1662251555\n|switch|p2a: Clefable|Clefable, F|98\/100\n|move|p1a: Yveltal|U-turn|p2a: Clefable\n|-resisted|p2a: Clefable\n|-damage|p2a: Clefable|95\/100\n|\n|t:|1662251566\n|switch|p1a: Solgaleo|Solgaleo|88\/100|[from]move: U-turn\n|-damage|p1a: Solgaleo|82\/100|[from] Stealth Rock\n|\n|-heal|p2a: Clefable|100\/100|[from] item: Leftovers\n|-damage|p1a: Solgaleo|70\/100|[from] item: Sticky Barb\n|upkeep\n|turn|18\n|c|\u2606DNNP|nora\n|c|\u2606DNNP|never call me that\n|\n|t:|1662251585\n|switch|p2a: Lunala|Lunala|100\/100\n|move|p1a: Solgaleo|Future Sight|p2a: Lunala\n|-start|p1a: Solgaleo|move: Future Sight\n|\n|-damage|p1a: Solgaleo|57\/100|[from] item: Sticky Barb\n|upkeep\n|turn|19\n|\n|t:|1662251595\n|switch|p1a: Yveltal|Yveltal|94\/100 brn\n|-ability|p1a: Yveltal|Dark Aura\n|move|p2a: Lunala|Will-O-Wisp|p1a: Yveltal\n|-fail|p1a: Yveltal|brn\n|\n|-damage|p1a: Yveltal|88\/100 brn|[from] brn\n|upkeep\n|turn|20\n|\n|t:|1662251603\n|switch|p2a: Clefable|Clefable, F|100\/100\n|move|p1a: Yveltal|U-turn|p2a: Clefable\n|-resisted|p2a: Clefable\n|-damage|p2a: Clefable|97\/100\n|inactive|Skysolo \u2764 has 270 seconds left.\n|\n|t:|1662251637\n|switch|p1a: Jeff|Dugtrio, M|94\/100|[from]move: U-turn\n|-damage|p1a: Jeff|88\/100|[from] Stealth Rock\n|\n|-end|p2a: Clefable|move: Future Sight\n|-crit|p2a: Clefable\n|-damage|p2a: Clefable|27\/100\n|-heal|p2a: Clefable|33\/100|[from] item: Leftovers\n|upkeep\n|turn|21\n|\n|t:|1662251643\n|move|p1a: Jeff|Earthquake|p2a: Clefable\n|-damage|p2a: Clefable|0 fnt\n|faint|p2a: Clefable\n|\n|upkeep\n|\n|t:|1662251648\n|switch|p2a: Yveltal|Yveltal|100\/100\n|-ability|p2a: Yveltal|Dark Aura\n|turn|22\n|\n|t:|1662251654\n|switch|p1a: Eternatus|Eternatus|100\/100\n|-damage|p1a: Eternatus|88\/100|[from] Stealth Rock\n|-ability|p1a: Eternatus|Pressure\n|move|p2a: Yveltal|Foul Play|p1a: Eternatus\n|-damage|p1a: Eternatus|68\/100\n|\n|upkeep\n|turn|23\n|\n|t:|1662251665\n|switch|p2a: Chansey|Chansey, F|100\/100\n|move|p1a: Eternatus|Toxic|p2a: Chansey\n|-status|p2a: Chansey|tox\n|\n|-damage|p2a: Chansey|94\/100 tox|[from] psn\n|upkeep\n|turn|24\n|\n|t:|1662251671\n|switch|p1a: Yveltal|Yveltal|88\/100 brn\n|-ability|p1a: Yveltal|Dark Aura\n|-curestatus|p2a: Chansey|tox|[from] ability: Natural Cure\n|switch|p2a: Toxapex|Toxapex, M|100\/100\n|\n|-damage|p1a: Yveltal|82\/100 brn|[from] brn\n|upkeep\n|turn|25\n|\n|t:|1662251676\n|move|p1a: Yveltal|Defog|p2a: Toxapex\n|-unboost|p2a: Toxapex|evasion|1\n|-sideend|p1: Skysolo \u2764|Stealth Rock|[from] move: Defog|[of] p1a: Yveltal\n|move|p2a: Toxapex|Knock Off|p1a: Yveltal\n|-resisted|p1a: Yveltal\n|-damage|p1a: Yveltal|73\/100 brn\n|-enditem|p1a: Yveltal|Heavy-Duty Boots|[from] move: Knock Off|[of] p2a: Toxapex\n|\n|-damage|p1a: Yveltal|67\/100 brn|[from] brn\n|upkeep\n|turn|26\n|\n|t:|1662251682\n|switch|p2a: Yveltal|Yveltal|100\/100\n|-ability|p2a: Yveltal|Dark Aura\n|move|p1a: Yveltal|Roost|p1a: Yveltal\n|-heal|p1a: Yveltal|100\/100 brn\n|-singleturn|p1a: Yveltal|move: Roost\n|\n|-damage|p1a: Yveltal|94\/100 brn|[from] brn\n|upkeep\n|turn|27\n|\n|t:|1662251685\n|move|p2a: Yveltal|Foul Play|p1a: Yveltal\n|-resisted|p1a: Yveltal\n|-damage|p1a: Yveltal|74\/100 brn\n|move|p1a: Yveltal|U-turn|p2a: Yveltal\n|-damage|p2a: Yveltal|93\/100\n|\n|t:|1662251698\n|switch|p1a: Tapu Koko|Tapu Koko|88\/100|[from]move: U-turn\n|-fieldstart|move: Electric Terrain|[from] ability: Electric Surge|[of] p1a: Tapu Koko\n|\n|upkeep\n|turn|28\n|\n|t:|1662251704\n|switch|p2a: Shedinja|Shedinja|100\/100\n|move|p1a: Tapu Koko|Volt Switch|p2a: Shedinja\n|-immune|p2a: Shedinja|[from] ability: Wonder Guard\n|\n|upkeep\n|turn|29\n|\n|t:|1662251711\n|switch|p1a: Yveltal|Yveltal|74\/100 brn\n|-ability|p1a: Yveltal|Dark Aura\n|move|p2a: Shedinja|Shadow Sneak|p1a: Yveltal\n|-resisted|p1a: Yveltal\n|-damage|p1a: Yveltal|67\/100 brn\n|\n|-damage|p1a: Yveltal|60\/100 brn|[from] brn\n|upkeep\n|turn|30\n|\n|t:|1662251715\n|switch|p2a: Yveltal|Yveltal|93\/100\n|-ability|p2a: Yveltal|Dark Aura\n|move|p1a: Yveltal|Roost|p1a: Yveltal\n|-heal|p1a: Yveltal|100\/100 brn\n|-singleturn|p1a: Yveltal|move: Roost\n|\n|-damage|p1a: Yveltal|94\/100 brn|[from] brn\n|upkeep\n|turn|31\n|\n|t:|1662251717\n|move|p2a: Yveltal|Foul Play|p1a: Yveltal\n|-resisted|p1a: Yveltal\n|-damage|p1a: Yveltal|71\/100 brn\n|move|p1a: Yveltal|U-turn|p2a: Yveltal\n|-crit|p2a: Yveltal\n|-damage|p2a: Yveltal|80\/100\n|\n|t:|1662251737\n|switch|p1a: Eternatus|Eternatus|68\/100|[from]move: U-turn\n|-ability|p1a: Eternatus|Pressure\n|\n|-fieldend|move: Electric Terrain\n|upkeep\n|turn|32\n|\n|t:|1662251741\n|move|p1a: Eternatus|Recover|p1a: Eternatus\n|-heal|p1a: Eternatus|100\/100\n|move|p2a: Yveltal|Roost|p2a: Yveltal\n|-heal|p2a: Yveltal|100\/100\n|-singleturn|p2a: Yveltal|move: Roost\n|\n|upkeep\n|turn|33\n|\n|t:|1662251748\n|switch|p2a: Chansey|Chansey, F|94\/100\n|move|p1a: Eternatus|Flamethrower|p2a: Chansey\n|-damage|p2a: Chansey|86\/100\n|\n|upkeep\n|turn|34\n|\n|t:|1662251760\n|switch|p1a: Yveltal|Yveltal|71\/100 brn\n|-ability|p1a: Yveltal|Dark Aura\n|switch|p2a: Toxapex|Toxapex, M|100\/100\n|\n|-damage|p1a: Yveltal|65\/100 brn|[from] brn\n|upkeep\n|turn|35\n|\n|t:|1662251768\n|move|p1a: Yveltal|U-turn|p2a: Toxapex\n|-resisted|p2a: Toxapex\n|-damage|p2a: Toxapex|98\/100\n|\n|t:|1662251770\n|switch|p1a: Solgaleo|Solgaleo|57\/100|[from]move: U-turn\n|move|p2a: Toxapex|Knock Off|p1a: Solgaleo\n|-supereffective|p1a: Solgaleo\n|-damage|p1a: Solgaleo|35\/100\n|-enditem|p1a: Solgaleo|Sticky Barb|[from] move: Knock Off|[of] p2a: Toxapex\n|\n|upkeep\n|turn|36\n|\n|t:|1662251777\n|switch|p2a: Lunala|Lunala|100\/100\n|move|p1a: Solgaleo|Morning Sun|p1a: Solgaleo\n|-heal|p1a: Solgaleo|85\/100\n|\n|upkeep\n|turn|37\n|\n|t:|1662251783\n|move|p2a: Lunala|Ice Beam|p1a: Solgaleo\n|-resisted|p1a: Solgaleo\n|-damage|p1a: Solgaleo|77\/100\n|move|p1a: Solgaleo|Teleport|p1a: Solgaleo\n|\n|t:|1662251792\n|switch|p1a: Pheromosa|Pheromosa|100\/100|[from]move: Teleport\n|\n|upkeep\n|turn|38\n|\n|t:|1662251797\n|move|p1a: Pheromosa|U-turn|p2a: Lunala\n|-damage|p2a: Lunala|89\/100\n|\n|t:|1662251800\n|switch|p1a: Eternatus|Eternatus|100\/100|[from]move: U-turn\n|-ability|p1a: Eternatus|Pressure\n|move|p2a: Lunala|Ice Beam|p1a: Eternatus\n|-supereffective|p1a: Eternatus\n|-damage|p1a: Eternatus|60\/100\n|\n|upkeep\n|turn|39\n|\n|t:|1662251805\n|move|p1a: Eternatus|Toxic|p2a: Lunala\n|-status|p2a: Lunala|tox\n|move|p2a: Lunala|Will-O-Wisp|p1a: Eternatus\n|-status|p1a: Eternatus|brn\n|\n|-damage|p2a: Lunala|83\/100 tox|[from] psn\n|-damage|p1a: Eternatus|54\/100 brn|[from] brn\n|upkeep\n|turn|40\n|\n|t:|1662251815\n|switch|p2a: Chansey|Chansey, F|86\/100\n|move|p1a: Eternatus|Draco Meteor|p2a: Chansey\n|-damage|p2a: Chansey|68\/100\n|-unboost|p1a: Eternatus|spa|2\n|-enditem|p1a: Eternatus|Eject Pack\n|\n|t:|1662251819\n|switch|p1a: Pheromosa|Pheromosa|100\/100\n|\n|upkeep\n|turn|41\n|\n|t:|1662251822\n|switch|p2a: Toxapex|Toxapex, M|100\/100\n|move|p1a: Pheromosa|U-turn|p2a: Toxapex\n|-resisted|p2a: Toxapex\n|-damage|p2a: Toxapex|90\/100\n|\n|t:|1662251831\n|switch|p1a: Jeff|Dugtrio, M|88\/100|[from]move: U-turn\n|\n|upkeep\n|turn|42\n|\n|t:|1662251833\n|move|p2a: Toxapex|Baneful Bunker|p2a: Toxapex\n|-singleturn|p2a: Toxapex|move: Protect\n|move|p1a: Jeff|Earthquake|p2a: Toxapex\n|-activate|p2a: Toxapex|move: Protect\n|\n|upkeep\n|turn|43\n|\n|t:|1662251838\n|switch|p2a: Shedinja|Shedinja|100\/100\n|move|p1a: Jeff|Earthquake|p2a: Shedinja\n|-immune|p2a: Shedinja|[from] ability: Wonder Guard\n|\n|upkeep\n|turn|44\n|\n|t:|1662251847\n|switch|p1a: Yveltal|Yveltal|65\/100 brn\n|-ability|p1a: Yveltal|Dark Aura\n|move|p2a: Shedinja|Shadow Sneak|p1a: Yveltal\n|-resisted|p1a: Yveltal\n|-damage|p1a: Yveltal|58\/100 brn\n|\n|-damage|p1a: Yveltal|52\/100 brn|[from] brn\n|upkeep\n|turn|45\n|\n|t:|1662251853\n|switch|p2a: Chansey|Chansey, F|68\/100\n|move|p1a: Yveltal|Roost|p1a: Yveltal\n|-heal|p1a: Yveltal|100\/100 brn\n|-singleturn|p1a: Yveltal|move: Roost\n|\n|-damage|p1a: Yveltal|94\/100 brn|[from] brn\n|upkeep\n|turn|46\n|\n|t:|1662251862\n|move|p1a: Yveltal|U-turn|p2a: Chansey\n|-damage|p2a: Chansey|61\/100\n|\n|t:|1662251864\n|switch|p1a: Pheromosa|Pheromosa|100\/100|[from]move: U-turn\n|move|p2a: Chansey|Aromatherapy|p2a: Chansey\n|-activate|p2a: Chansey|move: Aromatherapy\n|-curestatus|p2: Lunala|tox|[msg]\n|\n|upkeep\n|turn|47\n|\n|t:|1662251872\n|switch|p2a: Toxapex|Toxapex, M|100\/100\n|move|p1a: Pheromosa|U-turn|p2a: Toxapex\n|-resisted|p2a: Toxapex\n|-damage|p2a: Toxapex|89\/100\n|\n|t:|1662251879\n|switch|p1a: Solgaleo|Solgaleo|77\/100|[from]move: U-turn\n|\n|upkeep\n|turn|48\n|\n|t:|1662251885\n|switch|p2a: Lunala|Lunala|83\/100\n|move|p1a: Solgaleo|Future Sight|p2a: Lunala\n|-start|p1a: Solgaleo|move: Future Sight\n|\n|upkeep\n|turn|49\n|\n|t:|1662251890\n|move|p2a: Lunala|Roost|p2a: Lunala\n|-heal|p2a: Lunala|100\/100\n|-singleturn|p2a: Lunala|move: Roost\n|move|p1a: Solgaleo|Teleport|p1a: Solgaleo\n|\n|t:|1662251914\n|switch|p1a: Yveltal|Yveltal|94\/100 brn|[from]move: Teleport\n|-ability|p1a: Yveltal|Dark Aura\n|\n|-damage|p1a: Yveltal|88\/100 brn|[from] brn\n|upkeep\n|turn|50\n|\n|t:|1662251918\n|move|p2a: Lunala|Ice Beam|p1a: Yveltal\n|-supereffective|p1a: Yveltal\n|-crit|p1a: Yveltal\n|-damage|p1a: Yveltal|41\/100 brn\n|move|p1a: Yveltal|U-turn|p2a: Lunala\n|-damage|p2a: Lunala|97\/100\n|\n|t:|1662251922\n|switch|p1a: Pheromosa|Pheromosa|100\/100|[from]move: U-turn\n|\n|-end|p2a: Lunala|move: Future Sight\n|-resisted|p2a: Lunala\n|-damage|p2a: Lunala|82\/100\n|upkeep\n|turn|51\n|\n|t:|1662251925\n|switch|p2a: Toxapex|Toxapex, M|100\/100\n|move|p1a: Pheromosa|Throat Chop|p2a: Toxapex\n|-damage|p2a: Toxapex|82\/100\n|-start|p2a: Toxapex|Throat Chop|[silent]\n|\n|upkeep\n|turn|52\n|\n|t:|1662251933\n|switch|p1a: Yveltal|Yveltal|41\/100 brn\n|-ability|p1a: Yveltal|Dark Aura\n|move|p2a: Toxapex|Knock Off|p1a: Yveltal\n|-resisted|p1a: Yveltal\n|-damage|p1a: Yveltal|36\/100 brn\n|\n|-damage|p1a: Yveltal|30\/100 brn|[from] brn\n|-end|p2a: Toxapex|Throat Chop|[silent]\n|upkeep\n|turn|53\n|\n|t:|1662251937\n|switch|p2a: Lunala|Lunala|82\/100\n|move|p1a: Yveltal|Roost|p1a: Yveltal\n|-heal|p1a: Yveltal|80\/100 brn\n|-singleturn|p1a: Yveltal|move: Roost\n|\n|-damage|p1a: Yveltal|74\/100 brn|[from] brn\n|upkeep\n|turn|54\n|\n|t:|1662251945\n|move|p2a: Lunala|Ice Beam|p1a: Yveltal\n|-supereffective|p1a: Yveltal\n|-damage|p1a: Yveltal|43\/100 brn\n|move|p1a: Yveltal|Foul Play|p2a: Lunala\n|-supereffective|p2a: Lunala\n|-damage|p2a: Lunala|34\/100\n|\n|-damage|p1a: Yveltal|37\/100 brn|[from] brn\n|upkeep\n|turn|55\n|\n|t:|1662251954\n|switch|p1a: Pheromosa|Pheromosa|100\/100\n|move|p2a: Lunala|Roost|p2a: Lunala\n|-heal|p2a: Lunala|84\/100\n|-singleturn|p2a: Lunala|move: Roost\n|\n|upkeep\n|turn|56\n|\n|t:|1662251959\n|switch|p2a: Toxapex|Toxapex, M|100\/100\n|move|p1a: Pheromosa|U-turn|p2a: Toxapex\n|-resisted|p2a: Toxapex\n|-damage|p2a: Toxapex|88\/100\n|\n|t:|1662251962\n|switch|p1a: Yveltal|Yveltal|37\/100 brn|[from]move: U-turn\n|-ability|p1a: Yveltal|Dark Aura\n|\n|-damage|p1a: Yveltal|31\/100 brn|[from] brn\n|upkeep\n|turn|57\n|\n|t:|1662251965\n|switch|p2a: Lunala|Lunala|84\/100\n|move|p1a: Yveltal|Roost|p1a: Yveltal\n|-heal|p1a: Yveltal|81\/100 brn\n|-singleturn|p1a: Yveltal|move: Roost\n|\n|-damage|p1a: Yveltal|75\/100 brn|[from] brn\n|upkeep\n|turn|58\n|\n|t:|1662251969\n|move|p2a: Lunala|Ice Beam|p1a: Yveltal\n|-supereffective|p1a: Yveltal\n|-damage|p1a: Yveltal|46\/100 brn\n|move|p1a: Yveltal|Roost|p1a: Yveltal\n|-heal|p1a: Yveltal|96\/100 brn\n|-singleturn|p1a: Yveltal|move: Roost\n|\n|-damage|p1a: Yveltal|90\/100 brn|[from] brn\n|upkeep\n|turn|59\n|\n|t:|1662251973\n|move|p2a: Lunala|Ice Beam|p1a: Yveltal\n|-supereffective|p1a: Yveltal\n|-damage|p1a: Yveltal|60\/100 brn\n|move|p1a: Yveltal|Foul Play|p2a: Lunala\n|-supereffective|p2a: Lunala\n|-damage|p2a: Lunala|41\/100\n|\n|-damage|p1a: Yveltal|54\/100 brn|[from] brn\n|upkeep\n|turn|60\n|\n|t:|1662251976\n|move|p2a: Lunala|Roost|p2a: Lunala\n|-heal|p2a: Lunala|91\/100\n|-singleturn|p2a: Lunala|move: Roost\n|move|p1a: Yveltal|Foul Play|p2a: Lunala\n|-supereffective|p2a: Lunala\n|-damage|p2a: Lunala|45\/100\n|\n|-damage|p1a: Yveltal|48\/100 brn|[from] brn\n|upkeep\n|turn|61\n|\n|t:|1662251978\n|move|p2a: Lunala|Roost|p2a: Lunala\n|-heal|p2a: Lunala|95\/100\n|-singleturn|p2a: Lunala|move: Roost\n|move|p1a: Yveltal|Roost|p1a: Yveltal\n|-heal|p1a: Yveltal|98\/100 brn\n|-singleturn|p1a: Yveltal|move: Roost\n|\n|-damage|p1a: Yveltal|91\/100 brn|[from] brn\n|upkeep\n|turn|62\n|\n|t:|1662251983\n|move|p2a: Lunala|Ice Beam|p1a: Yveltal\n|-supereffective|p1a: Yveltal\n|-damage|p1a: Yveltal|59\/100 brn\n|move|p1a: Yveltal|Foul Play|p2a: Lunala\n|-supereffective|p2a: Lunala\n|-damage|p2a: Lunala|45\/100\n|\n|-damage|p1a: Yveltal|53\/100 brn|[from] brn\n|upkeep\n|turn|63\n|\n|t:|1662251987\n|move|p2a: Lunala|Roost|p2a: Lunala\n|-heal|p2a: Lunala|95\/100\n|-singleturn|p2a: Lunala|move: Roost\n|move|p1a: Yveltal|Foul Play|p2a: Lunala\n|-supereffective|p2a: Lunala\n|-damage|p2a: Lunala|45\/100\n|\n|-damage|p1a: Yveltal|47\/100 brn|[from] brn\n|upkeep\n|turn|64\n|\n|t:|1662251991\n|move|p2a: Lunala|Roost|p2a: Lunala\n|-heal|p2a: Lunala|95\/100\n|-singleturn|p2a: Lunala|move: Roost\n|move|p1a: Yveltal|Roost|p1a: Yveltal\n|-heal|p1a: Yveltal|97\/100 brn\n|-singleturn|p1a: Yveltal|move: Roost\n|\n|-damage|p1a: Yveltal|91\/100 brn|[from] brn\n|upkeep\n|turn|65\n|\n|t:|1662251998\n|switch|p2a: Chansey|Chansey, F|61\/100\n|move|p1a: Yveltal|Foul Play|p2a: Chansey\n|-damage|p2a: Chansey|60\/100\n|\n|-damage|p1a: Yveltal|84\/100 brn|[from] brn\n|upkeep\n|turn|66\n|\n|t:|1662252001\n|move|p1a: Yveltal|U-turn|p2a: Chansey\n|-damage|p2a: Chansey|53\/100\n|\n|t:|1662252020\n|switch|p1a: Pheromosa|Pheromosa|100\/100|[from]move: U-turn\n|move|p2a: Chansey|Soft-Boiled|p2a: Chansey\n|-heal|p2a: Chansey|100\/100\n|\n|upkeep\n|turn|67\n|\n|t:|1662252024\n|switch|p2a: Toxapex|Toxapex, M|100\/100\n|move|p1a: Pheromosa|U-turn|p2a: Toxapex\n|-resisted|p2a: Toxapex\n|-damage|p2a: Toxapex|90\/100\n|\n|t:|1662252039\n|switch|p1a: Solgaleo|Solgaleo|77\/100|[from]move: U-turn\n|\n|upkeep\n|turn|68\n|\n|t:|1662252045\n|switch|p2a: Lunala|Lunala|95\/100\n|move|p1a: Solgaleo|Future Sight|p2a: Lunala\n|-start|p1a: Solgaleo|move: Future Sight\n|\n|upkeep\n|turn|69\n|\n|t:|1662252058\n|move|p2a: Lunala|Roost|p2a: Lunala\n|-heal|p2a: Lunala|100\/100\n|-singleturn|p2a: Lunala|move: Roost\n|move|p1a: Solgaleo|Teleport|p1a: Solgaleo\n|\n|t:|1662252070\n|switch|p1a: Pheromosa|Pheromosa|100\/100|[from]move: Teleport\n|\n|upkeep\n|turn|70\n|\n|t:|1662252091\n|move|p1a: Pheromosa|U-turn|p2a: Lunala\n|-damage|p2a: Lunala|88\/100\n|\n|t:|1662252093\n|switch|p1a: Yveltal|Yveltal|84\/100 brn|[from]move: U-turn\n|-ability|p1a: Yveltal|Dark Aura\n|move|p2a: Lunala|Roost|p2a: Lunala\n|-heal|p2a: Lunala|100\/100\n|-singleturn|p2a: Lunala|move: Roost\n|\n|-end|p2a: Lunala|move: Future Sight\n|-resisted|p2a: Lunala\n|-damage|p2a: Lunala|93\/100\n|-damage|p1a: Yveltal|78\/100 brn|[from] brn\n|upkeep\n|turn|71\n|\n|t:|1662252097\n|move|p2a: Lunala|Ice Beam|p1a: Yveltal\n|-supereffective|p1a: Yveltal\n|-damage|p1a: Yveltal|47\/100 brn\n|move|p1a: Yveltal|Foul Play|p2a: Lunala\n|-supereffective|p2a: Lunala\n|-damage|p2a: Lunala|44\/100\n|\n|-damage|p1a: Yveltal|40\/100 brn|[from] brn\n|upkeep\n|turn|72\n|\n|t:|1662252102\n|move|p2a: Lunala|Roost|p2a: Lunala\n|-heal|p2a: Lunala|94\/100\n|-singleturn|p2a: Lunala|move: Roost\n|move|p1a: Yveltal|Roost|p1a: Yveltal\n|-heal|p1a: Yveltal|91\/100 brn\n|-singleturn|p1a: Yveltal|move: Roost\n|\n|-damage|p1a: Yveltal|84\/100 brn|[from] brn\n|upkeep\n|turn|73\n|\n|t:|1662252108\n|switch|p2a: Yveltal|Yveltal|100\/100\n|-ability|p2a: Yveltal|Dark Aura\n|move|p1a: Yveltal|Foul Play|p2a: Yveltal\n|-resisted|p2a: Yveltal\n|-damage|p2a: Yveltal|89\/100\n|\n|-damage|p1a: Yveltal|78\/100 brn|[from] brn\n|upkeep\n|turn|74\n|\n|t:|1662252110\n|move|p2a: Yveltal|Foul Play|p1a: Yveltal\n|-resisted|p1a: Yveltal\n|-damage|p1a: Yveltal|57\/100 brn\n|move|p1a: Yveltal|U-turn|p2a: Yveltal\n|-damage|p2a: Yveltal|81\/100\n|\n|t:|1662252123\n|switch|p1a: Tapu Koko|Tapu Koko|88\/100|[from]move: U-turn\n|-fieldstart|move: Electric Terrain|[from] ability: Electric Surge|[of] p1a: Tapu Koko\n|\n|upkeep\n|turn|75\n|\n|t:|1662252130\n|switch|p1a: Eternatus|Eternatus|54\/100 brn\n|-ability|p1a: Eternatus|Pressure\n|switch|p2a: Shedinja|Shedinja|100\/100\n|\n|-damage|p1a: Eternatus|48\/100 brn|[from] brn\n|upkeep\n|turn|76\n|\n|t:|1662252137\n|switch|p2a: Toxapex|Toxapex, M|100\/100\n|move|p1a: Eternatus|Recover|p1a: Eternatus\n|-heal|p1a: Eternatus|98\/100 brn\n|\n|-damage|p1a: Eternatus|92\/100 brn|[from] brn\n|upkeep\n|turn|77\n|\n|t:|1662252142\n|move|p1a: Eternatus|Flamethrower|p2a: Toxapex\n|-resisted|p2a: Toxapex\n|-damage|p2a: Toxapex|90\/100\n|move|p2a: Toxapex|Knock Off|p1a: Eternatus\n|-damage|p1a: Eternatus|84\/100 brn\n|\n|-damage|p1a: Eternatus|78\/100 brn|[from] brn\n|upkeep\n|turn|78\n|\n|t:|1662252147\n|switch|p1a: Solgaleo|Solgaleo|77\/100\n|switch|p2a: Chansey|Chansey, F|100\/100\n|\n|-fieldend|move: Electric Terrain\n|upkeep\n|turn|79\n|\n|t:|1662252153\n|switch|p2a: Lunala|Lunala|94\/100\n|move|p1a: Solgaleo|Future Sight|p2a: Lunala\n|-start|p1a: Solgaleo|move: Future Sight\n|\n|upkeep\n|turn|80\n|\n|t:|1662252161\n|move|p2a: Lunala|Roost|p2a: Lunala\n|-heal|p2a: Lunala|100\/100\n|-singleturn|p2a: Lunala|move: Roost\n|move|p1a: Solgaleo|Teleport|p1a: Solgaleo\n|\n|t:|1662252173\n|switch|p1a: Pheromosa|Pheromosa|100\/100|[from]move: Teleport\n|\n|upkeep\n|turn|81\n|\n|t:|1662252178\n|move|p1a: Pheromosa|U-turn|p2a: Lunala\n|-damage|p2a: Lunala|88\/100\n|\n|t:|1662252180\n|switch|p1a: Eternatus|Eternatus|78\/100 brn|[from]move: U-turn\n|-ability|p1a: Eternatus|Pressure\n|move|p2a: Lunala|Ice Beam|p1a: Eternatus\n|-supereffective|p1a: Eternatus\n|-damage|p1a: Eternatus|42\/100 brn\n|\n|-end|p2a: Lunala|move: Future Sight\n|-resisted|p2a: Lunala\n|-damage|p2a: Lunala|71\/100\n|-damage|p1a: Eternatus|36\/100 brn|[from] brn\n|upkeep\n|turn|82\n|\n|t:|1662252185\n|move|p1a: Eternatus|Recover|p1a: Eternatus\n|-heal|p1a: Eternatus|86\/100 brn\n|move|p2a: Lunala|Roost|p2a: Lunala\n|-heal|p2a: Lunala|100\/100\n|-singleturn|p2a: Lunala|move: Roost\n|\n|-damage|p1a: Eternatus|80\/100 brn|[from] brn\n|upkeep\n|turn|83\n|\n|t:|1662252189\n|switch|p2a: Chansey|Chansey, F|100\/100\n|move|p1a: Eternatus|Flamethrower|p2a: Chansey\n|-damage|p2a: Chansey|92\/100\n|\n|-damage|p1a: Eternatus|73\/100 brn|[from] brn\n|upkeep\n|turn|84\n|\n|t:|1662252192\n|move|p1a: Eternatus|Toxic|p2a: Chansey\n|-status|p2a: Chansey|tox\n|move|p2a: Chansey|Seismic Toss|p1a: Eternatus\n|-damage|p1a: Eternatus|52\/100 brn\n|\n|-damage|p2a: Chansey|86\/100 tox|[from] psn\n|-damage|p1a: Eternatus|46\/100 brn|[from] brn\n|upkeep\n|turn|85\n|\n|t:|1662252196\n|-curestatus|p2a: Chansey|tox|[from] ability: Natural Cure\n|switch|p2a: Toxapex|Toxapex, M|100\/100\n|move|p1a: Eternatus|Recover|p1a: Eternatus\n|-heal|p1a: Eternatus|96\/100 brn\n|\n|-damage|p1a: Eternatus|90\/100 brn|[from] brn\n|upkeep\n|turn|86\n|\n|t:|1662252205\n|move|p1a: Eternatus|Toxic|p2a: Toxapex\n|-immune|p2a: Toxapex\n|move|p2a: Toxapex|Knock Off|p1a: Eternatus\n|-damage|p1a: Eternatus|83\/100 brn\n|\n|-damage|p1a: Eternatus|77\/100 brn|[from] brn\n|upkeep\n|turn|87\n|\n|t:|1662252209\n|switch|p1a: Solgaleo|Solgaleo|77\/100\n|move|p2a: Toxapex|Knock Off|p1a: Solgaleo\n|-supereffective|p1a: Solgaleo\n|-damage|p1a: Solgaleo|63\/100\n|\n|upkeep\n|turn|88\n|\n|t:|1662252221\n|switch|p2a: Yveltal|Yveltal|81\/100\n|-ability|p2a: Yveltal|Dark Aura\n|move|p1a: Solgaleo|Future Sight|p2a: Yveltal\n|-start|p1a: Solgaleo|move: Future Sight\n|\n|upkeep\n|turn|89\n|\n|t:|1662252232\n|switch|p1a: Eternatus|Eternatus|77\/100 brn\n|-ability|p1a: Eternatus|Pressure\n|move|p2a: Yveltal|Foul Play|p1a: Eternatus\n|-damage|p1a: Eternatus|57\/100 brn\n|\n|-damage|p1a: Eternatus|51\/100 brn|[from] brn\n|upkeep\n|turn|90\n|\n|t:|1662252240\n|switch|p2a: Chansey|Chansey, F|86\/100\n|move|p1a: Eternatus|Toxic|p2a: Chansey\n|-status|p2a: Chansey|tox\n|\n|-end|p2a: Chansey|move: Future Sight\n|-damage|p2a: Chansey|73\/100 tox\n|-damage|p2a: Chansey|66\/100 tox|[from] psn\n|-damage|p1a: Eternatus|45\/100 brn|[from] brn\n|upkeep\n|turn|91\n|\n|t:|1662252245\n|-curestatus|p2a: Chansey|tox|[from] ability: Natural Cure\n|switch|p2a: Toxapex|Toxapex, M|100\/100\n|move|p1a: Eternatus|Recover|p1a: Eternatus\n|-heal|p1a: Eternatus|95\/100 brn\n|\n|-damage|p1a: Eternatus|89\/100 brn|[from] brn\n|upkeep\n|turn|92\n|\n|t:|1662252252\n|move|p1a: Eternatus|Flamethrower|p2a: Toxapex\n|-resisted|p2a: Toxapex\n|-damage|p2a: Toxapex|88\/100\n|move|p2a: Toxapex|Knock Off|p1a: Eternatus\n|-damage|p1a: Eternatus|82\/100 brn\n|\n|-damage|p1a: Eternatus|76\/100 brn|[from] brn\n|upkeep\n|turn|93\n|\n|t:|1662252258\n|switch|p1a: Solgaleo|Solgaleo|63\/100\n|move|p2a: Toxapex|Knock Off|p1a: Solgaleo\n|-supereffective|p1a: Solgaleo\n|-damage|p1a: Solgaleo|49\/100\n|\n|upkeep\n|turn|94\n|\n|t:|1662252260\n|switch|p2a: Yveltal|Yveltal|81\/100\n|-ability|p2a: Yveltal|Dark Aura\n|move|p1a: Solgaleo|Morning Sun|p1a: Solgaleo\n|-heal|p1a: Solgaleo|99\/100\n|\n|upkeep\n|turn|95\n|\n|t:|1662252266\n|switch|p1a: Eternatus|Eternatus|76\/100 brn\n|-ability|p1a: Eternatus|Pressure\n|move|p2a: Yveltal|Foul Play|p1a: Eternatus\n|-damage|p1a: Eternatus|55\/100 brn\n|\n|-damage|p1a: Eternatus|49\/100 brn|[from] brn\n|upkeep\n|turn|96\n|\n|t:|1662252273\n|switch|p2a: Chansey|Chansey, F|66\/100\n|move|p1a: Eternatus|Recover|p1a: Eternatus\n|-heal|p1a: Eternatus|99\/100 brn\n|\n|-damage|p1a: Eternatus|93\/100 brn|[from] brn\n|upkeep\n|turn|97\n|inactive|Skysolo \u2764 has 270 seconds left.\n|\n|t:|1662252318\n|switch|p1a: Yveltal|Yveltal|57\/100 brn\n|-ability|p1a: Yveltal|Dark Aura\n|move|p2a: Chansey|Soft-Boiled|p2a: Chansey\n|-heal|p2a: Chansey|100\/100\n|\n|-damage|p1a: Yveltal|50\/100 brn|[from] brn\n|upkeep\n|turn|98\n|\n|t:|1662252321\n|move|p1a: Yveltal|Roost|p1a: Yveltal\n|-heal|p1a: Yveltal|100\/100 brn\n|-singleturn|p1a: Yveltal|move: Roost\n|move|p2a: Chansey|Seismic Toss|p1a: Yveltal\n|-damage|p1a: Yveltal|79\/100 brn\n|\n|-damage|p1a: Yveltal|72\/100 brn|[from] brn\n|upkeep\n|turn|99\n|\n|t:|1662252325\n|move|p1a: Yveltal|U-turn|p2a: Chansey\n|-damage|p2a: Chansey|94\/100\n|\n|t:|1662252331\n|switch|p1a: Solgaleo|Solgaleo|99\/100|[from]move: U-turn\n|move|p2a: Chansey|Seismic Toss|p1a: Solgaleo\n|-damage|p1a: Solgaleo|78\/100\n|\n|upkeep\n|turn|100\n|\n|t:|1662252337\n|switch|p2a: Yveltal|Yveltal|81\/100\n|-ability|p2a: Yveltal|Dark Aura\n|move|p1a: Solgaleo|Future Sight|p2a: Yveltal\n|-start|p1a: Solgaleo|move: Future Sight\n|\n|upkeep\n|turn|101\n|\n|t:|1662252344\n|switch|p1a: Tapu Koko|Tapu Koko|88\/100\n|-fieldstart|move: Electric Terrain|[from] ability: Electric Surge|[of] p1a: Tapu Koko\n|move|p2a: Yveltal|Foul Play|p1a: Tapu Koko\n|-resisted|p1a: Tapu Koko\n|-damage|p1a: Tapu Koko|61\/100\n|\n|upkeep\n|turn|102\n|inactive|DNNP has 270 seconds left.\n|\n|t:|1662252382\n|switch|p1a: Yveltal|Yveltal|72\/100 brn\n|-ability|p1a: Yveltal|Dark Aura\n|switch|p2a: Chansey|Chansey, F|94\/100\n|\n|-end|p2a: Chansey|move: Future Sight\n|-damage|p2a: Chansey|81\/100\n|-damage|p1a: Yveltal|66\/100 brn|[from] brn\n|upkeep\n|turn|103\n|\n|t:|1662252388\n|move|p1a: Yveltal|U-turn|p2a: Chansey\n|-damage|p2a: Chansey|74\/100\n|\n|t:|1662252390\n|switch|p1a: Solgaleo|Solgaleo|78\/100|[from]move: U-turn\n|move|p2a: Chansey|Seismic Toss|p1a: Solgaleo\n|-damage|p1a: Solgaleo|57\/100\n|\n|upkeep\n|turn|104\n|\n|t:|1662252394\n|switch|p2a: Yveltal|Yveltal|81\/100\n|-ability|p2a: Yveltal|Dark Aura\n|move|p1a: Solgaleo|Sunsteel Strike|p2a: Yveltal\n|-damage|p2a: Yveltal|42\/100\n|\n|upkeep\n|turn|105\n|\n|t:|1662252402\n|switch|p1a: Yveltal|Yveltal|66\/100 brn\n|-ability|p1a: Yveltal|Dark Aura\n|move|p2a: Yveltal|Roost|p2a: Yveltal\n|-heal|p2a: Yveltal|93\/100\n|-singleturn|p2a: Yveltal|move: Roost\n|\n|-damage|p1a: Yveltal|60\/100 brn|[from] brn\n|-fieldend|move: Electric Terrain\n|upkeep\n|turn|106\n|\n|t:|1662252406\n|move|p2a: Yveltal|Foul Play|p1a: Yveltal\n|-resisted|p1a: Yveltal\n|-damage|p1a: Yveltal|40\/100 brn\n|move|p1a: Yveltal|Roost|p1a: Yveltal\n|-heal|p1a: Yveltal|91\/100 brn\n|-singleturn|p1a: Yveltal|move: Roost\n|\n|-damage|p1a: Yveltal|84\/100 brn|[from] brn\n|upkeep\n|turn|107\n|\n|t:|1662252411\n|move|p2a: Yveltal|Foul Play|p1a: Yveltal\n|-resisted|p1a: Yveltal\n|-damage|p1a: Yveltal|63\/100 brn\n|move|p1a: Yveltal|U-turn|p2a: Yveltal\n|-damage|p2a: Yveltal|85\/100\n|\n|t:|1662252422\n|switch|p1a: Tapu Koko|Tapu Koko|61\/100|[from]move: U-turn\n|-fieldstart|move: Electric Terrain|[from] ability: Electric Surge|[of] p1a: Tapu Koko\n|\n|upkeep\n|turn|108\n|\n|t:|1662252444\n|switch|p1a: Solgaleo|Solgaleo|57\/100\n|switch|p2a: Shedinja|Shedinja|100\/100\n|\n|upkeep\n|turn|109\n|\n|t:|1662252449\n|switch|p2a: Yveltal|Yveltal|85\/100\n|-ability|p2a: Yveltal|Dark Aura\n|move|p1a: Solgaleo|Sunsteel Strike|p2a: Yveltal\n|-damage|p2a: Yveltal|51\/100\n|\n|upkeep\n|turn|110\n|\n|t:|1662252455\n|switch|p1a: Eternatus|Eternatus|93\/100 brn\n|-ability|p1a: Eternatus|Pressure\n|move|p2a: Yveltal|Roost|p2a: Yveltal\n|-heal|p2a: Yveltal|100\/100\n|-singleturn|p2a: Yveltal|move: Roost\n|\n|-damage|p1a: Eternatus|87\/100 brn|[from] brn\n|upkeep\n|turn|111\n|\n|t:|1662252460\n|switch|p2a: Toxapex|Toxapex, M|100\/100\n|move|p1a: Eternatus|Toxic|p2a: Toxapex\n|-immune|p2a: Toxapex\n|\n|-damage|p1a: Eternatus|81\/100 brn|[from] brn\n|-fieldend|move: Electric Terrain\n|upkeep\n|turn|112\n|\n|t:|1662252464\n|switch|p1a: Solgaleo|Solgaleo|57\/100\n|move|p2a: Toxapex|Baneful Bunker||[still]\n|-fail|p2a: Toxapex\n|\n|upkeep\n|turn|113\n|\n|t:|1662252472\n|switch|p2a: Yveltal|Yveltal|100\/100\n|-ability|p2a: Yveltal|Dark Aura\n|move|p1a: Solgaleo|Teleport|p1a: Solgaleo\n|\n|t:|1662252477\n|switch|p1a: Pheromosa|Pheromosa|100\/100|[from]move: Teleport\n|\n|upkeep\n|turn|114\n|\n|t:|1662252484\n|switch|p2a: Toxapex|Toxapex, M|100\/100\n|move|p1a: Pheromosa|U-turn|p2a: Toxapex\n|-resisted|p2a: Toxapex\n|-damage|p2a: Toxapex|88\/100\n|\n|t:|1662252489\n|switch|p1a: Solgaleo|Solgaleo|57\/100|[from]move: U-turn\n|\n|upkeep\n|turn|115\n|\n|t:|1662252495\n|switch|p2a: Yveltal|Yveltal|100\/100\n|-ability|p2a: Yveltal|Dark Aura\n|move|p1a: Solgaleo|Future Sight|p2a: Yveltal\n|-start|p1a: Solgaleo|move: Future Sight\n|\n|upkeep\n|turn|116\n|\n|t:|1662252500\n|switch|p1a: Eternatus|Eternatus|81\/100 brn\n|-ability|p1a: Eternatus|Pressure\n|move|p2a: Yveltal|Foul Play|p1a: Eternatus\n|-crit|p1a: Eternatus\n|-damage|p1a: Eternatus|51\/100 brn\n|\n|-damage|p1a: Eternatus|45\/100 brn|[from] brn\n|upkeep\n|turn|117\n|\n|t:|1662252505\n|switch|p2a: Chansey|Chansey, F|74\/100\n|move|p1a: Eternatus|Toxic|p2a: Chansey\n|-status|p2a: Chansey|tox\n|\n|-end|p2a: Chansey|move: Future Sight\n|-damage|p2a: Chansey|61\/100 tox\n|-damage|p2a: Chansey|54\/100 tox|[from] psn\n|-damage|p1a: Eternatus|39\/100 brn|[from] brn\n|upkeep\n|turn|118\n|\n|t:|1662252513\n|switch|p1a: Jeff|Dugtrio, M|88\/100\n|-curestatus|p2a: Chansey|tox|[from] ability: Natural Cure\n|switch|p2a: Toxapex|Toxapex, M|100\/100\n|\n|upkeep\n|turn|119\n|\n|t:|1662252536\n|switch|p1a: Eternatus|Eternatus|39\/100 brn\n|-ability|p1a: Eternatus|Pressure\n|switch|p2a: Yveltal|Yveltal|100\/100\n|-ability|p2a: Yveltal|Dark Aura\n|\n|-damage|p1a: Eternatus|32\/100 brn|[from] brn\n|upkeep\n|turn|120\n|\n|t:|1662252543\n|switch|p2a: Chansey|Chansey, F|54\/100\n|move|p1a: Eternatus|Toxic|p2a: Chansey\n|-status|p2a: Chansey|tox\n|\n|-damage|p2a: Chansey|48\/100 tox|[from] psn\n|-damage|p1a: Eternatus|26\/100 brn|[from] brn\n|upkeep\n|turn|121\n|\n|t:|1662252548\n|switch|p1a: Jeff|Dugtrio, M|88\/100\n|-curestatus|p2a: Chansey|tox|[from] ability: Natural Cure\n|switch|p2a: Yveltal|Yveltal|100\/100\n|-ability|p2a: Yveltal|Dark Aura\n|\n|upkeep\n|turn|122\n|\n|t:|1662252553\n|switch|p1a: Yveltal|Yveltal|63\/100 brn\n|-ability|p1a: Yveltal|Dark Aura\n|move|p2a: Yveltal|Foul Play|p1a: Yveltal\n|-resisted|p1a: Yveltal\n|-damage|p1a: Yveltal|40\/100 brn\n|\n|-damage|p1a: Yveltal|34\/100 brn|[from] brn\n|upkeep\n|turn|123\n|\n|t:|1662252560\n|move|p2a: Yveltal|Foul Play|p1a: Yveltal\n|-resisted|p1a: Yveltal\n|-damage|p1a: Yveltal|12\/100 brn\n|move|p1a: Yveltal|U-turn|p2a: Yveltal\n|-damage|p2a: Yveltal|93\/100\n|\n|t:|1662252564\n|switch|p1a: Pheromosa|Pheromosa|100\/100|[from]move: U-turn\n|\n|upkeep\n|turn|124\n|\n|t:|1662252568\n|move|p1a: Pheromosa|U-turn|p2a: Yveltal\n|-damage|p2a: Yveltal|62\/100\n|\n|t:|1662252570\n|switch|p1a: Tapu Koko|Tapu Koko|61\/100|[from]move: U-turn\n|-fieldstart|move: Electric Terrain|[from] ability: Electric Surge|[of] p1a: Tapu Koko\n|move|p2a: Yveltal|Foul Play|p1a: Tapu Koko\n|-resisted|p1a: Tapu Koko\n|-damage|p1a: Tapu Koko|37\/100\n|\n|upkeep\n|turn|125\n|\n|t:|1662252577\n|switch|p1a: Jeff|Dugtrio, M|88\/100\n|switch|p2a: Shedinja|Shedinja|100\/100\n|\n|upkeep\n|turn|126\n|\n|t:|1662252584\n|move|p2a: Shedinja|Protect|p2a: Shedinja\n|-singleturn|p2a: Shedinja|Protect\n|move|p1a: Jeff|Stone Edge|p2a: Shedinja\n|-activate|p2a: Shedinja|move: Protect\n|\n|upkeep\n|turn|127\n|\n|t:|1662252599\n|switch|p2a: Lunala|Lunala|100\/100\n|move|p1a: Jeff|Stone Edge|p2a: Lunala\n|-damage|p2a: Lunala|88\/100\n|\n|upkeep\n|turn|128\n|\n|t:|1662252611\n|switch|p1a: Solgaleo|Solgaleo|57\/100\n|move|p2a: Lunala|Will-O-Wisp|p1a: Solgaleo\n|-status|p1a: Solgaleo|brn\n|\n|-damage|p1a: Solgaleo|51\/100 brn|[from] brn\n|-fieldend|move: Electric Terrain\n|upkeep\n|turn|129\n|\n|t:|1662252617\n|switch|p2a: Chansey|Chansey, F|48\/100\n|move|p1a: Solgaleo|Morning Sun|p1a: Solgaleo\n|-heal|p1a: Solgaleo|100\/100 brn\n|\n|-damage|p1a: Solgaleo|94\/100 brn|[from] brn\n|upkeep\n|turn|130\n|\n|t:|1662252624\n|move|p2a: Chansey|Soft-Boiled|p2a: Chansey\n|-heal|p2a: Chansey|98\/100\n|move|p1a: Solgaleo|Teleport|p1a: Solgaleo\n|\n|t:|1662252631\n|switch|p1a: Jeff|Dugtrio, M|88\/100|[from]move: Teleport\n|\n|upkeep\n|turn|131\n|\n|t:|1662252660\n|move|p1a: Jeff|Final Gambit|p2a: Chansey\n|-damage|p2a: Chansey|68\/100\n|faint|p1a: Jeff\n|move|p2a: Chansey|Seismic Toss|p1: Jeff|[notarget]\n|-fail|p2a: Chansey\n|\n|upkeep\n|c|\u2606DNNP|.\n|c|\u2606Skysolo \u2764|ok\n|inactive|Skysolo \u2764 has 270 seconds left.\n|c|\u2606Skysolo \u2764|i didnt know how that worked\n|c|+god mami pix|.\n|c|\u2606DNNP|:(\n|c|\u2606Skysolo \u2764|its been a while \n|\n|t:|1662252689\n|switch|p1a: Pheromosa|Pheromosa|100\/100\n|turn|132\n|\n|t:|1662252705\n|switch|p2a: Toxapex|Toxapex, M|100\/100\n|move|p1a: Pheromosa|U-turn|p2a: Toxapex\n|-resisted|p2a: Toxapex\n|-damage|p2a: Toxapex|88\/100\n|\n|t:|1662252716\n|switch|p1a: Solgaleo|Solgaleo|94\/100 brn|[from]move: U-turn\n|\n|-damage|p1a: Solgaleo|88\/100 brn|[from] brn\n|upkeep\n|turn|133\n|\n|t:|1662252720\n|switch|p2a: Yveltal|Yveltal|62\/100\n|-ability|p2a: Yveltal|Dark Aura\n|move|p1a: Solgaleo|Teleport|p1a: Solgaleo\n|\n|t:|1662252724\n|switch|p1a: Pheromosa|Pheromosa|100\/100|[from]move: Teleport\n|\n|upkeep\n|turn|134\n|\n|t:|1662252731\n|switch|p2a: Toxapex|Toxapex, M|100\/100\n|move|p1a: Pheromosa|U-turn|p2a: Toxapex\n|-resisted|p2a: Toxapex\n|-crit|p2a: Toxapex\n|-damage|p2a: Toxapex|84\/100\n|inactive|Skysolo \u2764 has 270 seconds left.\n|\n|t:|1662252752\n|switch|p1a: Solgaleo|Solgaleo|88\/100 brn|[from]move: U-turn\n|\n|-damage|p1a: Solgaleo|82\/100 brn|[from] brn\n|upkeep\n|turn|135\n|\n|t:|1662252769\n|switch|p2a: Yveltal|Yveltal|62\/100\n|-ability|p2a: Yveltal|Dark Aura\n|move|p1a: Solgaleo|Teleport|p1a: Solgaleo\n|inactive|Skysolo \u2764 has 270 seconds left.\n|\n|t:|1662252794\n|switch|p1a: Eternatus|Eternatus|26\/100 brn|[from]move: Teleport\n|-ability|p1a: Eternatus|Pressure\n|\n|-damage|p1a: Eternatus|20\/100 brn|[from] brn\n|upkeep\n|turn|136\n|\n|t:|1662252797\n|move|p1a: Eternatus|Recover|p1a: Eternatus\n|-heal|p1a: Eternatus|70\/100 brn\n|move|p2a: Yveltal|Roost|p2a: Yveltal\n|-heal|p2a: Yveltal|100\/100\n|-singleturn|p2a: Yveltal|move: Roost\n|\n|-damage|p1a: Eternatus|64\/100 brn|[from] brn\n|upkeep\n|turn|137\n|inactive|Skysolo \u2764 has 270 seconds left.\n|\n|t:|1662252812\n|switch|p2a: Chansey|Chansey, F|68\/100\n|move|p1a: Eternatus|Toxic|p2a: Chansey\n|-status|p2a: Chansey|tox\n|\n|-damage|p2a: Chansey|61\/100 tox|[from] psn\n|-damage|p1a: Eternatus|57\/100 brn|[from] brn\n|upkeep\n|turn|138\n|\n|t:|1662252822\n|switch|p1a: Solgaleo|Solgaleo|82\/100 brn\n|move|p2a: Chansey|Soft-Boiled|p2a: Chansey\n|-heal|p2a: Chansey|100\/100 tox\n|\n|-damage|p2a: Chansey|88\/100 tox|[from] psn\n|-damage|p1a: Solgaleo|76\/100 brn|[from] brn\n|upkeep\n|turn|139\n|\n|t:|1662252826\n|-curestatus|p2a: Chansey|tox|[from] ability: Natural Cure\n|switch|p2a: Yveltal|Yveltal|100\/100\n|-ability|p2a: Yveltal|Dark Aura\n|move|p1a: Solgaleo|Teleport|p1a: Solgaleo\n|\n|t:|1662252833\n|switch|p1a: Pheromosa|Pheromosa|100\/100|[from]move: Teleport\n|\n|upkeep\n|turn|140\n|\n|t:|1662252838\n|move|p2a: Yveltal|Sucker Punch|p1a: Pheromosa\n|-resisted|p1a: Pheromosa\n|-damage|p1a: Pheromosa|50\/100\n|move|p1a: Pheromosa|U-turn|p2a: Yveltal\n|-damage|p2a: Yveltal|72\/100\n|\n|t:|1662252848\n|switch|p1a: Tapu Koko|Tapu Koko|37\/100|[from]move: U-turn\n|-fieldstart|move: Electric Terrain|[from] ability: Electric Surge|[of] p1a: Tapu Koko\n|\n|upkeep\n|turn|141\n|\n|t:|1662252852\n|switch|p1a: Solgaleo|Solgaleo|76\/100 brn\n|switch|p2a: Shedinja|Shedinja|100\/100\n|\n|-damage|p1a: Solgaleo|70\/100 brn|[from] brn\n|upkeep\n|turn|142\n|\n|t:|1662252855\n|switch|p2a: Yveltal|Yveltal|72\/100\n|-ability|p2a: Yveltal|Dark Aura\n|move|p1a: Solgaleo|Future Sight|p2a: Yveltal\n|-start|p1a: Solgaleo|move: Future Sight\n|\n|-damage|p1a: Solgaleo|64\/100 brn|[from] brn\n|upkeep\n|turn|143\n|\n|t:|1662252860\n|move|p2a: Yveltal|Roost|p2a: Yveltal\n|-heal|p2a: Yveltal|100\/100\n|-singleturn|p2a: Yveltal|move: Roost\n|move|p1a: Solgaleo|Teleport|p1a: Solgaleo\n|\n|t:|1662252868\n|switch|p1a: Tapu Koko|Tapu Koko|37\/100|[from]move: Teleport\n|\n|upkeep\n|turn|144\n|\n|t:|1662252873\n|switch|p2a: Chansey|Chansey, F|88\/100\n|move|p1a: Tapu Koko|Thunderbolt|p2a: Chansey\n|-damage|p2a: Chansey|68\/100\n|-status|p2a: Chansey|par\n|\n|-end|p2a: Chansey|move: Future Sight\n|-damage|p2a: Chansey|55\/100 par\n|-fieldend|move: Electric Terrain\n|upkeep\n|turn|145\n|\n|t:|1662252879\n|switch|p1a: Pheromosa|Pheromosa|50\/100\n|move|p2a: Chansey|Soft-Boiled|p2a: Chansey\n|-heal|p2a: Chansey|100\/100 par\n|\n|upkeep\n|turn|146\n|\n|t:|1662252883\n|-curestatus|p2a: Chansey|par|[from] ability: Natural Cure\n|switch|p2a: Toxapex|Toxapex, M|100\/100\n|move|p1a: Pheromosa|U-turn|p2a: Toxapex\n|-resisted|p2a: Toxapex\n|-damage|p2a: Toxapex|89\/100\n|\n|t:|1662252886\n|switch|p1a: Solgaleo|Solgaleo|64\/100 brn|[from]move: U-turn\n|\n|-damage|p1a: Solgaleo|58\/100 brn|[from] brn\n|upkeep\n|turn|147\n|\n|t:|1662252891\n|switch|p2a: Yveltal|Yveltal|100\/100\n|-ability|p2a: Yveltal|Dark Aura\n|move|p1a: Solgaleo|Future Sight|p2a: Yveltal\n|-start|p1a: Solgaleo|move: Future Sight\n|\n|-damage|p1a: Solgaleo|52\/100 brn|[from] brn\n|upkeep\n|turn|148\n|\n|t:|1662252896\n|switch|p1a: Eternatus|Eternatus|57\/100 brn\n|-ability|p1a: Eternatus|Pressure\n|move|p2a: Yveltal|Foul Play|p1a: Eternatus\n|-damage|p1a: Eternatus|38\/100 brn\n|\n|-damage|p1a: Eternatus|32\/100 brn|[from] brn\n|upkeep\n|turn|149\n|\n|t:|1662252902\n|switch|p2a: Chansey|Chansey, F|100\/100\n|move|p1a: Eternatus|Recover|p1a: Eternatus\n|-heal|p1a: Eternatus|82\/100 brn\n|\n|-end|p2a: Chansey|move: Future Sight\n|-damage|p2a: Chansey|87\/100\n|-damage|p1a: Eternatus|76\/100 brn|[from] brn\n|upkeep\n|turn|150\n|\n|t:|1662252909\n|move|p1a: Eternatus|Flamethrower|p2a: Chansey\n|-damage|p2a: Chansey|79\/100\n|move|p2a: Chansey|Seismic Toss|p1a: Eternatus\n|-damage|p1a: Eternatus|55\/100 brn\n|\n|-damage|p1a: Eternatus|49\/100 brn|[from] brn\n|upkeep\n|turn|151\n|\n|t:|1662252912\n|switch|p1a: Solgaleo|Solgaleo|52\/100 brn\n|move|p2a: Chansey|Seismic Toss|p1a: Solgaleo\n|-damage|p1a: Solgaleo|31\/100 brn\n|\n|-damage|p1a: Solgaleo|25\/100 brn|[from] brn\n|upkeep\n|turn|152\n|\n|t:|1662252916\n|move|p1a: Solgaleo|Morning Sun|p1a: Solgaleo\n|-heal|p1a: Solgaleo|75\/100 brn\n|move|p2a: Chansey|Seismic Toss|p1a: Solgaleo\n|-damage|p1a: Solgaleo|54\/100 brn\n|\n|-damage|p1a: Solgaleo|48\/100 brn|[from] brn\n|upkeep\n|turn|153\n|\n|t:|1662252919\n|move|p1a: Solgaleo|Morning Sun|p1a: Solgaleo\n|-heal|p1a: Solgaleo|98\/100 brn\n|move|p2a: Chansey|Seismic Toss|p1a: Solgaleo\n|-damage|p1a: Solgaleo|77\/100 brn\n|\n|-damage|p1a: Solgaleo|71\/100 brn|[from] brn\n|upkeep\n|turn|154\n|\n|t:|1662252921\n|move|p1a: Solgaleo|Future Sight|p2a: Chansey\n|-start|p1a: Solgaleo|move: Future Sight\n|move|p2a: Chansey|Seismic Toss|p1a: Solgaleo\n|-damage|p1a: Solgaleo|50\/100 brn\n|\n|-damage|p1a: Solgaleo|44\/100 brn|[from] brn\n|upkeep\n|turn|155\n|\n|t:|1662252925\n|move|p2a: Chansey|Seismic Toss|p1a: Solgaleo\n|-damage|p1a: Solgaleo|23\/100 brn\n|move|p1a: Solgaleo|Teleport|p1a: Solgaleo\n|\n|t:|1662252929\n|switch|p1a: Pheromosa|Pheromosa|50\/100|[from]move: Teleport\n|\n|upkeep\n|turn|156\n|inactive|Skysolo \u2764 has 270 seconds left.\n|\n|t:|1662252970\n|switch|p2a: Yveltal|Yveltal|100\/100\n|-ability|p2a: Yveltal|Dark Aura\n|move|p1a: Pheromosa|Throat Chop|p2a: Yveltal\n|-resisted|p2a: Yveltal\n|-damage|p2a: Yveltal|85\/100\n|-start|p2a: Yveltal|Throat Chop|[silent]\n|\n|-end|p2a: Yveltal|move: Future Sight\n|-immune|p2a: Yveltal\n|upkeep\n|turn|157\n|inactive|Skysolo \u2764 has 270 seconds left.\n|\n|t:|1662252980\n|switch|p1a: Eternatus|Eternatus|49\/100 brn\n|-ability|p1a: Eternatus|Pressure\n|switch|p2a: Chansey|Chansey, F|79\/100\n|\n|-damage|p1a: Eternatus|42\/100 brn|[from] brn\n|upkeep\n|turn|158\n|\n|t:|1662252985\n|move|p1a: Eternatus|Recover|p1a: Eternatus\n|-heal|p1a: Eternatus|92\/100 brn\n|move|p2a: Chansey|Seismic Toss|p1a: Eternatus\n|-damage|p1a: Eternatus|72\/100 brn\n|\n|-damage|p1a: Eternatus|65\/100 brn|[from] brn\n|upkeep\n|turn|159\n|\n|t:|1662252988\n|switch|p2a: Toxapex|Toxapex, M|100\/100\n|move|p1a: Eternatus|Toxic|p2a: Toxapex\n|-immune|p2a: Toxapex\n|\n|-damage|p1a: Eternatus|59\/100 brn|[from] brn\n|upkeep\n|turn|160\n|\n|t:|1662252991\n|switch|p1a: Solgaleo|Solgaleo|23\/100 brn\n|switch|p2a: Chansey|Chansey, F|79\/100\n|\n|-damage|p1a: Solgaleo|17\/100 brn|[from] brn\n|upkeep\n|turn|161\n|\n|t:|1662252994\n|move|p1a: Solgaleo|Morning Sun|p1a: Solgaleo\n|-heal|p1a: Solgaleo|67\/100 brn\n|move|p2a: Chansey|Seismic Toss|p1a: Solgaleo\n|-damage|p1a: Solgaleo|46\/100 brn\n|\n|-damage|p1a: Solgaleo|40\/100 brn|[from] brn\n|upkeep\n|turn|162\n|\n|t:|1662252998\n|move|p1a: Solgaleo|Future Sight|p2a: Chansey\n|-start|p1a: Solgaleo|move: Future Sight\n|move|p2a: Chansey|Seismic Toss|p1a: Solgaleo\n|-damage|p1a: Solgaleo|19\/100 brn\n|\n|-damage|p1a: Solgaleo|13\/100 brn|[from] brn\n|upkeep\n|turn|163\n|\n|t:|1662253010\n|switch|p1a: Yveltal|Yveltal|12\/100 brn\n|-ability|p1a: Yveltal|Dark Aura\n|move|p2a: Chansey|Seismic Toss|p1a: Yveltal\n|-damage|p1a: Yveltal|0 fnt\n|faint|p1a: Yveltal\n|\n|upkeep\n|\n|t:|1662253013\n|switch|p1a: Pheromosa|Pheromosa|50\/100\n|turn|164\n|\n|t:|1662253024\n|switch|p2a: Lunala|Lunala|88\/100\n|move|p1a: Pheromosa|Triple Axel|p2a: Lunala\n|-crit|p2a: Lunala\n|-damage|p2a: Lunala|81\/100\n|-damage|p2a: Lunala|72\/100\n|-damage|p2a: Lunala|58\/100\n|-hitcount|p2a: Lunala|3\n|\n|-end|p2a: Lunala|move: Future Sight\n|-resisted|p2a: Lunala\n|-damage|p2a: Lunala|42\/100\n|upkeep\n|turn|165\n|\n|t:|1662253030\n|move|p1a: Pheromosa|Triple Axel|p2a: Lunala\n|-damage|p2a: Lunala|37\/100\n|-damage|p2a: Lunala|29\/100\n|-damage|p2a: Lunala|16\/100\n|-hitcount|p2a: Lunala|3\n|move|p2a: Lunala|Roost|p2a: Lunala\n|-heal|p2a: Lunala|66\/100\n|-singleturn|p2a: Lunala|move: Roost\n|\n|upkeep\n|turn|166\n|c|\u2606Skysolo \u2764|yea\n|c|\u2606Skysolo \u2764|gg\n|-message|Skysolo \u2764 forfeited.\n|\n|win|DNNP\n|c|\u2606DNNP|gg\n","uploadtime":1662253042,"views":92,"p1id":"skysolo","p2id":"dnnp","formatid":"gen8ubers","rating":0,"private":0,"password":null}