{"id":"smogtours-gen7ubers-563115","p1":"gostop","p2":"Gondra","format":"gen7ubers","log":"|inactive|Battle timer is ON: inactive players will automatically lose when time's up.\n|t:|1622387480\n|gametype|singles\n|player|p1|gostop|hugh|\n|player|p2|Gondra|101|\n|teamsize|p1|6\n|teamsize|p2|6\n|gen|7\n|tier|[Gen 7] Ubers\n|rule|Sleep Clause Mod: Limit one foe put to sleep\n|rule|Species Clause: Limit one of each Pok\u00e9mon\n|rule|OHKO Clause: OHKO moves are banned\n|rule|Moody Clause: Moody is banned\n|rule|Evasion Moves Clause: Evasion moves are banned\n|rule|Endless Battle Clause: Forcing endless battles is banned\n|rule|HP Percentage Mod: HP is shown in percentages\n|rule|Mega Rayquaza Clause: You cannot mega evolve Rayquaza\n|clearpoke\n|poke|p1|Gengar, F|item\n|poke|p1|Yveltal|item\n|poke|p1|Groudon|item\n|poke|p1|Necrozma-Dusk-Mane|item\n|poke|p1|Arceus-*|item\n|poke|p1|Giratina-Origin|item\n|poke|p2|Ferrothorn, F|item\n|poke|p2|Xerneas|item\n|poke|p2|Necrozma-Dusk-Mane|item\n|poke|p2|Yveltal|item\n|poke|p2|Groudon|item\n|poke|p2|Arceus-*|item\n|teampreview\n|inactive|gostop has 270 seconds left.\n|inactive|Gondra has 270 seconds left.\n|inactive|Gondra has 240 seconds left.\n|c|+Aishia|go china!!!\n|inactive|Gondra has 210 seconds left.\n|c|+Aishia|pierde Gondra :x\n|\n|t:|1622387586\n|start\n|switch|p1a: Yveltal|Yveltal, shiny|100\/100\n|switch|p2a: Yveltal|Yveltal|100\/100\n|-ability|p2a: Yveltal|Dark Aura\n|-ability|p1a: Yveltal|Dark Aura\n|turn|1\n|\n|t:|1622387608\n|move|p2a: Yveltal|Toxic|p1a: Yveltal\n|-status|p1a: Yveltal|tox\n|move|p1a: Yveltal|U-turn|p2a: Yveltal\n|-damage|p2a: Yveltal|73\/100\n|inactive|gostop has 270 seconds left.\n|\n|t:|1622387652\n|switch|p1a: Arceus|Arceus-Fairy, shiny|100\/100|[from]move: U-turn\n|\n|upkeep\n|turn|2\n|\n|t:|1622387669\n|switch|p2a: Arceus|Arceus-Ground|100\/100\n|switch|p1a: Groudon|Groudon, shiny|100\/100\n|detailschange|p1a: Groudon|Groudon-Primal, shiny\n|-primal|p1a: Groudon\n|-weather|DesolateLand|[from] ability: Desolate Land|[of] p1a: Groudon\n|\n|-weather|DesolateLand|[upkeep]\n|upkeep\n|turn|3\n|inactive|gostop has 240 seconds left.\n|c|+Indercover|lgi gostop :)\n|\n|t:|1622387706\n|switch|p2a: Yveltal|Yveltal|73\/100\n|-ability|p2a: Yveltal|Dark Aura\n|-weather|none\n|switch|p1a: Arceus|Arceus-Fairy, shiny|100\/100\n|\n|upkeep\n|turn|4\n|inactive|Gondra has 240 seconds left.\n|\n|t:|1622387730\n|move|p2a: Yveltal|U-turn|p1a: Arceus\n|-resisted|p1a: Arceus\n|-damage|p1a: Arceus|95\/100\n|\n|t:|1622387732\n|switch|p2a: Ferrothorn|Ferrothorn, F|100\/100|[from]move: U-turn\n|move|p1a: Arceus|Judgment|p2a: Ferrothorn\n|-resisted|p2a: Ferrothorn\n|-damage|p2a: Ferrothorn|84\/100\n|\n|-heal|p2a: Ferrothorn|90\/100|[from] item: Leftovers\n|upkeep\n|turn|5\n|\n|t:|1622387743\n|move|p1a: Arceus|Magic Coat|p1a: Arceus\n|-singleturn|p1a: Arceus|move: Magic Coat\n|move|p2a: Ferrothorn|Toxic|p1a: Arceus\n|move|p1a: Arceus|Toxic|p2a: Ferrothorn|[from]Magic Coat\n|-immune|p2a: Ferrothorn\n|\n|-heal|p2a: Ferrothorn|97\/100|[from] item: Leftovers\n|upkeep\n|turn|6\n|inactive|gostop has 240 seconds left.\n|inactive|gostop has 210 seconds left.\n|inactive|Gondra has 240 seconds left.\n|\n|t:|1622387797\n|switch|p1a: Groudon|Groudon-Primal, shiny|100\/100\n|-weather|DesolateLand|[from] ability: Desolate Land|[of] p1a: Groudon\n|move|p2a: Ferrothorn|Leech Seed|p1a: Groudon\n|-start|p1a: Groudon|move: Leech Seed\n|\n|-weather|DesolateLand|[upkeep]\n|-heal|p2a: Ferrothorn|100\/100|[from] item: Leftovers\n|-damage|p1a: Groudon|88\/100|[from] Leech Seed|[of] p2a: Ferrothorn\n|upkeep\n|turn|7\n|\n|t:|1622387824\n|switch|p2a: Yveltal|Yveltal|73\/100\n|-ability|p2a: Yveltal|Dark Aura\n|move|p1a: Groudon|Stealth Rock|p2a: Yveltal\n|-sidestart|p2: Gondra|move: Stealth Rock\n|\n|-weather|DesolateLand|[upkeep]\n|-damage|p1a: Groudon|76\/100|[from] Leech Seed|[of] p2a: Yveltal\n|-heal|p2a: Yveltal|84\/100|[silent]\n|upkeep\n|turn|8\n|inactive|gostop has 180 seconds left.\n|inactive|Gondra has 210 seconds left.\n|\n|t:|1622387869\n|-weather|none\n|switch|p1a: Yveltal|Yveltal, shiny|100\/100 tox\n|-ability|p1a: Yveltal|Dark Aura\n|move|p2a: Yveltal|U-turn|p1a: Yveltal\n|-damage|p1a: Yveltal|81\/100 tox\n|inactive|Gondra has 180 seconds left.\n|\n|t:|1622387886\n|switch|p2a: Groudon|Groudon|100\/100|[from]move: U-turn\n|-damage|p2a: Groudon|94\/100|[from] Stealth Rock\n|detailschange|p2a: Groudon|Groudon-Primal\n|-primal|p2a: Groudon\n|-weather|DesolateLand|[from] ability: Desolate Land|[of] p2a: Groudon\n|\n|-weather|DesolateLand|[upkeep]\n|-damage|p1a: Yveltal|75\/100 tox|[from] psn\n|upkeep\n|turn|9\n|inactive|Gondra has 180 seconds left.\n|\n|t:|1622387909\n|move|p1a: Yveltal|U-turn|p2a: Groudon\n|-resisted|p2a: Groudon\n|-damage|p2a: Groudon|81\/100\n|\n|t:|1622387914\n|switch|p1a: Giratina|Giratina-Origin, shiny|100\/100|[from]move: U-turn\n|move|p2a: Groudon|Stealth Rock|p1a: Giratina\n|-sidestart|p1: gostop|move: Stealth Rock\n|\n|-weather|DesolateLand|[upkeep]\n|upkeep\n|turn|10\n|inactive|Gondra has 180 seconds left.\n|inactive|gostop has 150 seconds left.\n|inactive|Gondra has 150 seconds left.\n|\n|t:|1622387977\n|-weather|none\n|switch|p2a: Ferrothorn|Ferrothorn, F|100\/100\n|-damage|p2a: Ferrothorn|94\/100|[from] Stealth Rock\n|move|p1a: Giratina|Will-O-Wisp|p2a: Ferrothorn|[miss]\n|-miss|p1a: Giratina|p2a: Ferrothorn\n|\n|-heal|p2a: Ferrothorn|100\/100|[from] item: Leftovers\n|upkeep\n|turn|11\n|inactive|gostop has 120 seconds left.\n|\n|t:|1622388014\n|move|p1a: Giratina|Will-O-Wisp|p2a: Ferrothorn\n|-status|p2a: Ferrothorn|brn\n|move|p2a: Ferrothorn|Toxic|p1a: Giratina\n|-status|p1a: Giratina|tox\n|\n|-damage|p1a: Giratina|94\/100 tox|[from] psn\n|-damage|p2a: Ferrothorn|94\/100 brn|[from] brn\n|upkeep\n|turn|12\n|inactive|gostop has 90 seconds left.\n|\n|t:|1622388065\n|switch|p1a: Gengar|Gengar, F, shiny|100\/100\n|-damage|p1a: Gengar|88\/100|[from] Stealth Rock\n|move|p2a: Ferrothorn|Leech Seed|p1a: Gengar\n|-start|p1a: Gengar|move: Leech Seed\n|\n|-heal|p2a: Ferrothorn|100\/100 brn|[from] item: Leftovers\n|-damage|p1a: Gengar|76\/100|[from] Leech Seed|[of] p2a: Ferrothorn\n|-damage|p2a: Ferrothorn|94\/100 brn|[from] brn\n|upkeep\n|turn|13\n|inactive|gostop has 60 seconds left.\n|inactive|Gondra has 120 seconds left.\n|\n|t:|1622388106\n|switch|p2a: Yveltal|Yveltal|84\/100\n|-damage|p2a: Yveltal|59\/100|[from] Stealth Rock\n|-ability|p2a: Yveltal|Dark Aura\n|detailschange|p1a: Gengar|Gengar-Mega, F, shiny\n|-mega|p1a: Gengar|Gengar|Gengarite\n|move|p1a: Gengar|Focus Blast|p2a: Yveltal\n|-damage|p2a: Yveltal|23\/100\n|\n|-damage|p1a: Gengar|64\/100|[from] Leech Seed|[of] p2a: Yveltal\n|-heal|p2a: Yveltal|30\/100|[silent]\n|upkeep\n|turn|14\n|inactive|gostop has 30 seconds left.\n|inactive|gostop has 20 seconds left.\n|\n|t:|1622388147\n|switch|p1a: Arceus|Arceus-Fairy, shiny|95\/100\n|-damage|p1a: Arceus|82\/100|[from] Stealth Rock\n|move|p2a: Yveltal|U-turn|p1a: Arceus\n|-resisted|p1a: Arceus\n|-damage|p1a: Arceus|77\/100\n|inactive|gostop has 25 seconds left this turn.\n|\n|t:|1622388159\n|switch|p2a: Ferrothorn|Ferrothorn, F|94\/100 brn|[from]move: U-turn\n|-damage|p2a: Ferrothorn|88\/100 brn|[from] Stealth Rock\n|\n|-heal|p2a: Ferrothorn|94\/100 brn|[from] item: Leftovers\n|-damage|p2a: Ferrothorn|88\/100 brn|[from] brn\n|upkeep\n|turn|15\n|inactive|gostop has 30 seconds left.\n|\n|t:|1622388168\n|move|p1a: Arceus|Magic Coat|p1a: Arceus\n|-singleturn|p1a: Arceus|move: Magic Coat\n|move|p2a: Ferrothorn|Leech Seed|p1a: Arceus\n|move|p1a: Arceus|Leech Seed|p2a: Ferrothorn|[from]Magic Coat\n|-immune|p2a: Ferrothorn\n|\n|-heal|p2a: Ferrothorn|94\/100 brn|[from] item: Leftovers\n|-damage|p2a: Ferrothorn|88\/100 brn|[from] brn\n|upkeep\n|turn|16\n|\n|t:|1622388178\n|move|p1a: Arceus|Magic Coat|p1a: Arceus\n|-singleturn|p1a: Arceus|move: Magic Coat\n|move|p2a: Ferrothorn|Leech Seed|p1a: Arceus\n|move|p1a: Arceus|Leech Seed|p2a: Ferrothorn|[from]Magic Coat\n|-immune|p2a: Ferrothorn\n|\n|-heal|p2a: Ferrothorn|94\/100 brn|[from] item: Leftovers\n|-damage|p2a: Ferrothorn|88\/100 brn|[from] brn\n|upkeep\n|turn|17\n|inactive|gostop has 30 seconds left.\n|\n|t:|1622388195\n|move|p1a: Arceus|Magic Coat|p1a: Arceus\n|-singleturn|p1a: Arceus|move: Magic Coat\n|move|p2a: Ferrothorn|Leech Seed|p1a: Arceus\n|move|p1a: Arceus|Leech Seed|p2a: Ferrothorn|[from]Magic Coat\n|-immune|p2a: Ferrothorn\n|\n|-heal|p2a: Ferrothorn|94\/100 brn|[from] item: Leftovers\n|-damage|p2a: Ferrothorn|88\/100 brn|[from] brn\n|upkeep\n|turn|18\n|\n|t:|1622388203\n|move|p1a: Arceus|Magic Coat|p1a: Arceus\n|-singleturn|p1a: Arceus|move: Magic Coat\n|move|p2a: Ferrothorn|Gyro Ball|p1a: Arceus\n|-supereffective|p1a: Arceus\n|-damage|p1a: Arceus|48\/100\n|\n|-heal|p2a: Ferrothorn|94\/100 brn|[from] item: Leftovers\n|-damage|p2a: Ferrothorn|88\/100 brn|[from] brn\n|upkeep\n|turn|19\n|\n|t:|1622388209\n|move|p1a: Arceus|Recover|p1a: Arceus\n|-heal|p1a: Arceus|98\/100\n|move|p2a: Ferrothorn|Toxic|p1a: Arceus\n|-status|p1a: Arceus|tox\n|\n|-heal|p2a: Ferrothorn|94\/100 brn|[from] item: Leftovers\n|-damage|p1a: Arceus|92\/100 tox|[from] psn\n|-damage|p2a: Ferrothorn|88\/100 brn|[from] brn\n|upkeep\n|turn|20\n|\n|t:|1622388228\n|switch|p1a: Groudon|Groudon-Primal, shiny|76\/100\n|-damage|p1a: Groudon|63\/100|[from] Stealth Rock\n|-weather|DesolateLand|[from] ability: Desolate Land|[of] p1a: Groudon\n|move|p2a: Ferrothorn|Leech Seed|p1a: Groudon\n|-start|p1a: Groudon|move: Leech Seed\n|\n|-weather|DesolateLand|[upkeep]\n|-heal|p2a: Ferrothorn|94\/100 brn|[from] item: Leftovers\n|-damage|p1a: Groudon|51\/100|[from] Leech Seed|[of] p2a: Ferrothorn\n|-heal|p2a: Ferrothorn|100\/100 brn|[silent]\n|-damage|p2a: Ferrothorn|94\/100 brn|[from] brn\n|upkeep\n|turn|21\n|inactive|Gondra has 150 seconds left.\n|inactive|gostop has 30 seconds left.\n|inactive|gostop has 20 seconds left.\n|\n|t:|1622388254\n|switch|p2a: Arceus|Arceus-Ground|100\/100\n|-damage|p2a: Arceus|94\/100|[from] Stealth Rock\n|move|p1a: Groudon|Toxic|p2a: Arceus|[miss]\n|-miss|p1a: Groudon|p2a: Arceus\n|\n|-weather|DesolateLand|[upkeep]\n|-damage|p1a: Groudon|38\/100|[from] Leech Seed|[of] p2a: Arceus\n|-heal|p2a: Arceus|100\/100|[silent]\n|upkeep\n|turn|22\n|inactive|gostop has 30 seconds left this turn.\n|inactive|Gondra has 150 seconds left.\n|inactive|gostop has 20 seconds left.\n|inactive|gostop has 15 seconds left.\n|inactive|gostop has 10 seconds left.\n|\n|t:|1622388275\n|-weather|none\n|switch|p1a: Giratina|Giratina-Origin, shiny|94\/100 tox\n|-damage|p1a: Giratina|82\/100 tox|[from] Stealth Rock\n|move|p2a: Arceus|Ice Beam|p1a: Giratina\n|-supereffective|p1a: Giratina\n|-damage|p1a: Giratina|52\/100 tox\n|\n|-damage|p1a: Giratina|46\/100 tox|[from] psn\n|upkeep\n|turn|23\n|inactive|gostop has 20 seconds left this turn.\n|inactive|gostop has 15 seconds left.\n|inactive|Gondra has 150 seconds left.\n|inactive|gostop has 10 seconds left.\n|inactive|gostop has 5 seconds left.\n|\n|t:|1622388291\n|switch|p2a: Ferrothorn|Ferrothorn, F|94\/100 brn\n|-damage|p2a: Ferrothorn|88\/100 brn|[from] Stealth Rock\n|move|p1a: Giratina|Will-O-Wisp|p2a: Ferrothorn|[miss]\n|-miss|p1a: Giratina|p2a: Ferrothorn\n|\n|-heal|p2a: Ferrothorn|94\/100 brn|[from] item: Leftovers\n|-damage|p1a: Giratina|34\/100 tox|[from] psn\n|-damage|p2a: Ferrothorn|88\/100 brn|[from] brn\n|upkeep\n|turn|24\n|inactive|gostop has 15 seconds left this turn.\n|\n|t:|1622388294\n|switch|p2a: Arceus|Arceus-Ground|100\/100\n|-damage|p2a: Arceus|94\/100|[from] Stealth Rock\n|move|p1a: Giratina|Hex|p2a: Arceus\n|-damage|p2a: Arceus|69\/100\n|\n|-damage|p1a: Giratina|16\/100 tox|[from] psn\n|upkeep\n|turn|25\n|inactive|gostop has 25 seconds left this turn.\n|inactive|gostop has 20 seconds left.\n|inactive|gostop has 15 seconds left.\n|inactive|gostop has 10 seconds left.\n|\n|t:|1622388311\n|move|p2a: Arceus|Ice Beam|p1a: Giratina\n|-supereffective|p1a: Giratina\n|-damage|p1a: Giratina|0 fnt\n|faint|p1a: Giratina\n|\n|upkeep\n|inactive|gostop has 15 seconds left this turn.\n|inactive|gostop has 10 seconds left.\n|\n|t:|1622388317\n|switch|p1a: Arceus|Arceus-Fairy, shiny|92\/100 tox\n|-damage|p1a: Arceus|79\/100 tox|[from] Stealth Rock\n|turn|26\n|inactive|gostop has 20 seconds left this turn.\n|inactive|gostop has 15 seconds left.\n|inactive|gostop has 10 seconds left.\n|\n|t:|1622388328\n|move|p1a: Arceus|Toxic|p2a: Arceus\n|-status|p2a: Arceus|tox\n|move|p2a: Arceus|Recover|p2a: Arceus\n|-heal|p2a: Arceus|100\/100 tox\n|\n|-damage|p1a: Arceus|73\/100 tox|[from] psn\n|-damage|p2a: Arceus|94\/100 tox|[from] psn\n|upkeep\n|turn|27\n|inactive|gostop has 20 seconds left this turn.\n|inactive|gostop has 15 seconds left.\n|inactive|Gondra has 180 seconds left.\n|inactive|gostop has 10 seconds left.\n|\n|t:|1622388338\n|move|p1a: Arceus|Recover|p1a: Arceus\n|-heal|p1a: Arceus|100\/100 tox\n|move|p2a: Arceus|Judgment|p1a: Arceus\n|-damage|p1a: Arceus|70\/100 tox\n|\n|-damage|p1a: Arceus|58\/100 tox|[from] psn\n|-damage|p2a: Arceus|82\/100 tox|[from] psn\n|upkeep\n|turn|28\n|inactive|gostop has 20 seconds left this turn.\n|inactive|gostop has 15 seconds left.\n|\n|t:|1622388344\n|switch|p2a: Ferrothorn|Ferrothorn, F|88\/100 brn\n|-damage|p2a: Ferrothorn|82\/100 brn|[from] Stealth Rock\n|move|p1a: Arceus|Recover|p1a: Arceus\n|-heal|p1a: Arceus|100\/100 tox\n|\n|-heal|p2a: Ferrothorn|88\/100 brn|[from] item: Leftovers\n|-damage|p1a: Arceus|82\/100 tox|[from] psn\n|-damage|p2a: Ferrothorn|82\/100 brn|[from] brn\n|upkeep\n|turn|29\n|inactive|gostop has 25 seconds left this turn.\n|inactive|gostop has 20 seconds left.\n|\n|t:|1622388355\n|switch|p1a: Groudon|Groudon-Primal, shiny|38\/100\n|-damage|p1a: Groudon|26\/100|[from] Stealth Rock\n|-weather|DesolateLand|[from] ability: Desolate Land|[of] p1a: Groudon\n|move|p2a: Ferrothorn|Leech Seed|p1a: Groudon\n|-start|p1a: Groudon|move: Leech Seed\n|\n|-weather|DesolateLand|[upkeep]\n|-heal|p2a: Ferrothorn|88\/100 brn|[from] item: Leftovers\n|-damage|p1a: Groudon|14\/100|[from] Leech Seed|[of] p2a: Ferrothorn\n|-heal|p2a: Ferrothorn|100\/100 brn|[silent]\n|-damage|p2a: Ferrothorn|94\/100 brn|[from] brn\n|upkeep\n|turn|30\n|inactive|gostop has 30 seconds left this turn.\n|\n|t:|1622388362\n|switch|p2a: Arceus|Arceus-Ground|82\/100 tox\n|-damage|p2a: Arceus|76\/100 tox|[from] Stealth Rock\n|move|p1a: Groudon|Overheat|p2a: Arceus|[miss]\n|-miss|p1a: Groudon|p2a: Arceus\n|\n|-weather|DesolateLand|[upkeep]\n|-damage|p1a: Groudon|1\/100|[from] Leech Seed|[of] p2a: Arceus\n|-heal|p2a: Arceus|87\/100 tox|[silent]\n|-damage|p2a: Arceus|81\/100 tox|[from] psn\n|upkeep\n|turn|31\n|inactive|gostop has 30 seconds left.\n|\n|t:|1622388371\n|move|p2a: Arceus|Ice Beam|p1a: Groudon\n|-damage|p1a: Groudon|0 fnt\n|faint|p1a: Groudon\n|-weather|none\n|\n|-damage|p2a: Arceus|69\/100 tox|[from] psn\n|upkeep\n|inactive|gostop has 30 seconds left.\n|c|+Aishia|._.\n|inactive|gostop has 20 seconds left.\n|inactive|gostop has 15 seconds left.\n|inactive|gostop has 10 seconds left.\n|\n|t:|1622388397\n|switch|p1a: Necrozma|Necrozma-Dusk-Mane|100\/100\n|-damage|p1a: Necrozma|94\/100|[from] Stealth Rock\n|turn|32\n|inactive|gostop has 20 seconds left this turn.\n|inactive|gostop has 15 seconds left.\n|\n|t:|1622388416\n|move|p1a: Necrozma|Earthquake|p2a: Arceus\n|-crit|p2a: Arceus\n|-damage|p2a: Arceus|36\/100 tox\n|move|p2a: Arceus|Roar|p1a: Necrozma\n|drag|p1a: Arceus|Arceus-Fairy, shiny|82\/100 tox\n|-damage|p1a: Arceus|70\/100 tox|[from] Stealth Rock\n|\n|-damage|p1a: Arceus|64\/100 tox|[from] psn\n|-damage|p2a: Arceus|17\/100 tox|[from] psn\n|upkeep\n|turn|33\n|inactive|gostop has 25 seconds left this turn.\n|inactive|gostop has 20 seconds left.\n|\n|t:|1622388436\n|switch|p2a: Ferrothorn|Ferrothorn, F|94\/100 brn\n|-damage|p2a: Ferrothorn|88\/100 brn|[from] Stealth Rock\n|move|p1a: Arceus|Judgment|p2a: Ferrothorn\n|-resisted|p2a: Ferrothorn\n|-damage|p2a: Ferrothorn|74\/100 brn\n|\n|-heal|p2a: Ferrothorn|80\/100 brn|[from] item: Leftovers\n|-damage|p1a: Arceus|52\/100 tox|[from] psn\n|-damage|p2a: Ferrothorn|74\/100 brn|[from] brn\n|upkeep\n|turn|34\n|inactive|gostop has 30 seconds left this turn.\n|inactive|gostop has 20 seconds left.\n|inactive|gostop has 15 seconds left.\n|\n|t:|1622388452\n|switch|p1a: Yveltal|Yveltal, shiny|75\/100 tox\n|-damage|p1a: Yveltal|50\/100 tox|[from] Stealth Rock\n|-ability|p1a: Yveltal|Dark Aura\n|move|p2a: Ferrothorn|Spikes|p1a: Yveltal\n|-sidestart|p1: gostop|Spikes\n|\n|-heal|p2a: Ferrothorn|80\/100 brn|[from] item: Leftovers\n|-damage|p1a: Yveltal|44\/100 tox|[from] psn\n|-damage|p2a: Ferrothorn|74\/100 brn|[from] brn\n|upkeep\n|turn|35\n|inactive|gostop has 25 seconds left this turn.\n|inactive|gostop has 20 seconds left.\n|inactive|gostop has 15 seconds left.\n|inactive|Gondra has 180 seconds left.\n|\n|t:|1622388469\n|move|p1a: Yveltal|Knock Off|p2a: Ferrothorn\n|-damage|p2a: Ferrothorn|0 fnt\n|-damage|p1a: Yveltal|32\/100 tox|[from] ability: Iron Barbs|[of] p2a: Ferrothorn\n|-enditem|p2a: Ferrothorn|Leftovers|[from] move: Knock Off|[of] p1a: Yveltal\n|faint|p2a: Ferrothorn\n|\n|-damage|p1a: Yveltal|19\/100 tox|[from] psn\n|upkeep\n|inactive|gostop has 20 seconds left this turn.\n|inactive|Gondra has 180 seconds left.\n|c|\u2606gostop|\u3002\n|\n|t:|1622388491\n|switch|p2a: Xerneas|Xerneas|100\/100\n|-damage|p2a: Xerneas|88\/100|[from] Stealth Rock\n|-ability|p2a: Xerneas|Fairy Aura\n|turn|36\n|inactive|gostop has 30 seconds left this turn.\n|\n|t:|1622388502\n|switch|p1a: Necrozma|Necrozma-Dusk-Mane|94\/100\n|-damage|p1a: Necrozma|82\/100|[from] Spikes\n|-damage|p1a: Necrozma|76\/100|[from] Stealth Rock\n|move|p2a: Xerneas|Geomancy||[still]\n|-prepare|p2a: Xerneas|Geomancy\n|-enditem|p2a: Xerneas|Power Herb\n|-anim|p2a: Xerneas|Geomancy|p2a: Xerneas\n|-boost|p2a: Xerneas|spa|2\n|-boost|p2a: Xerneas|spd|2\n|-boost|p2a: Xerneas|spe|2\n|\n|upkeep\n|turn|37\n|inactive|gostop has 30 seconds left.\n|\n|t:|1622388512\n|move|p2a: Xerneas|Hidden Power|p1a: Necrozma\n|-supereffective|p1a: Necrozma\n|-crit|p1a: Necrozma\n|-damage|p1a: Necrozma|8\/100\n|-zpower|p1a: Necrozma\n|move|p1a: Necrozma|Searing Sunraze Smash|p2a: Xerneas|[zeffect]\n|-supereffective|p2a: Xerneas\n|-damage|p2a: Xerneas|0 fnt\n|faint|p2a: Xerneas\n|\n|upkeep\n|\n|t:|1622388532\n|switch|p2a: Arceus|Arceus-Ground|17\/100 tox\n|-damage|p2a: Arceus|11\/100 tox|[from] Stealth Rock\n|turn|38\n|\n|t:|1622388543\n|move|p2a: Arceus|Judgment|p1a: Necrozma\n|-supereffective|p1a: Necrozma\n|-damage|p1a: Necrozma|0 fnt\n|faint|p1a: Necrozma\n|\n|-damage|p2a: Arceus|5\/100 tox|[from] psn\n|upkeep\n|\n|t:|1622388552\n|switch|p1a: Gengar|Gengar-Mega, F, shiny|64\/100\n|-damage|p1a: Gengar|51\/100|[from] Spikes\n|-damage|p1a: Gengar|39\/100|[from] Stealth Rock\n|turn|39\n|inactive|Gondra has 150 seconds left.\n|\n|t:|1622388582\n|move|p1a: Gengar|Shadow Ball|p2a: Arceus\n|-damage|p2a: Arceus|0 fnt\n|faint|p2a: Arceus\n|\n|upkeep\n|inactive|Gondra has 150 seconds left.\n|\n|t:|1622388591\n|switch|p2a: Groudon|Groudon-Primal|81\/100\n|-damage|p2a: Groudon|68\/100|[from] Stealth Rock\n|-weather|DesolateLand|[from] ability: Desolate Land|[of] p2a: Groudon\n|turn|40\n|inactive|Gondra has 150 seconds left.\n|\n|t:|1622388611\n|switch|p1a: Yveltal|Yveltal, shiny|19\/100 tox\n|-damage|p1a: Yveltal|0 fnt|[from] Stealth Rock\n|faint|p1a: Yveltal\n|move|p2a: Groudon|Rock Tomb|p1: Yveltal|[notarget]\n|-fail|p2a: Groudon\n|\n|-weather|DesolateLand|[upkeep]\n|upkeep\n|\n|t:|1622388619\n|switch|p1a: Arceus|Arceus-Fairy, shiny|52\/100 tox\n|-damage|p1a: Arceus|39\/100 tox|[from] Stealth Rock\n|-damage|p1a: Arceus|27\/100 tox|[from] Spikes\n|turn|41\n|inactive|Gondra has 150 seconds left.\n|\n|t:|1622388648\n|move|p1a: Arceus|Judgment|p2a: Groudon\n|-resisted|p2a: Groudon\n|-damage|p2a: Groudon|46\/100\n|move|p2a: Groudon|Overheat|p1a: Arceus\n|-damage|p1a: Arceus|0 fnt\n|-unboost|p2a: Groudon|spa|2\n|faint|p1a: Arceus\n|\n|-weather|DesolateLand|[upkeep]\n|upkeep\n|\n|t:|1622388657\n|switch|p1a: Gengar|Gengar-Mega, F, shiny|39\/100\n|-damage|p1a: Gengar|27\/100|[from] Stealth Rock\n|-damage|p1a: Gengar|15\/100|[from] Spikes\n|turn|42\n|\n|t:|1622388659\n|move|p1a: Gengar|Shadow Ball|p2a: Groudon\n|-damage|p2a: Groudon|0 fnt\n|faint|p2a: Groudon\n|-weather|none\n|\n|upkeep\n|\n|t:|1622388662\n|switch|p2a: Yveltal|Yveltal|30\/100\n|-damage|p2a: Yveltal|6\/100|[from] Stealth Rock\n|-ability|p2a: Yveltal|Dark Aura\n|turn|43\n|inactive|gostop has 60 seconds left.\n|\n|t:|1622388675\n|move|p2a: Yveltal|Foul Play|p1a: Gengar\n|-supereffective|p1a: Gengar\n|-damage|p1a: Gengar|0 fnt\n|faint|p1a: Gengar\n|\n|win|Gondra\n|c|\u2606Gondra|gg apologies\n","uploadtime":1622388676,"views":910,"p1id":"gostop","p2id":"gondra","formatid":"gen7ubers","rating":0,"private":0,"password":null}