{"id":"smogtours-gen8lc-598433","p1":"Laroxyl","p2":"Sciroccoo","format":"gen8lc","log":"|inactive|Battle timer is ON: inactive players will automatically lose when time's up.\n|t:|1639930777\n|gametype|singles\n|player|p1|Laroxyl|#scl1spartans|\n|player|p2|Sciroccoo|#fcl8skystrikers|\n|teamsize|p1|6\n|teamsize|p2|6\n|gen|8\n|tier|[Gen 8] LC\n|rule|Sleep Clause Mod: Limit one foe put to sleep\n|rule|Species Clause: Limit one of each Pok\u00e9mon\n|rule|OHKO Clause: OHKO moves are banned\n|rule|Evasion Moves Clause: Evasion moves are banned\n|rule|Endless Battle Clause: Forcing endless battles is banned\n|rule|HP Percentage Mod: HP is shown in percentages\n|rule|Dynamax Clause: You cannot dynamax\n|clearpoke\n|poke|p1|Munchlax, L5, F|\n|poke|p1|Mareanie, L5, F|\n|poke|p1|Ferroseed, L5, F|\n|poke|p1|Larvesta, L5, M|\n|poke|p1|Timburr, L5, F|\n|poke|p1|Ponyta-Galar, L5, F|\n|poke|p2|Carvanha, L5, M|\n|poke|p2|Koffing, L5, M|\n|poke|p2|Ferroseed, L5, F|\n|poke|p2|Natu, L5, F|\n|poke|p2|Staryu, L5|\n|poke|p2|Mienfoo, L5, M|\n|teampreview\n|c|\u2606Sciroccoo|hf\n|c|\u2606Laroxyl|hf\n|inactive|Laroxyl has 270 seconds left.\n|\n|t:|1639930812\n|start\n|switch|p1a: Mareanie|Mareanie, L5, F|100\/100\n|switch|p2a: Mienfoo|Mienfoo, L5, M|100\/100\n|turn|1\n|c|+TaoTDW|ALLER SCIRO\n|\n|t:|1639930826\n|switch|p1a: Larvesta|Larvesta, L5, M|100\/100\n|move|p2a: Mienfoo|Fake Out|p1a: Larvesta\n|-damage|p1a: Larvesta|82\/100\n|-status|p2a: Mienfoo|brn|[from] ability: Flame Body|[of] p1a: Larvesta\n|\n|-damage|p2a: Mienfoo|96\/100 brn|[from] brn\n|upkeep\n|turn|2\n|c|+Skyrio|Circuit ?\n|c|\u2606Sciroccoo|oui\n|\n|t:|1639930840\n|move|p1a: Larvesta|U-turn|p2a: Mienfoo\n|-resisted|p2a: Mienfoo\n|-damage|p2a: Mienfoo|81\/100 brn\n|c|+Skyrio|GOGOGO SCIRO\n|\n|t:|1639930845\n|switch|p1a: Mareanie|Mareanie, L5, F|100\/100|[from]move: U-turn\n|move|p2a: Mienfoo|Knock Off|p1a: Mareanie\n|-damage|p1a: Mareanie|88\/100\n|-enditem|p1a: Mareanie|Eviolite|[from] move: Knock Off|[of] p2a: Mienfoo\n|\n|-damage|p2a: Mienfoo|77\/100 brn|[from] brn\n|upkeep\n|turn|3\n|\n|t:|1639930850\n|move|p2a: Mienfoo|U-turn|p1a: Mareanie\n|-resisted|p1a: Mareanie\n|-damage|p1a: Mareanie|84\/100\n|\n|t:|1639930853\n|switch|p2a: Ferroseed|Ferroseed, L5, F|100\/100|[from]move: U-turn\n|move|p1a: Mareanie|Knock Off|p2a: Ferroseed\n|-damage|p2a: Ferroseed|87\/100\n|-damage|p1a: Mareanie|71\/100|[from] ability: Iron Barbs|[of] p2a: Ferroseed\n|-enditem|p2a: Ferroseed|Eviolite|[from] move: Knock Off|[of] p1a: Mareanie\n|\n|upkeep\n|turn|4\n|\n|t:|1639930860\n|switch|p1a: Timburr|Timburr, L5, F|100\/100\n|move|p2a: Ferroseed|Thunder Wave|p1a: Timburr\n|-status|p1a: Timburr|par\n|\n|upkeep\n|turn|5\n|\n|t:|1639930867\n|switch|p2a: Koffing|Koffing, L5, M|100\/100\n|-ability|p2a: Koffing|Neutralizing Gas\n|move|p1a: Timburr|Knock Off|p2a: Koffing\n|-damage|p2a: Koffing|72\/100\n|-enditem|p2a: Koffing|Eviolite|[from] move: Knock Off|[of] p1a: Timburr\n|\n|upkeep\n|turn|6\n|\n|t:|1639930878\n|switch|p1a: Ponyta|Ponyta-Galar, L5, F|100\/100\n|move|p2a: Koffing|Sludge Bomb|p1a: Ponyta\n|-damage|p1a: Ponyta|58\/100\n|\n|upkeep\n|turn|7\n|\n|t:|1639930902\n|-end|p2a: Koffing|ability: Neutralizing Gas\n|switch|p2a: Natu|Natu, L5, F|100\/100\n|move|p1a: Ponyta|Morning Sun|p1a: Ponyta\n|-heal|p1a: Ponyta|100\/100\n|\n|upkeep\n|turn|8\n|inactive|Laroxyl has 270 seconds left.\n|\n|t:|1639930935\n|switch|p1a: Munchlax|Munchlax, L5, F, shiny|100\/100\n|move|p2a: Natu|U-turn|p1a: Munchlax\n|-damage|p1a: Munchlax|87\/100\n|\n|t:|1639930942\n|switch|p2a: Mienfoo|Mienfoo, L5, M|100\/100 brn|[from]move: U-turn\n|\n|-damage|p2a: Mienfoo|96\/100 brn|[from] brn\n|upkeep\n|turn|9\n|inactive|Laroxyl has 270 seconds left.\n|\n|t:|1639930948\n|switch|p1a: Larvesta|Larvesta, L5, M|82\/100\n|move|p2a: Mienfoo|U-turn|p1a: Larvesta\n|-resisted|p1a: Larvesta\n|-damage|p1a: Larvesta|78\/100\n|\n|t:|1639930954\n|switch|p2a: Staryu|Staryu, L5|100\/100|[from]move: U-turn\n|\n|upkeep\n|turn|10\n|\n|t:|1639930965\n|move|p1a: Larvesta|U-turn|p2a: Staryu\n|-damage|p2a: Staryu|64\/100\n|\n|t:|1639930979\n|switch|p1a: Ferroseed|Ferroseed, L5, F|100\/100|[from]move: U-turn\n|move|p2a: Staryu|Ice Beam|p1a: Ferroseed\n|-damage|p1a: Ferroseed|73\/100\n|\n|upkeep\n|turn|11\n|\n|t:|1639930993\n|switch|p2a: Natu|Natu, L5, F|100\/100\n|move|p1a: Ferroseed|Knock Off|p2a: Natu\n|-supereffective|p2a: Natu\n|-crit|p2a: Natu\n|-damage|p2a: Natu|43\/100\n|-enditem|p2a: Natu|Eviolite|[from] move: Knock Off|[of] p1a: Ferroseed\n|\n|upkeep\n|turn|12\n|\n|t:|1639931006\n|move|p2a: Natu|Roost|p2a: Natu\n|-heal|p2a: Natu|96\/100\n|-singleturn|p2a: Natu|move: Roost\n|move|p1a: Ferroseed|Giga Drain|p2a: Natu\n|-damage|p2a: Natu|53\/100\n|-heal|p1a: Ferroseed|96\/100|[from] drain|[of] p2a: Natu\n|\n|upkeep\n|turn|13\n|\n|t:|1639931016\n|switch|p1a: Munchlax|Munchlax, L5, F, shiny|87\/100\n|move|p2a: Natu|Roost|p2a: Natu\n|-heal|p2a: Natu|100\/100\n|-singleturn|p2a: Natu|move: Roost\n|\n|upkeep\n|turn|14\n|inactive|Laroxyl has 270 seconds left.\n|\n|t:|1639931042\n|move|p2a: Natu|U-turn|p1a: Munchlax\n|-damage|p1a: Munchlax|74\/100\n|\n|t:|1639931044\n|switch|p2a: Mienfoo|Mienfoo, L5, M|100\/100 brn|[from]move: U-turn\n|move|p1a: Munchlax|Fire Punch|p2a: Mienfoo\n|-damage|p2a: Mienfoo|77\/100 brn\n|\n|-damage|p2a: Mienfoo|72\/100 brn|[from] brn\n|upkeep\n|turn|15\n|\n|t:|1639931050\n|switch|p1a: Larvesta|Larvesta, L5, M|78\/100\n|move|p2a: Mienfoo|U-turn|p1a: Larvesta\n|-resisted|p1a: Larvesta\n|-damage|p1a: Larvesta|73\/100\n|\n|t:|1639931058\n|switch|p2a: Staryu|Staryu, L5|64\/100|[from]move: U-turn\n|\n|upkeep\n|turn|16\n|\n|t:|1639931065\n|switch|p2a: Ferroseed|Ferroseed, L5, F|87\/100\n|move|p1a: Larvesta|Wild Charge|p2a: Ferroseed\n|-resisted|p2a: Ferroseed\n|-damage|p2a: Ferroseed|73\/100\n|-damage|p1a: Larvesta|64\/100|[from] ability: Iron Barbs|[of] p2a: Ferroseed\n|-damage|p1a: Larvesta|60\/100|[from] Recoil\n|\n|upkeep\n|turn|17\n|\n|t:|1639931075\n|switch|p1a: Timburr|Timburr, L5, F|100\/100 par\n|move|p2a: Ferroseed|Knock Off|p1a: Timburr\n|-resisted|p1a: Timburr\n|-damage|p1a: Timburr|92\/100 par\n|-enditem|p1a: Timburr|Eviolite|[from] move: Knock Off|[of] p2a: Ferroseed\n|\n|upkeep\n|turn|18\n|\n|t:|1639931089\n|switch|p2a: Koffing|Koffing, L5, M|72\/100\n|-ability|p2a: Koffing|Neutralizing Gas\n|cant|p1a: Timburr|par\n|\n|upkeep\n|turn|19\n|\n|t:|1639931104\n|-end|p2a: Koffing|ability: Neutralizing Gas\n|switch|p2a: Natu|Natu, L5, F|100\/100\n|switch|p1a: Munchlax|Munchlax, L5, F, shiny|74\/100\n|\n|upkeep\n|turn|20\n|\n|t:|1639931119\n|move|p2a: Natu|U-turn|p1a: Munchlax\n|-damage|p1a: Munchlax|60\/100\n|\n|t:|1639931122\n|switch|p2a: Mienfoo|Mienfoo, L5, M|100\/100 brn|[from]move: U-turn\n|move|p1a: Munchlax|Facade|p2a: Mienfoo\n|-damage|p2a: Mienfoo|58\/100 brn\n|\n|-damage|p2a: Mienfoo|53\/100 brn|[from] brn\n|upkeep\n|turn|21\n|\n|t:|1639931130\n|switch|p1a: Larvesta|Larvesta, L5, M|60\/100\n|move|p2a: Mienfoo|U-turn|p1a: Larvesta\n|-resisted|p1a: Larvesta\n|-damage|p1a: Larvesta|55\/100\n|\n|t:|1639931142\n|switch|p2a: Carvanha|Carvanha, L5, M|100\/100|[from]move: U-turn\n|\n|upkeep\n|turn|22\n|\n|t:|1639931150\n|switch|p1a: Ferroseed|Ferroseed, L5, F|96\/100\n|switch|p2a: Koffing|Koffing, L5, M|72\/100\n|-ability|p2a: Koffing|Neutralizing Gas\n|\n|upkeep\n|turn|23\n|inactive|Laroxyl has 270 seconds left.\n|inactive|Laroxyl has 240 seconds left.\n|\n|t:|1639931213\n|switch|p1a: Munchlax|Munchlax, L5, F, shiny|60\/100\n|move|p2a: Koffing|Sludge Bomb|p1a: Munchlax\n|-crit|p1a: Munchlax\n|-damage|p1a: Munchlax|17\/100\n|-status|p1a: Munchlax|psn\n|-enditem|p1a: Munchlax|Berry Juice\n|-heal|p1a: Munchlax|84\/100 psn|[from] item: Berry Juice\n|\n|-damage|p1a: Munchlax|74\/100 psn|[from] psn\n|upkeep\n|turn|24\n|inactive|Laroxyl has 240 seconds left.\n|inactive|Laroxyl has 210 seconds left.\n|\n|t:|1639931277\n|-end|p2a: Koffing|ability: Neutralizing Gas\n|switch|p2a: Mienfoo|Mienfoo, L5, M|86\/100 brn\n|move|p1a: Munchlax|Facade|p2a: Mienfoo\n|-damage|p2a: Mienfoo|24\/100 brn\n|\n|-damage|p1a: Munchlax|64\/100 psn|[from] psn\n|-damage|p2a: Mienfoo|20\/100 brn|[from] brn\n|upkeep\n|turn|25\n|inactive|Laroxyl has 180 seconds left.\n|\n|t:|1639931303\n|move|p2a: Mienfoo|U-turn|p1a: Munchlax\n|-damage|p1a: Munchlax|54\/100 psn\n|\n|t:|1639931325\n|switch|p2a: Natu|Natu, L5, F|100\/100|[from]move: U-turn\n|move|p1a: Munchlax|Recycle|p1a: Munchlax\n|-item|p1a: Munchlax|Berry Juice|[from] move: Recycle\n|\n|-damage|p1a: Munchlax|44\/100 psn|[from] psn\n|upkeep\n|-enditem|p1a: Munchlax|Berry Juice\n|-heal|p1a: Munchlax|100\/100 psn|[from] item: Berry Juice\n|turn|26\n|inactive|Laroxyl has 180 seconds left.\n|\n|t:|1639931364\n|move|p2a: Natu|U-turn|p1a: Munchlax\n|-damage|p1a: Munchlax|84\/100 psn\n|inactive|Sciroccoo has 270 seconds left.\n|\n|t:|1639931382\n|switch|p2a: Ferroseed|Ferroseed, L5, F|73\/100|[from]move: U-turn\n|move|p1a: Munchlax|Curse|p1a: Munchlax\n|-unboost|p1a: Munchlax|spe|1\n|-boost|p1a: Munchlax|atk|1\n|-boost|p1a: Munchlax|def|1\n|\n|-damage|p1a: Munchlax|74\/100 psn|[from] psn\n|upkeep\n|turn|27\n|inactive|Sciroccoo has 270 seconds left.\n|\n|t:|1639931396\n|switch|p2a: Staryu|Staryu, L5|64\/100\n|move|p1a: Munchlax|Curse|p1a: Munchlax\n|-unboost|p1a: Munchlax|spe|1\n|-boost|p1a: Munchlax|atk|1\n|-boost|p1a: Munchlax|def|1\n|\n|-damage|p1a: Munchlax|64\/100 psn|[from] psn\n|upkeep\n|turn|28\n|inactive|Sciroccoo has 270 seconds left.\n|\n|t:|1639931406\n|move|p2a: Staryu|Hydro Pump|p1a: Munchlax\n|-damage|p1a: Munchlax|30\/100 psn\n|move|p1a: Munchlax|Recycle|p1a: Munchlax\n|-item|p1a: Munchlax|Berry Juice|[from] move: Recycle\n|-enditem|p1a: Munchlax|Berry Juice\n|-heal|p1a: Munchlax|97\/100 psn|[from] item: Berry Juice\n|\n|-damage|p1a: Munchlax|87\/100 psn|[from] psn\n|upkeep\n|turn|29\n|inactive|Laroxyl has 150 seconds left.\n|\n|t:|1639931446\n|move|p2a: Staryu|Hydro Pump|p1a: Munchlax\n|-crit|p1a: Munchlax\n|-damage|p1a: Munchlax|37\/100 psn\n|move|p1a: Munchlax|Facade|p2a: Staryu\n|-damage|p2a: Staryu|0 fnt\n|faint|p2a: Staryu\n|\n|-damage|p1a: Munchlax|27\/100 psn|[from] psn\n|upkeep\n|inactive|Sciroccoo has 270 seconds left.\n|\n|t:|1639931485\n|switch|p2a: Carvanha|Carvanha, L5, M|100\/100\n|turn|30\n|inactive|Laroxyl has 150 seconds left.\n|inactive|Laroxyl has 120 seconds left.\n|\n|t:|1639931531\n|switch|p1a: Timburr|Timburr, L5, F|92\/100 par\n|move|p2a: Carvanha|Crunch|p1a: Timburr\n|-resisted|p1a: Timburr\n|-damage|p1a: Timburr|60\/100 par\n|-unboost|p1a: Timburr|def|1\n|-damage|p2a: Carvanha|95\/100|[from] item: Life Orb\n|\n|-ability|p2a: Carvanha|Speed Boost|boost\n|-boost|p2a: Carvanha|spe|1\n|upkeep\n|turn|31\n|\n|t:|1639931556\n|switch|p2a: Koffing|Koffing, L5, M|72\/100\n|-ability|p2a: Koffing|Neutralizing Gas\n|cant|p1a: Timburr|par\n|\n|upkeep\n|turn|32\n|inactive|Laroxyl has 90 seconds left.\n|\n|t:|1639931575\n|switch|p1a: Ponyta|Ponyta-Galar, L5, F|100\/100\n|move|p2a: Koffing|Thunderbolt|p1a: Ponyta\n|-damage|p1a: Ponyta|72\/100\n|\n|upkeep\n|turn|33\n|inactive|Laroxyl has 90 seconds left.\n|\n|t:|1639931591\n|-end|p2a: Koffing|ability: Neutralizing Gas\n|switch|p2a: Natu|Natu, L5, F|100\/100\n|move|p1a: Ponyta|Mystical Fire|p2a: Natu\n|-damage|p2a: Natu|62\/100\n|-unboost|p2a: Natu|spa|1\n|\n|upkeep\n|turn|34\n|inactive|Laroxyl has 90 seconds left.\n|\n|t:|1639931604\n|switch|p1a: Larvesta|Larvesta, L5, M|55\/100\n|move|p2a: Natu|U-turn|p1a: Larvesta\n|-resisted|p1a: Larvesta\n|-damage|p1a: Larvesta|46\/100\n|\n|t:|1639931610\n|switch|p2a: Carvanha|Carvanha, L5, M|95\/100|[from]move: U-turn\n|\n|upkeep\n|turn|35\n|inactive|Laroxyl has 90 seconds left.\n|\n|t:|1639931630\n|switch|p1a: Ferroseed|Ferroseed, L5, F|96\/100\n|move|p2a: Carvanha|Protect||[still]\n|-fail|p2a: Carvanha\n|\n|-ability|p2a: Carvanha|Speed Boost|boost\n|-boost|p2a: Carvanha|spe|1\n|upkeep\n|turn|36\n|inactive|Laroxyl has 90 seconds left.\n|\n|t:|1639931650\n|switch|p2a: Natu|Natu, L5, F|62\/100\n|move|p1a: Ferroseed|Knock Off|p2a: Natu\n|-supereffective|p2a: Natu\n|-damage|p2a: Natu|24\/100\n|\n|upkeep\n|turn|37\n|\n|t:|1639931666\n|switch|p1a: Larvesta|Larvesta, L5, M|46\/100\n|move|p2a: Natu|Roost|p2a: Natu\n|-heal|p2a: Natu|77\/100\n|-singleturn|p2a: Natu|move: Roost\n|\n|upkeep\n|turn|38\n|inactive|Sciroccoo has 270 seconds left.\n|inactive|Laroxyl has 60 seconds left.\n|\n|t:|1639931721\n|switch|p2a: Mienfoo|Mienfoo, L5, M|53\/100 brn\n|move|p1a: Larvesta|U-turn|p2a: Mienfoo\n|-resisted|p2a: Mienfoo\n|-damage|p2a: Mienfoo|39\/100 brn\n|\n|t:|1639931742\n|switch|p1a: Ponyta|Ponyta-Galar, L5, F|72\/100|[from]move: U-turn\n|\n|-damage|p2a: Mienfoo|34\/100 brn|[from] brn\n|upkeep\n|turn|39\n|\n|t:|1639931750\n|switch|p1a: Larvesta|Larvesta, L5, M|46\/100\n|move|p2a: Mienfoo|U-turn|p1a: Larvesta\n|-resisted|p1a: Larvesta\n|-damage|p1a: Larvesta|41\/100\n|\n|t:|1639931755\n|switch|p2a: Carvanha|Carvanha, L5, M|95\/100|[from]move: U-turn\n|\n|upkeep\n|turn|40\n|inactive|Laroxyl has 30 seconds left.\n|inactive|Laroxyl has 20 seconds left.\n|\n|t:|1639931790\n|switch|p1a: Ferroseed|Ferroseed, L5, F|96\/100\n|move|p2a: Carvanha|Protect||[still]\n|-fail|p2a: Carvanha\n|\n|-ability|p2a: Carvanha|Speed Boost|boost\n|-boost|p2a: Carvanha|spe|1\n|upkeep\n|turn|41\n|inactive|Laroxyl has 30 seconds left this turn.\n|inactive|Laroxyl has 20 seconds left.\n|\n|t:|1639931802\n|switch|p2a: Natu|Natu, L5, F|77\/100\n|move|p1a: Ferroseed|Knock Off|p2a: Natu\n|-supereffective|p2a: Natu\n|-damage|p2a: Natu|39\/100\n|\n|upkeep\n|turn|42\n|inactive|Laroxyl has 30 seconds left this turn.\n|inactive|Laroxyl has 20 seconds left.\n|\n|t:|1639931814\n|switch|p1a: Larvesta|Larvesta, L5, M|41\/100\n|move|p2a: Natu|Roost|p2a: Natu\n|-heal|p2a: Natu|91\/100\n|-singleturn|p2a: Natu|move: Roost\n|\n|upkeep\n|turn|43\n|inactive|Laroxyl has 30 seconds left this turn.\n|inactive|Laroxyl has 20 seconds left.\n|inactive|Laroxyl has 15 seconds left.\n|\n|t:|1639931829\n|switch|p2a: Mienfoo|Mienfoo, L5, M|67\/100 brn\n|move|p1a: Larvesta|U-turn|p2a: Mienfoo\n|-resisted|p2a: Mienfoo\n|-damage|p2a: Mienfoo|53\/100 brn\n|inactive|Laroxyl has 20 seconds left this turn.\n|inactive|Laroxyl has 15 seconds left.\n|\n|t:|1639931835\n|switch|p1a: Mareanie|Mareanie, L5, F|100\/100|[from]move: U-turn\n|\n|-damage|p2a: Mienfoo|48\/100 brn|[from] brn\n|upkeep\n|turn|44\n|inactive|Laroxyl has 25 seconds left this turn.\n|inactive|Laroxyl has 20 seconds left.\n|inactive|Laroxyl has 15 seconds left.\n|inactive|Laroxyl has 10 seconds left.\n|\n|t:|1639931851\n|move|p2a: Mienfoo|U-turn|p1a: Mareanie\n|-resisted|p1a: Mareanie\n|-damage|p1a: Mareanie|96\/100\n|inactive|Laroxyl has 15 seconds left this turn.\n|\n|t:|1639931854\n|switch|p2a: Ferroseed|Ferroseed, L5, F|73\/100|[from]move: U-turn\n|move|p1a: Mareanie|Scald|p2a: Ferroseed\n|-resisted|p2a: Ferroseed\n|-damage|p2a: Ferroseed|60\/100\n|\n|upkeep\n|turn|45\n|inactive|Laroxyl has 25 seconds left this turn.\n|inactive|Laroxyl has 20 seconds left.\n|inactive|Laroxyl has 15 seconds left.\n|inactive|Laroxyl has 10 seconds left.\n|\n|t:|1639931870\n|switch|p1a: Larvesta|Larvesta, L5, M|41\/100\n|move|p2a: Ferroseed|Stealth Rock|p1a: Larvesta\n|-sidestart|p1: Laroxyl|move: Stealth Rock\n|\n|upkeep\n|turn|46\n|inactive|Laroxyl has 20 seconds left this turn.\n|inactive|Laroxyl has 15 seconds left.\n|inactive|Laroxyl has 10 seconds left.\n|\n|t:|1639931884\n|switch|p2a: Mienfoo|Mienfoo, L5, M|81\/100 brn\n|move|p1a: Larvesta|U-turn|p2a: Mienfoo\n|-resisted|p2a: Mienfoo\n|-damage|p2a: Mienfoo|67\/100 brn\n|inactive|Laroxyl has 15 seconds left this turn.\n|inactive|Laroxyl has 10 seconds left.\n|\n|t:|1639931892\n|switch|p1a: Timburr|Timburr, L5, F|60\/100 par|[from]move: U-turn\n|-damage|p1a: Timburr|57\/100 par|[from] Stealth Rock\n|\n|-damage|p2a: Mienfoo|62\/100 brn|[from] brn\n|upkeep\n|turn|47\n|inactive|Laroxyl has 20 seconds left this turn.\n|inactive|Laroxyl has 15 seconds left.\n|\n|t:|1639931898\n|move|p2a: Mienfoo|High Jump Kick|p1a: Timburr\n|-damage|p1a: Timburr|29\/100 par\n|move|p1a: Timburr|Defog|p2a: Mienfoo\n|-unboost|p2a: Mienfoo|evasion|1\n|-sideend|p1: Laroxyl|Stealth Rock|[from] move: Defog|[of] p1a: Timburr\n|\n|-damage|p2a: Mienfoo|58\/100 brn|[from] brn\n|upkeep\n|turn|48\n|inactive|Laroxyl has 25 seconds left this turn.\n|inactive|Laroxyl has 20 seconds left.\n|\n|t:|1639931908\n|switch|p1a: Larvesta|Larvesta, L5, M|41\/100\n|move|p2a: Mienfoo|U-turn|p1a: Larvesta\n|-resisted|p1a: Larvesta\n|-damage|p1a: Larvesta|37\/100\n|inactive|Laroxyl has 25 seconds left this turn.\n|\n|t:|1639931912\n|switch|p2a: Carvanha|Carvanha, L5, M|95\/100|[from]move: U-turn\n|\n|upkeep\n|turn|49\n|inactive|Laroxyl has 30 seconds left.\n|\n|t:|1639931924\n|move|p2a: Carvanha|Protect|p2a: Carvanha\n|-singleturn|p2a: Carvanha|Protect\n|move|p1a: Larvesta|Morning Sun|p1a: Larvesta\n|-heal|p1a: Larvesta|87\/100\n|\n|-ability|p2a: Carvanha|Speed Boost|boost\n|-boost|p2a: Carvanha|spe|1\n|upkeep\n|turn|50\n|inactive|Laroxyl has 30 seconds left.\n|inactive|Laroxyl has 20 seconds left.\n|\n|t:|1639931940\n|move|p2a: Carvanha|Crunch|p1a: Larvesta\n|-damage|p1a: Larvesta|14\/100\n|-damage|p2a: Carvanha|90\/100|[from] item: Life Orb\n|move|p1a: Larvesta|Morning Sun|p1a: Larvesta\n|-heal|p1a: Larvesta|64\/100\n|\n|-ability|p2a: Carvanha|Speed Boost|boost\n|-boost|p2a: Carvanha|spe|1\n|upkeep\n|turn|51\n|inactive|Laroxyl has 30 seconds left this turn.\n|inactive|Laroxyl has 20 seconds left.\n|inactive|Laroxyl has 15 seconds left.\n|inactive|Laroxyl has 10 seconds left.\n|\n|t:|1639931962\n|switch|p1a: Munchlax|Munchlax, L5, F, shiny|27\/100 psn\n|move|p2a: Carvanha|Crunch|p1a: Munchlax\n|-damage|p1a: Munchlax|0 fnt\n|faint|p1a: Munchlax\n|-damage|p2a: Carvanha|85\/100|[from] item: Life Orb\n|\n|-ability|p2a: Carvanha|Speed Boost|boost\n|-boost|p2a: Carvanha|spe|1\n|upkeep\n|inactive|Laroxyl has 15 seconds left this turn.\n|\n|t:|1639931966\n|switch|p1a: Ferroseed|Ferroseed, L5, F|96\/100\n|turn|52\n|inactive|Laroxyl has 25 seconds left this turn.\n|inactive|Laroxyl has 20 seconds left.\n|\n|t:|1639931972\n|switch|p2a: Natu|Natu, L5, F|91\/100\n|move|p1a: Ferroseed|Knock Off|p2a: Natu\n|-supereffective|p2a: Natu\n|-damage|p2a: Natu|53\/100\n|\n|upkeep\n|turn|53\n|inactive|Laroxyl has 30 seconds left this turn.\n|inactive|Laroxyl has 20 seconds left.\n|\n|t:|1639931984\n|switch|p1a: Larvesta|Larvesta, L5, M|64\/100\n|move|p2a: Natu|Heat Wave|p1a: Larvesta\n|-damage|p1a: Larvesta|19\/100\n|\n|upkeep\n|turn|54\n|inactive|Laroxyl has 30 seconds left this turn.\n|\n|t:|1639932005\n|switch|p2a: Ferroseed|Ferroseed, L5, F|60\/100\n|move|p1a: Larvesta|Morning Sun|p1a: Larvesta\n|-heal|p1a: Larvesta|69\/100\n|\n|upkeep\n|turn|55\n|inactive|Laroxyl has 30 seconds left.\n|inactive|Laroxyl has 20 seconds left.\n|inactive|Laroxyl has 15 seconds left.\n|\n|t:|1639932026\n|switch|p1a: Ponyta|Ponyta-Galar, L5, F|72\/100\n|move|p2a: Ferroseed|Stealth Rock|p1a: Ponyta\n|-sidestart|p1: Laroxyl|move: Stealth Rock\n|\n|upkeep\n|turn|56\n|inactive|Laroxyl has 25 seconds left this turn.\n|inactive|Laroxyl has 20 seconds left.\n|inactive|Laroxyl has 15 seconds left.\n|\n|t:|1639932036\n|switch|p2a: Mienfoo|Mienfoo, L5, M|91\/100 brn\n|move|p1a: Ponyta|Mystical Fire|p2a: Mienfoo\n|-damage|p2a: Mienfoo|67\/100 brn\n|-unboost|p2a: Mienfoo|spa|1\n|\n|-damage|p2a: Mienfoo|62\/100 brn|[from] brn\n|upkeep\n|turn|57\n|inactive|Laroxyl has 25 seconds left this turn.\n|inactive|Laroxyl has 20 seconds left.\n|inactive|Laroxyl has 15 seconds left.\n|inactive|Laroxyl has 10 seconds left.\n|inactive|Laroxyl has 5 seconds left.\n|\n|t:|1639932058\n|move|p1a: Ponyta|Psychic|p2a: Mienfoo\n|-supereffective|p2a: Mienfoo\n|-damage|p2a: Mienfoo|0 fnt\n|faint|p2a: Mienfoo\n|\n|upkeep\n|inactive|Laroxyl has 10 seconds left this turn.\n|\n|t:|1639932062\n|switch|p2a: Carvanha|Carvanha, L5, M|85\/100\n|turn|58\n|inactive|Laroxyl has 20 seconds left this turn.\n|inactive|Laroxyl has 15 seconds left.\n|inactive|Laroxyl has 10 seconds left.\n|\n|t:|1639932073\n|switch|p1a: Timburr|Timburr, L5, F|29\/100 par\n|-damage|p1a: Timburr|24\/100 par|[from] Stealth Rock\n|move|p2a: Carvanha|Crunch|p1a: Timburr\n|-resisted|p1a: Timburr\n|-damage|p1a: Timburr|0 fnt\n|faint|p1a: Timburr\n|-damage|p2a: Carvanha|79\/100|[from] item: Life Orb\n|\n|-ability|p2a: Carvanha|Speed Boost|boost\n|-boost|p2a: Carvanha|spe|1\n|upkeep\n|inactive|Laroxyl has 15 seconds left this turn.\n|\n|t:|1639932076\n|switch|p1a: Ferroseed|Ferroseed, L5, F|96\/100\n|-damage|p1a: Ferroseed|91\/100|[from] Stealth Rock\n|turn|59\n|inactive|Laroxyl has 25 seconds left this turn.\n|inactive|Laroxyl has 20 seconds left.\n|inactive|Laroxyl has 15 seconds left.\n|\n|t:|1639932090\n|switch|p2a: Natu|Natu, L5, F|53\/100\n|move|p1a: Ferroseed|Knock Off|p2a: Natu\n|-supereffective|p2a: Natu\n|-damage|p2a: Natu|15\/100\n|\n|upkeep\n|turn|60\n|inactive|Laroxyl has 25 seconds left this turn.\n|inactive|Laroxyl has 20 seconds left.\n|inactive|Laroxyl has 15 seconds left.\n|\n|t:|1639932105\n|switch|p1a: Larvesta|Larvesta, L5, M|69\/100\n|-damage|p1a: Larvesta|19\/100|[from] Stealth Rock\n|move|p2a: Natu|Roost|p2a: Natu\n|-heal|p2a: Natu|67\/100\n|-singleturn|p2a: Natu|move: Roost\n|\n|upkeep\n|turn|61\n|inactive|Laroxyl has 25 seconds left this turn.\n|inactive|Laroxyl has 20 seconds left.\n|inactive|Laroxyl has 15 seconds left.\n|inactive|Laroxyl has 10 seconds left.\n|inactive|Laroxyl has 5 seconds left.\n|\n|t:|1639932127\n|switch|p2a: Koffing|Koffing, L5, M|72\/100\n|-ability|p2a: Koffing|Neutralizing Gas\n|move|p1a: Larvesta|Morning Sun|p1a: Larvesta\n|-heal|p1a: Larvesta|69\/100\n|\n|upkeep\n|turn|62\n|inactive|Laroxyl has 15 seconds left this turn.\n|inactive|Laroxyl has 10 seconds left.\n|\n|t:|1639932139\n|switch|p1a: Ponyta|Ponyta-Galar, L5, F|72\/100\n|-damage|p1a: Ponyta|62\/100|[from] Stealth Rock\n|-end|p2a: Koffing|ability: Neutralizing Gas\n|switch|p2a: Carvanha|Carvanha, L5, M|79\/100\n|\n|upkeep\n|turn|63\n|inactive|Laroxyl has 20 seconds left this turn.\n|inactive|Laroxyl has 15 seconds left.\n|inactive|Laroxyl has 10 seconds left.\n|\n|t:|1639932151\n|switch|p1a: Mareanie|Mareanie, L5, F|100\/100\n|-damage|p1a: Mareanie|88\/100|[from] Stealth Rock\n|move|p2a: Carvanha|Crunch|p1a: Mareanie\n|-damage|p1a: Mareanie|17\/100\n|-damage|p2a: Carvanha|74\/100|[from] item: Life Orb\n|\n|-ability|p2a: Carvanha|Speed Boost|boost\n|-boost|p2a: Carvanha|spe|1\n|upkeep\n|turn|64\n|inactive|Laroxyl has 20 seconds left this turn.\n|\n|t:|1639932160\n|move|p2a: Carvanha|Crunch|p1a: Mareanie\n|-crit|p1a: Mareanie\n|-damage|p1a: Mareanie|0 fnt\n|faint|p1a: Mareanie\n|-damage|p2a: Carvanha|69\/100|[from] item: Life Orb\n|\n|-ability|p2a: Carvanha|Speed Boost|boost\n|-boost|p2a: Carvanha|spe|1\n|upkeep\n|inactive|Laroxyl has 25 seconds left this turn.\n|\n|t:|1639932165\n|switch|p1a: Ferroseed|Ferroseed, L5, F|91\/100\n|-damage|p1a: Ferroseed|87\/100|[from] Stealth Rock\n|turn|65\n|inactive|Laroxyl has 30 seconds left.\n|inactive|Laroxyl has 20 seconds left.\n|\n|t:|1639932183\n|switch|p2a: Natu|Natu, L5, F|67\/100\n|move|p1a: Ferroseed|Knock Off|p2a: Natu\n|-supereffective|p2a: Natu\n|-damage|p2a: Natu|29\/100\n|\n|upkeep\n|turn|66\n|inactive|Laroxyl has 30 seconds left this turn.\n|inactive|Laroxyl has 20 seconds left.\n|\n|t:|1639932195\n|move|p2a: Natu|Roost|p2a: Natu\n|-heal|p2a: Natu|81\/100\n|-singleturn|p2a: Natu|move: Roost\n|move|p1a: Ferroseed|Giga Drain|p2a: Natu\n|-damage|p2a: Natu|39\/100\n|-heal|p1a: Ferroseed|100\/100|[from] drain|[of] p2a: Natu\n|\n|upkeep\n|turn|67\n|inactive|Laroxyl has 30 seconds left this turn.\n|inactive|Laroxyl has 20 seconds left.\n|\n|t:|1639932207\n|move|p2a: Natu|Roost|p2a: Natu\n|-heal|p2a: Natu|91\/100\n|-singleturn|p2a: Natu|move: Roost\n|move|p1a: Ferroseed|Knock Off|p2a: Natu\n|-supereffective|p2a: Natu\n|-damage|p2a: Natu|53\/100\n|\n|upkeep\n|turn|68\n|inactive|Laroxyl has 30 seconds left this turn.\n|inactive|Laroxyl has 20 seconds left.\n|c|\u2606Laroxyl|well\n|inactive|Laroxyl has 15 seconds left.\n|inactive|Laroxyl has 10 seconds left.\n|inactive|Laroxyl has 5 seconds left.\n|\n|t:|1639932235\n|switch|p1a: Ponyta|Ponyta-Galar, L5, F|62\/100\n|-damage|p1a: Ponyta|53\/100|[from] Stealth Rock\n|move|p2a: Natu|Roost|p2a: Natu\n|-heal|p2a: Natu|100\/100\n|-singleturn|p2a: Natu|move: Roost\n|\n|upkeep\n|turn|69\n|inactive|Laroxyl has 15 seconds left this turn.\n|inactive|Laroxyl has 10 seconds left.\n|inactive|Laroxyl has 5 seconds left.\n|\n|t:|1639932247\n|switch|p1a: Ferroseed|Ferroseed, L5, F|100\/100\n|-damage|p1a: Ferroseed|96\/100|[from] Stealth Rock\n|move|p2a: Natu|U-turn|p1a: Ferroseed\n|-damage|p1a: Ferroseed|87\/100\n|-damage|p2a: Natu|91\/100|[from] ability: Iron Barbs|[of] p1a: Ferroseed\n|inactive|Laroxyl has 10 seconds left this turn.\n|\n|t:|1639932259\n|switch|p2a: Ferroseed|Ferroseed, L5, F|60\/100|[from]move: U-turn\n|\n|upkeep\n|turn|70\n|inactive|Laroxyl has 20 seconds left this turn.\n|inactive|Laroxyl has 15 seconds left.\n|\n|t:|1639932266\n|move|p2a: Ferroseed|Thunder Wave|p1a: Ferroseed\n|-status|p1a: Ferroseed|par\n|move|p1a: Ferroseed|Stealth Rock|p2a: Ferroseed\n|-sidestart|p2: Sciroccoo|move: Stealth Rock\n|\n|upkeep\n|turn|71\n|inactive|Laroxyl has 25 seconds left this turn.\n|inactive|Laroxyl has 20 seconds left.\n|inactive|Laroxyl has 15 seconds left.\n|inactive|Laroxyl has 10 seconds left.\n|\n|t:|1639932285\n|move|p2a: Ferroseed|Knock Off|p1a: Ferroseed\n|-damage|p1a: Ferroseed|73\/100 par\n|-damage|p2a: Ferroseed|50\/100|[from] ability: Iron Barbs|[of] p1a: Ferroseed\n|-enditem|p1a: Ferroseed|Eviolite|[from] move: Knock Off|[of] p2a: Ferroseed\n|move|p1a: Ferroseed|Spikes|p2a: Ferroseed\n|-sidestart|p2: Sciroccoo|Spikes\n|\n|upkeep\n|turn|72\n|inactive|Laroxyl has 20 seconds left this turn.\n|inactive|Laroxyl has 15 seconds left.\n|inactive|Laroxyl has 10 seconds left.\n|inactive|Laroxyl has 5 seconds left.\n|\n|t:|1639932304\n|switch|p2a: Koffing|Koffing, L5, M|72\/100\n|-ability|p2a: Koffing|Neutralizing Gas\n|-damage|p2a: Koffing|62\/100|[from] Stealth Rock\n|-damage|p2a: Koffing|53\/100|[from] Spikes\n|switch|p1a: Larvesta|Larvesta, L5, M|69\/100\n|-damage|p1a: Larvesta|19\/100|[from] Stealth Rock\n|\n|upkeep\n|turn|73\n|inactive|Laroxyl has 15 seconds left this turn.\n|inactive|Laroxyl has 10 seconds left.\n|inactive|Laroxyl has 5 seconds left.\n|\n|t:|1639932318\n|move|p1a: Larvesta|Flare Blitz|p2a: Koffing\n|-damage|p2a: Koffing|0 fnt\n|faint|p2a: Koffing\n|-end|p2a: Koffing|ability: Neutralizing Gas\n|-damage|p1a: Larvesta|0 fnt|[from] Recoil\n|faint|p1a: Larvesta\n|\n|upkeep\n|inactive|Laroxyl has 15 seconds left this turn.\n|inactive|Laroxyl has 10 seconds left.\n|inactive|Laroxyl has 5 seconds left.\n|\n|t:|1639932332\n|switch|p1a: Ponyta|Ponyta-Galar, L5, F|53\/100\n|switch|p2a: Ferroseed|Ferroseed, L5, F|50\/100\n|-damage|p1a: Ponyta|43\/100|[from] Stealth Rock\n|-damage|p2a: Ferroseed|41\/100|[from] Spikes\n|-damage|p2a: Ferroseed|37\/100|[from] Stealth Rock\n|turn|74\n|inactive|Laroxyl has 15 seconds left this turn.\n|inactive|Laroxyl has 10 seconds left.\n|inactive|Laroxyl has 5 seconds left.\n|-message|Laroxyl lost due to inactivity.\n|\n|win|Sciroccoo\n|c|\u2606Laroxyl|ggs sad about that crit on lax\n|c|\u2606Laroxyl|which costed me the game\n|c|\u2606Sciroccoo|ggs yh it was my only way ig :\/\n|c|\u2606Sciroccoo|not my proudest win \n|c|\u2606Sciroccoo|sry for that\n","uploadtime":1639932348,"views":156,"p1id":"laroxyl","p2id":"sciroccoo","formatid":"gen8lc","rating":0,"private":0,"password":null}