{"id":"smogtours-gen7ou-647697","p1":"Unamed","p2":"Coach Jones 6fifth","format":"gen7ou","log":"|inactive|Battle timer is ON: inactive players will automatically lose when time's up.\n|t:|1662909534\n|gametype|singles\n|player|p1|Unamed|2|\n|player|p2|Coach Jones 6fifth|lusamine-nihilego|\n|teamsize|p1|6\n|teamsize|p2|6\n|gen|7\n|tier|[Gen 7] OU\n|rule|Sleep Clause Mod: Limit one foe put to sleep\n|rule|Species Clause: Limit one of each Pok\u00e9mon\n|rule|OHKO Clause: OHKO moves are banned\n|rule|Moody Clause: Moody is banned\n|rule|Evasion Items Clause: Evasion items are banned\n|rule|Evasion Moves Clause: Evasion moves are banned\n|rule|Endless Battle Clause: Forcing endless battles is banned\n|rule|HP Percentage Mod: HP is shown in percentages\n|clearpoke\n|poke|p1|Greninja, M|item\n|poke|p1|Charizard, M|item\n|poke|p1|Jirachi|item\n|poke|p1|Tapu Fini|item\n|poke|p1|Landorus-Therian, M|item\n|poke|p1|Tapu Koko|item\n|poke|p2|Tornadus-Therian, M|item\n|poke|p2|Greninja, M|item\n|poke|p2|Landorus-Therian, M|item\n|poke|p2|Mawile, M|item\n|poke|p2|Tangrowth, F|item\n|poke|p2|Heatran, F|item\n|teampreview\n|c|\u2606Unamed|hf\n|inactive|Coach Jones 6fifth has 270 seconds left.\n|c|\u2606Coach Jones 6fifth|hf\n|\n|t:|1662909589\n|start\n|switch|p1a: Tapu Koko|Tapu Koko|100\/100\n|switch|p2a: Landorus|Landorus-Therian, M|100\/100\n|-ability|p2a: Landorus|Intimidate|boost\n|-unboost|p1a: Tapu Koko|atk|1\n|-fieldstart|move: Electric Terrain|[from] ability: Electric Surge|[of] p1a: Tapu Koko\n|turn|1\n|\n|t:|1662909595\n|move|p2a: Landorus|U-turn|p1a: Tapu Koko\n|-resisted|p1a: Tapu Koko\n|-damage|p1a: Tapu Koko|83\/100\n|\n|t:|1662909600\n|switch|p2a: Tangrowth|Tangrowth, F|100\/100|[from]move: U-turn\n|move|p1a: Tapu Koko|Hidden Power|p2a: Tangrowth\n|-supereffective|p2a: Tangrowth\n|-damage|p2a: Tangrowth|80\/100\n|\n|-heal|p1a: Tapu Koko|89\/100|[from] item: Leftovers\n|upkeep\n|turn|2\n|\n|t:|1662909611\n|switch|p2a: Landorus|Landorus-Therian, M|100\/100\n|-ability|p2a: Landorus|Intimidate|boost\n|-unboost|p1a: Tapu Koko|atk|1\n|move|p1a: Tapu Koko|U-turn|p2a: Landorus\n|-resisted|p2a: Landorus\n|-damage|p2a: Landorus|96\/100\n|\n|t:|1662909634\n|switch|p1a: Landorus|Landorus-Therian, M|100\/100|[from]move: U-turn\n|-ability|p1a: Landorus|Intimidate|boost\n|-unboost|p2a: Landorus|atk|1\n|\n|upkeep\n|turn|3\n|\n|t:|1662909638\n|move|p2a: Landorus|Hidden Power|p1a: Landorus\n|-supereffective|p1a: Landorus\n|-damage|p1a: Landorus|43\/100\n|move|p1a: Landorus|Stealth Rock|p2a: Landorus\n|-sidestart|p2: Coach Jones 6fifth|move: Stealth Rock\n|\n|upkeep\n|turn|4\n|\n|t:|1662909651\n|move|p2a: Landorus|Hidden Power|p1a: Landorus\n|-supereffective|p1a: Landorus\n|-damage|p1a: Landorus|0 fnt\n|faint|p1a: Landorus\n|\n|upkeep\n|\n|t:|1662909657\n|switch|p1a: Charizard|Charizard, M|100\/100\n|turn|5\n|\n|t:|1662909667\n|switch|p2a: Heatran|Heatran, F|100\/100\n|-damage|p2a: Heatran|88\/100|[from] Stealth Rock\n|move|p1a: Charizard|Dragon Dance|p1a: Charizard\n|-boost|p1a: Charizard|atk|1\n|-boost|p1a: Charizard|spe|1\n|\n|-heal|p2a: Heatran|94\/100|[from] item: Leftovers\n|-fieldend|move: Electric Terrain\n|upkeep\n|turn|6\n|\n|t:|1662909693\n|detailschange|p1a: Charizard|Charizard-Mega-X, M\n|-mega|p1a: Charizard|Charizard|Charizardite X\n|move|p1a: Charizard|Earthquake|p2a: Heatran\n|-supereffective|p2a: Heatran\n|-damage|p2a: Heatran|0 fnt\n|faint|p2a: Heatran\n|\n|upkeep\n|\n|t:|1662909702\n|switch|p2a: Landorus|Landorus-Therian, M|96\/100\n|-damage|p2a: Landorus|84\/100|[from] Stealth Rock\n|-ability|p2a: Landorus|Intimidate|boost\n|-unboost|p1a: Charizard|atk|1\n|turn|7\n|inactive|Coach Jones 6fifth has 270 seconds left.\n|inactive|Unamed has 270 seconds left.\n|inactive|Coach Jones 6fifth has 240 seconds left.\n|\n|t:|1662909758\n|switch|p2a: Mawile|Mawile, M|100\/100\n|-damage|p2a: Mawile|94\/100|[from] Stealth Rock\n|move|p1a: Charizard|Flare Blitz|p2a: Mawile\n|-supereffective|p2a: Mawile\n|-damage|p2a: Mawile|0 fnt\n|faint|p2a: Mawile\n|-damage|p1a: Charizard|73\/100|[from] Recoil\n|\n|upkeep\n|\n|t:|1662909764\n|switch|p2a: Landorus|Landorus-Therian, M|84\/100\n|-damage|p2a: Landorus|71\/100|[from] Stealth Rock\n|-ability|p2a: Landorus|Intimidate|boost\n|-unboost|p1a: Charizard|atk|1\n|turn|8\n|inactive|Unamed has 240 seconds left.\n|inactive|Unamed has 210 seconds left.\n|\n|t:|1662909830\n|switch|p1a: Tapu Fini|Tapu Fini|100\/100\n|-fieldstart|move: Misty Terrain|[from] ability: Misty Surge|[of] p1a: Tapu Fini\n|move|p2a: Landorus|Earthquake|p1a: Tapu Fini\n|-damage|p1a: Tapu Fini|57\/100\n|\n|-heal|p1a: Tapu Fini|63\/100|[from] item: Leftovers\n|upkeep\n|turn|9\n|inactive|Unamed has 210 seconds left.\n|\n|t:|1662909846\n|switch|p2a: Tornadus|Tornadus-Therian, M|100\/100\n|-damage|p2a: Tornadus|76\/100|[from] Stealth Rock\n|move|p1a: Tapu Fini|Moonblast|p2a: Tornadus\n|-damage|p2a: Tornadus|35\/100\n|\n|-heal|p1a: Tapu Fini|69\/100|[from] item: Leftovers\n|upkeep\n|turn|10\n|inactive|Coach Jones 6fifth has 240 seconds left.\n|\n|t:|1662909851\n|move|p2a: Tornadus|Defog|p1a: Tapu Fini\n|-unboost|p1a: Tapu Fini|evasion|1\n|-sideend|p2: Coach Jones 6fifth|Stealth Rock|[from] move: Defog|[of] p2a: Tornadus\n|move|p1a: Tapu Fini|Moonblast|p2a: Tornadus\n|-damage|p2a: Tornadus|0 fnt\n|faint|p2a: Tornadus\n|\n|-heal|p1a: Tapu Fini|75\/100|[from] item: Leftovers\n|upkeep\n|\n|t:|1662909854\n|switch|p2a: Tangrowth|Tangrowth, F|100\/100\n|turn|11\n|\n|t:|1662909861\n|switch|p1a: Jirachi|Jirachi|100\/100\n|move|p2a: Tangrowth|Giga Drain|p1a: Jirachi\n|-resisted|p1a: Jirachi\n|-damage|p1a: Jirachi|87\/100\n|\n|upkeep\n|turn|12\n|\n|t:|1662909872\n|move|p1a: Jirachi|U-turn|p2a: Tangrowth\n|-supereffective|p2a: Tangrowth\n|-damage|p2a: Tangrowth|72\/100\n|\n|t:|1662909878\n|switch|p1a: Charizard|Charizard-Mega-X, M|73\/100|[from]move: U-turn\n|move|p2a: Tangrowth|Earthquake|p1a: Charizard\n|-supereffective|p1a: Charizard\n|-damage|p1a: Charizard|29\/100\n|\n|-fieldend|Misty Terrain\n|upkeep\n|turn|13\n|\n|t:|1662909882\n|switch|p2a: Greninja|Greninja, M|100\/100\n|move|p1a: Charizard|Flare Blitz|p2a: Greninja\n|-resisted|p2a: Greninja\n|-damage|p2a: Greninja|32\/100\n|-damage|p1a: Charizard|8\/100|[from] Recoil\n|\n|upkeep\n|turn|14\n|\n|t:|1662909893\n|switch|p1a: Tapu Fini|Tapu Fini|75\/100\n|-fieldstart|move: Misty Terrain|[from] ability: Misty Surge|[of] p1a: Tapu Fini\n|move|p2a: Greninja|Dark Pulse|p1a: Tapu Fini\n|-resisted|p1a: Tapu Fini\n|-damage|p1a: Tapu Fini|57\/100\n|\n|-heal|p1a: Tapu Fini|64\/100|[from] item: Leftovers\n|upkeep\n|turn|15\n|inactive|Unamed has 240 seconds left.\n|\n|t:|1662909909\n|switch|p2a: Tangrowth|Tangrowth, F|100\/100\n|move|p1a: Tapu Fini|Moonblast|p2a: Tangrowth\n|-damage|p2a: Tangrowth|81\/100\n|\n|-heal|p1a: Tapu Fini|70\/100|[from] item: Leftovers\n|upkeep\n|turn|16\n|\n|t:|1662909916\n|switch|p1a: Jirachi|Jirachi|87\/100\n|move|p2a: Tangrowth|Knock Off|p1a: Jirachi\n|-supereffective|p1a: Jirachi\n|-damage|p1a: Jirachi|39\/100\n|-enditem|p1a: Jirachi|Choice Scarf|[from] move: Knock Off|[of] p2a: Tangrowth\n|\n|upkeep\n|turn|17\n|\n|t:|1662909919\n|switch|p2a: Landorus|Landorus-Therian, M|71\/100\n|-ability|p2a: Landorus|Intimidate|boost\n|-unboost|p1a: Jirachi|atk|1\n|move|p1a: Jirachi|Healing Wish|p1a: Jirachi\n|faint|p1a: Jirachi\n|\n|upkeep\n|\n|t:|1662909922\n|switch|p1a: Charizard|Charizard-Mega-X, M|8\/100\n|-heal|p1a: Charizard|100\/100|[from] move: Healing Wish\n|turn|18\n|\n|t:|1662909938\n|switch|p1a: Tapu Koko|Tapu Koko|89\/100\n|-fieldstart|move: Electric Terrain|[from] ability: Electric Surge|[of] p1a: Tapu Koko\n|move|p2a: Landorus|Earthquake|p1a: Tapu Koko\n|-supereffective|p1a: Tapu Koko\n|-damage|p1a: Tapu Koko|0 fnt\n|faint|p1a: Tapu Koko\n|\n|upkeep\n|\n|t:|1662909943\n|switch|p1a: Greninja|Greninja, M|100\/100\n|turn|19\n|\n|t:|1662909958\n|move|p2a: Landorus|Earthquake|p1a: Greninja\n|-damage|p1a: Greninja|9\/100\n|move|p1a: Greninja|Dark Pulse|p2a: Landorus\n|-damage|p2a: Landorus|0 fnt\n|faint|p2a: Landorus\n|-activate|p1a: Greninja|ability: Battle Bond\n|detailschange|p1a: Greninja|Greninja-Ash, M\n|\n|upkeep\n|\n|t:|1662909962\n|switch|p2a: Tangrowth|Tangrowth, F|100\/100\n|turn|20\n|\n|t:|1662909977\n|move|p1a: Greninja|Dark Pulse|p2a: Tangrowth\n|-damage|p2a: Tangrowth|57\/100\n|move|p2a: Tangrowth|Earthquake|p1a: Greninja\n|-damage|p1a: Greninja|0 fnt\n|faint|p1a: Greninja\n|\n|upkeep\n|\n|t:|1662909980\n|switch|p1a: Charizard|Charizard-Mega-X, M|100\/100\n|turn|21\n|\n|t:|1662909990\n|move|p1a: Charizard|Flare Blitz|p2a: Tangrowth\n|-supereffective|p2a: Tangrowth\n|-damage|p2a: Tangrowth|0 fnt\n|faint|p2a: Tangrowth\n|-damage|p1a: Charizard|76\/100|[from] Recoil\n|\n|upkeep\n|\n|t:|1662909993\n|switch|p2a: Greninja|Greninja, M|32\/100\n|turn|22\n|\n|t:|1662909996\n|move|p2a: Greninja|Dark Pulse|p1a: Charizard\n|-damage|p1a: Charizard|9\/100\n|move|p1a: Charizard|Dragon Claw|p2a: Greninja\n|-damage|p2a: Greninja|0 fnt\n|faint|p2a: Greninja\n|\n|win|Unamed\n","uploadtime":1662909997,"views":43,"p1id":"unamed","p2id":"coachjones6fifth","formatid":"gen7ou","rating":0,"private":0,"password":null}