{"id":"smogtours-gen7ou-554159","p1":"starmaster","p2":"not mb","format":"gen7ou","log":"|inactive|Battle timer is ON: inactive players will automatically lose when time's up.\n|t:|1617587360\n|player|p1|starmaster|1|\n|player|p2|not mb|266|\n|teamsize|p1|6\n|teamsize|p2|6\n|gametype|singles\n|gen|7\n|tier|[Gen 7] OU\n|clearpoke\n|poke|p1|Diancie|item\n|poke|p1|Serperior, M|item\n|poke|p1|Cresselia, F|item\n|poke|p1|Suicune|item\n|poke|p1|Volcarona, M|item\n|poke|p1|Magearna|item\n|poke|p2|Mawile, F|item\n|poke|p2|Greninja, M|item\n|poke|p2|Tapu Bulu|item\n|poke|p2|Landorus-Therian, M|item\n|poke|p2|Rotom-Wash|item\n|poke|p2|Heatran, M|item\n|rule|Sleep Clause Mod: Limit one foe put to sleep\n|rule|Species Clause: Limit one of each Pok\u00e9mon\n|rule|OHKO Clause: OHKO moves are banned\n|rule|Moody Clause: Moody is banned\n|rule|Evasion Moves Clause: Evasion moves are banned\n|rule|Endless Battle Clause: Forcing endless battles is banned\n|rule|HP Percentage Mod: HP is shown in percentages\n|teampreview\n|inactive|not mb has 270 seconds left.\n|inactive|not mb has 240 seconds left.\n|inactive|not mb has 210 seconds left.\n|\n|t:|1617587467\n|start\n|switch|p1a: Diancie|Diancie|100\/100\n|switch|p2a: Greninja|Greninja, M|100\/100\n|turn|1\n|inactive|starmaster has 270 seconds left.\n|inactive|starmaster has 240 seconds left.\n|inactive|starmaster has 210 seconds left.\n|\n|t:|1617587564\n|move|p2a: Greninja|Gunk Shot|p1a: Diancie\n|-start|p2a: Greninja|typechange|Poison|[from] ability: Protean\n|-damage|p1a: Diancie|62\/100\n|move|p1a: Diancie|Stealth Rock|p2a: Greninja\n|-sidestart|p2: not mb|move: Stealth Rock\n|\n|upkeep\n|turn|2\n|inactive|starmaster has 210 seconds left.\n|inactive|not mb has 240 seconds left.\n|inactive|starmaster has 180 seconds left.\n|inactive|not mb has 210 seconds left.\n|\n|t:|1617587636\n|-zpower|p2a: Greninja\n|move|p2a: Greninja|Tectonic Rage|p1a: Diancie|[zeffect]\n|-start|p2a: Greninja|typechange|Ground|[from] ability: Protean\n|-supereffective|p1a: Diancie\n|-damage|p1a: Diancie|0 fnt\n|faint|p1a: Diancie\n|\n|upkeep\n|inactive|starmaster has 150 seconds left.\n|\n|t:|1617587673\n|switch|p1a: Magearna|Magearna|100\/100\n|turn|3\n|inactive|starmaster has 120 seconds left.\n|\n|t:|1617587704\n|move|p2a: Greninja|U-turn|p1a: Magearna\n|-start|p2a: Greninja|typechange|Bug|[from] ability: Protean\n|-resisted|p1a: Magearna\n|-damage|p1a: Magearna|94\/100\n|inactive|not mb has 180 seconds left.\n|\n|t:|1617587729\n|switch|p2a: Rotom|Rotom-Wash|100\/100|[from]move: U-turn\n|-damage|p2a: Rotom|88\/100|[from] Stealth Rock\n|move|p1a: Magearna|Shift Gear|p1a: Magearna\n|-boost|p1a: Magearna|spe|2\n|-boost|p1a: Magearna|atk|1\n|\n|-heal|p2a: Rotom|94\/100|[from] item: Leftovers\n|upkeep\n|turn|4\n|inactive|not mb has 180 seconds left.\n|inactive|starmaster has 120 seconds left.\n|\n|t:|1617587746\n|move|p1a: Magearna|Calm Mind|p1a: Magearna\n|-boost|p1a: Magearna|spa|1\n|-boost|p1a: Magearna|spd|1\n|move|p2a: Rotom|Will-O-Wisp|p1a: Magearna\n|-status|p1a: Magearna|brn\n|\n|-heal|p2a: Rotom|99\/100|[from] item: Leftovers\n|-damage|p1a: Magearna|88\/100 brn|[from] brn\n|upkeep\n|turn|5\n|inactive|not mb has 180 seconds left.\n|inactive|starmaster has 120 seconds left.\n|\n|t:|1617587766\n|-zpower|p1a: Magearna\n|move|p1a: Magearna|Twinkle Tackle|p2a: Rotom|[zeffect]\n|-damage|p2a: Rotom|0 fnt\n|faint|p2a: Rotom\n|-ability|p1a: Magearna|Soul-Heart|boost\n|-boost|p1a: Magearna|spa|1\n|\n|-damage|p1a: Magearna|82\/100 brn|[from] brn\n|upkeep\n|inactive|not mb has 150 seconds left.\n|\n|t:|1617587793\n|switch|p2a: Landorus|Landorus-Therian, M|100\/100\n|-damage|p2a: Landorus|88\/100|[from] Stealth Rock\n|-ability|p2a: Landorus|Intimidate|boost\n|-unboost|p1a: Magearna|atk|1\n|turn|6\n|inactive|not mb has 150 seconds left.\n|inactive|starmaster has 120 seconds left.\n|inactive|not mb has 120 seconds left.\n|inactive|not mb has 90 seconds left.\n|\n|t:|1617587880\n|switch|p2a: Heatran|Heatran, M|100\/100\n|-damage|p2a: Heatran|88\/100|[from] Stealth Rock\n|move|p1a: Magearna|Fleur Cannon|p2a: Heatran\n|-resisted|p2a: Heatran\n|-damage|p2a: Heatran|64\/100\n|-unboost|p1a: Magearna|spa|2\n|\n|-heal|p2a: Heatran|71\/100|[from] item: Leftovers\n|-damage|p1a: Magearna|76\/100 brn|[from] brn\n|upkeep\n|turn|7\n|\n|t:|1617587893\n|move|p1a: Magearna|Aura Sphere|p2a: Heatran\n|-supereffective|p2a: Heatran\n|-damage|p2a: Heatran|32\/100\n|move|p2a: Heatran|Stealth Rock|p1a: Magearna\n|-sidestart|p1: starmaster|move: Stealth Rock\n|\n|-heal|p2a: Heatran|38\/100|[from] item: Leftovers\n|-damage|p1a: Magearna|70\/100 brn|[from] brn\n|upkeep\n|turn|8\n|\n|t:|1617587916\n|switch|p2a: Landorus|Landorus-Therian, M|88\/100\n|-damage|p2a: Landorus|76\/100|[from] Stealth Rock\n|-ability|p2a: Landorus|Intimidate|boost\n|-unboost|p1a: Magearna|atk|1\n|move|p1a: Magearna|Calm Mind|p1a: Magearna\n|-boost|p1a: Magearna|spa|1\n|-boost|p1a: Magearna|spd|1\n|\n|-damage|p1a: Magearna|64\/100 brn|[from] brn\n|upkeep\n|turn|9\n|inactive|not mb has 60 seconds left.\n|\n|t:|1617587944\n|move|p1a: Magearna|Fleur Cannon|p2a: Landorus\n|-damage|p2a: Landorus|0 fnt\n|-unboost|p1a: Magearna|spa|2\n|faint|p2a: Landorus\n|-ability|p1a: Magearna|Soul-Heart|boost\n|-boost|p1a: Magearna|spa|1\n|\n|-damage|p1a: Magearna|58\/100 brn|[from] brn\n|upkeep\n|\n|t:|1617587945\n|switch|p2a: Mawile|Mawile, F|100\/100\n|-damage|p2a: Mawile|95\/100|[from] Stealth Rock\n|-ability|p2a: Mawile|Intimidate|boost\n|-unboost|p1a: Magearna|atk|1\n|turn|10\n|inactive|not mb has 60 seconds left.\n|inactive|starmaster has 90 seconds left.\n|inactive|starmaster has 60 seconds left.\n|inactive|starmaster has 30 seconds left.\n|\n|t:|1617588033\n|detailschange|p2a: Mawile|Mawile-Mega, F\n|-mega|p2a: Mawile|Mawile|Mawilite\n|move|p1a: Magearna|Fleur Cannon|p2a: Mawile\n|-resisted|p2a: Mawile\n|-damage|p2a: Mawile|46\/100\n|-unboost|p1a: Magearna|spa|2\n|move|p2a: Mawile|Fire Fang|p1a: Magearna\n|-supereffective|p1a: Magearna\n|-damage|p1a: Magearna|0 fnt\n|faint|p1a: Magearna\n|\n|upkeep\n|inactive|starmaster has 30 seconds left.\n|inactive|starmaster has 20 seconds left.\n|inactive|starmaster has 15 seconds left.\n|inactive|starmaster has 10 seconds left.\n|\n|t:|1617588059\n|switch|p1a: Serperior|Serperior, M|100\/100\n|-damage|p1a: Serperior|88\/100|[from] Stealth Rock\n|turn|11\n|inactive|starmaster has 20 seconds left this turn.\n|inactive|not mb has 60 seconds left.\n|\n|t:|1617588098\n|move|p1a: Serperior|Defog|p2a: Mawile\n|-unboost|p2a: Mawile|evasion|1\n|-sideend|p2: not mb|Stealth Rock|[from] move: Defog|[of] p1a: Serperior\n|-sideend|p1: starmaster|Stealth Rock|[from] move: Defog|[of] p1a: Serperior\n|move|p2a: Mawile|Ice Punch|p1a: Serperior\n|-supereffective|p1a: Serperior\n|-damage|p1a: Serperior|0 fnt\n|-damage|p2a: Mawile|29\/100|[from] item: Rocky Helmet|[of] p1a: Serperior\n|faint|p1a: Serperior\n|\n|upkeep\n|inactive|starmaster has 25 seconds left this turn.\n|inactive|starmaster has 20 seconds left.\n|\n|t:|1617588106\n|switch|p1a: Suicune|Suicune|100\/100\n|-ability|p1a: Suicune|Pressure\n|turn|12\n|inactive|starmaster has 30 seconds left this turn.\n|\n|t:|1617588115\n|switch|p2a: Greninja|Greninja, M|100\/100\n|move|p1a: Suicune|Scald|p2a: Greninja\n|-resisted|p2a: Greninja\n|-damage|p2a: Greninja|82\/100\n|\n|upkeep\n|turn|13\n|inactive|starmaster has 30 seconds left.\n|\n|t:|1617588132\n|move|p2a: Greninja|Gunk Shot|p1a: Suicune\n|-start|p2a: Greninja|typechange|Poison|[from] ability: Protean\n|-damage|p1a: Suicune|65\/100\n|-status|p1a: Suicune|psn\n|move|p1a: Suicune|Scald|p2a: Greninja\n|-damage|p2a: Greninja|38\/100\n|\n|-heal|p1a: Suicune|71\/100 psn|[from] item: Leftovers\n|-damage|p1a: Suicune|58\/100 psn|[from] psn\n|upkeep\n|turn|14\n|inactive|starmaster has 30 seconds left.\n|\n|t:|1617588143\n|move|p2a: Greninja|U-turn|p1a: Suicune\n|-start|p2a: Greninja|typechange|Bug|[from] ability: Protean\n|-damage|p1a: Suicune|36\/100 psn\n|\n|t:|1617588152\n|switch|p2a: Tapu Bulu|Tapu Bulu|100\/100|[from]move: U-turn\n|-fieldstart|move: Grassy Terrain|[from] ability: Grassy Surge|[of] p2a: Tapu Bulu\n|move|p1a: Suicune|Scald|p2a: Tapu Bulu\n|-resisted|p2a: Tapu Bulu\n|-damage|p2a: Tapu Bulu|91\/100\n|\n|-heal|p1a: Suicune|42\/100 psn|[from] Grassy Terrain\n|-heal|p1a: Suicune|48\/100 psn|[from] item: Leftovers\n|-heal|p2a: Tapu Bulu|97\/100|[from] Grassy Terrain\n|-heal|p2a: Tapu Bulu|100\/100|[from] item: Leftovers\n|-damage|p1a: Suicune|36\/100 psn|[from] psn\n|upkeep\n|turn|15\n|\n|t:|1617588154\n|switch|p1a: Cresselia|Cresselia, F|100\/100\n|switch|p2a: Heatran|Heatran, M|38\/100\n|\n|-heal|p2a: Heatran|45\/100|[from] Grassy Terrain\n|-heal|p2a: Heatran|51\/100|[from] item: Leftovers\n|upkeep\n|turn|16\n|inactive|not mb has 30 seconds left.\n|inactive|not mb has 20 seconds left.\n|inactive|not mb has 15 seconds left.\n|inactive|not mb has 10 seconds left.\n|\n|t:|1617588205\n|move|p2a: Heatran|Stealth Rock|p1a: Cresselia\n|-sidestart|p1: starmaster|move: Stealth Rock\n|move|p1a: Cresselia|Thunder Wave|p2a: Heatran\n|-status|p2a: Heatran|par\n|\n|-heal|p2a: Heatran|57\/100 par|[from] Grassy Terrain\n|-heal|p2a: Heatran|63\/100 par|[from] item: Leftovers\n|upkeep\n|turn|17\n|inactive|not mb has 20 seconds left this turn.\n|inactive|not mb has 15 seconds left.\n|\n|t:|1617588218\n|switch|p2a: Mawile|Mawile-Mega, F|29\/100\n|move|p1a: Cresselia|Ice Beam|p2a: Mawile\n|-resisted|p2a: Mawile\n|-damage|p2a: Mawile|17\/100\n|\n|-heal|p2a: Mawile|23\/100|[from] Grassy Terrain\n|upkeep\n|turn|18\n|inactive|not mb has 25 seconds left this turn.\n|inactive|not mb has 20 seconds left.\n|inactive|not mb has 15 seconds left.\n|\n|t:|1617588230\n|switch|p2a: Heatran|Heatran, M|63\/100 par\n|move|p1a: Cresselia|Skill Swap|p2a: Heatran\n|-activate|p1a: Cresselia|move: Skill Swap|Flash Fire|Levitate|[of] p2a: Heatran\n|\n|-heal|p2a: Heatran|70\/100 par|[from] item: Leftovers\n|-fieldend|move: Grassy Terrain\n|upkeep\n|turn|19\n|inactive|not mb has 25 seconds left this turn.\n|inactive|not mb has 20 seconds left.\n|inactive|not mb has 15 seconds left.\n|inactive|not mb has 10 seconds left.\n|\n|t:|1617588248\n|move|p1a: Cresselia|Lunar Dance|p1a: Cresselia\n|faint|p1a: Cresselia\n|move|p2a: Heatran|Toxic|p1: Cresselia|[notarget]\n|-fail|p2a: Heatran\n|\n|-heal|p2a: Heatran|76\/100 par|[from] item: Leftovers\n|upkeep\n|inactive|not mb has 15 seconds left this turn.\n|\n|t:|1617588250\n|switch|p1a: Suicune|Suicune|36\/100 psn\n|-heal|p1a: Suicune|100\/100|[from] move: Lunar Dance\n|-damage|p1a: Suicune|88\/100|[from] Stealth Rock\n|-ability|p1a: Suicune|Pressure\n|turn|20\n|inactive|not mb has 25 seconds left this turn.\n|inactive|not mb has 20 seconds left.\n|inactive|not mb has 15 seconds left.\n|\n|t:|1617588262\n|switch|p2a: Greninja|Greninja, M|38\/100\n|move|p1a: Suicune|Substitute|p1a: Suicune\n|-start|p1a: Suicune|Substitute\n|-damage|p1a: Suicune|63\/100\n|\n|-heal|p1a: Suicune|69\/100|[from] item: Leftovers\n|upkeep\n|turn|21\n|inactive|not mb has 25 seconds left this turn.\n|\n|t:|1617588266\n|move|p1a: Suicune|Protect|p1a: Suicune\n|-singleturn|p1a: Suicune|Protect\n|move|p2a: Greninja|U-turn|p1a: Suicune\n|-start|p2a: Greninja|typechange|Bug|[from] ability: Protean\n|-activate|p1a: Suicune|move: Protect\n|\n|-heal|p1a: Suicune|75\/100|[from] item: Leftovers\n|upkeep\n|turn|22\n|inactive|starmaster has 60 seconds left.\n|\n|t:|1617588282\n|move|p2a: Greninja|U-turn|p1a: Suicune\n|-activate|p1a: Suicune|move: Substitute|[damage]\n|inactive|not mb has 30 seconds left.\n|\n|t:|1617588296\n|switch|p2a: Tapu Bulu|Tapu Bulu|100\/100|[from]move: U-turn\n|-fieldstart|move: Grassy Terrain|[from] ability: Grassy Surge|[of] p2a: Tapu Bulu\n|move|p1a: Suicune|Scald|p2a: Tapu Bulu\n|-resisted|p2a: Tapu Bulu\n|-damage|p2a: Tapu Bulu|90\/100\n|\n|-heal|p1a: Suicune|82\/100|[from] Grassy Terrain\n|-heal|p1a: Suicune|88\/100|[from] item: Leftovers\n|-heal|p2a: Tapu Bulu|96\/100|[from] Grassy Terrain\n|-heal|p2a: Tapu Bulu|100\/100|[from] item: Leftovers\n|upkeep\n|turn|23\n|inactive|not mb has 30 seconds left.\n|\n|t:|1617588307\n|move|p1a: Suicune|Scald|p2a: Tapu Bulu\n|-resisted|p2a: Tapu Bulu\n|-damage|p2a: Tapu Bulu|91\/100\n|move|p2a: Tapu Bulu|Horn Leech|p1a: Suicune\n|-supereffective|p1a: Suicune\n|-crit|p1a: Suicune\n|-end|p1a: Suicune|Substitute\n|-heal|p2a: Tapu Bulu|94\/100|[from] drain|[of] p1a: Suicune\n|\n|-heal|p1a: Suicune|94\/100|[from] Grassy Terrain\n|-heal|p1a: Suicune|99\/100|[from] item: Leftovers\n|-heal|p2a: Tapu Bulu|100\/100|[from] Grassy Terrain\n|upkeep\n|turn|24\n|\n|t:|1617588315\n|move|p1a: Suicune|Substitute|p1a: Suicune\n|-start|p1a: Suicune|Substitute\n|-damage|p1a: Suicune|75\/100\n|move|p2a: Tapu Bulu|Horn Leech|p1a: Suicune\n|-supereffective|p1a: Suicune\n|-end|p1a: Suicune|Substitute\n|\n|-heal|p1a: Suicune|81\/100|[from] Grassy Terrain\n|-heal|p1a: Suicune|88\/100|[from] item: Leftovers\n|upkeep\n|turn|25\n|\n|t:|1617588328\n|switch|p2a: Greninja|Greninja, M|38\/100\n|move|p1a: Suicune|Substitute|p1a: Suicune\n|-start|p1a: Suicune|Substitute\n|-damage|p1a: Suicune|63\/100\n|\n|-heal|p2a: Greninja|44\/100|[from] Grassy Terrain\n|-heal|p1a: Suicune|69\/100|[from] Grassy Terrain\n|-heal|p1a: Suicune|75\/100|[from] item: Leftovers\n|upkeep\n|turn|26\n|inactive|not mb has 30 seconds left.\n|\n|t:|1617588368\n|move|p2a: Greninja|U-turn|p1a: Suicune\n|-start|p2a: Greninja|typechange|Bug|[from] ability: Protean\n|-activate|p1a: Suicune|move: Substitute|[damage]\n|inactive|not mb has 30 seconds left this turn.\n|\n|t:|1617588372\n|switch|p2a: Tapu Bulu|Tapu Bulu|100\/100|[from]move: U-turn\n|move|p1a: Suicune|Scald|p2a: Tapu Bulu\n|-resisted|p2a: Tapu Bulu\n|-damage|p2a: Tapu Bulu|90\/100\n|\n|-heal|p1a: Suicune|81\/100|[from] Grassy Terrain\n|-heal|p1a: Suicune|87\/100|[from] item: Leftovers\n|-heal|p2a: Tapu Bulu|96\/100|[from] Grassy Terrain\n|-heal|p2a: Tapu Bulu|100\/100|[from] item: Leftovers\n|-fieldend|move: Grassy Terrain\n|upkeep\n|turn|27\n|\n|t:|1617588380\n|move|p1a: Suicune|Protect|p1a: Suicune\n|-singleturn|p1a: Suicune|Protect\n|move|p2a: Tapu Bulu|Horn Leech|p1a: Suicune\n|-activate|p1a: Suicune|move: Protect\n|\n|-heal|p1a: Suicune|94\/100|[from] item: Leftovers\n|upkeep\n|turn|28\n|\n|t:|1617588384\n|move|p1a: Suicune|Scald|p2a: Tapu Bulu\n|-resisted|p2a: Tapu Bulu\n|-damage|p2a: Tapu Bulu|91\/100\n|move|p2a: Tapu Bulu|Horn Leech|p1a: Suicune\n|-supereffective|p1a: Suicune\n|-end|p1a: Suicune|Substitute\n|-heal|p2a: Tapu Bulu|91\/100|[from] drain|[of] p1a: Suicune\n|\n|-heal|p1a: Suicune|99\/100|[from] item: Leftovers\n|-heal|p2a: Tapu Bulu|98\/100|[from] item: Leftovers\n|upkeep\n|turn|29\n|\n|t:|1617588398\n|move|p1a: Suicune|Substitute|p1a: Suicune\n|-start|p1a: Suicune|Substitute\n|-damage|p1a: Suicune|75\/100\n|move|p2a: Tapu Bulu|Horn Leech|p1a: Suicune\n|-supereffective|p1a: Suicune\n|-end|p1a: Suicune|Substitute\n|-heal|p2a: Tapu Bulu|100\/100|[from] drain|[of] p1a: Suicune\n|\n|-heal|p1a: Suicune|81\/100|[from] item: Leftovers\n|upkeep\n|turn|30\n|\n|t:|1617588415\n|move|p1a: Suicune|Substitute|p1a: Suicune\n|-start|p1a: Suicune|Substitute\n|-damage|p1a: Suicune|56\/100\n|move|p2a: Tapu Bulu|Horn Leech|p1a: Suicune\n|-supereffective|p1a: Suicune\n|-end|p1a: Suicune|Substitute\n|\n|-heal|p1a: Suicune|62\/100|[from] item: Leftovers\n|upkeep\n|turn|31\n|\n|t:|1617588424\n|move|p1a: Suicune|Substitute|p1a: Suicune\n|-start|p1a: Suicune|Substitute\n|-damage|p1a: Suicune|37\/100\n|move|p2a: Tapu Bulu|Swords Dance|p2a: Tapu Bulu\n|-boost|p2a: Tapu Bulu|atk|2\n|\n|-heal|p1a: Suicune|43\/100|[from] item: Leftovers\n|upkeep\n|turn|32\n|inactive|starmaster has 120 seconds left.\n|\n|t:|1617588430\n|move|p1a: Suicune|Scald|p2a: Tapu Bulu\n|-resisted|p2a: Tapu Bulu\n|-damage|p2a: Tapu Bulu|91\/100\n|move|p2a: Tapu Bulu|Swords Dance|p2a: Tapu Bulu\n|-boost|p2a: Tapu Bulu|atk|2\n|\n|-heal|p1a: Suicune|50\/100|[from] item: Leftovers\n|-heal|p2a: Tapu Bulu|98\/100|[from] item: Leftovers\n|upkeep\n|turn|33\n|inactive|not mb has 60 seconds left.\n|\n|t:|1617588439\n|move|p1a: Suicune|Scald|p2a: Tapu Bulu\n|-resisted|p2a: Tapu Bulu\n|-damage|p2a: Tapu Bulu|89\/100\n|move|p2a: Tapu Bulu|Superpower|p1a: Suicune\n|-end|p1a: Suicune|Substitute\n|-unboost|p2a: Tapu Bulu|atk|1\n|-unboost|p2a: Tapu Bulu|def|1\n|\n|-heal|p1a: Suicune|56\/100|[from] item: Leftovers\n|-heal|p2a: Tapu Bulu|95\/100|[from] item: Leftovers\n|upkeep\n|turn|34\n|inactive|not mb has 60 seconds left.\n|\n|t:|1617588465\n|move|p1a: Suicune|Protect|p1a: Suicune\n|-singleturn|p1a: Suicune|Protect\n|move|p2a: Tapu Bulu|Horn Leech|p1a: Suicune\n|-activate|p1a: Suicune|move: Protect\n|\n|-heal|p1a: Suicune|62\/100|[from] item: Leftovers\n|-heal|p2a: Tapu Bulu|100\/100|[from] item: Leftovers\n|upkeep\n|turn|35\n|\n|t:|1617588473\n|move|p1a: Suicune|Substitute|p1a: Suicune\n|-start|p1a: Suicune|Substitute\n|-damage|p1a: Suicune|37\/100\n|move|p2a: Tapu Bulu|Horn Leech|p1a: Suicune\n|-supereffective|p1a: Suicune\n|-end|p1a: Suicune|Substitute\n|\n|-heal|p1a: Suicune|43\/100|[from] item: Leftovers\n|upkeep\n|turn|36\n|inactive|not mb has 60 seconds left.\n|\n|t:|1617588485\n|move|p1a: Suicune|Substitute|p1a: Suicune\n|-start|p1a: Suicune|Substitute\n|-damage|p1a: Suicune|18\/100\n|move|p2a: Tapu Bulu|Superpower|p1a: Suicune\n|-end|p1a: Suicune|Substitute\n|-unboost|p2a: Tapu Bulu|atk|1\n|-unboost|p2a: Tapu Bulu|def|1\n|\n|-heal|p1a: Suicune|24\/100|[from] item: Leftovers\n|upkeep\n|turn|37\n|inactive|not mb has 60 seconds left.\n|\n|t:|1617588517\n|move|p1a: Suicune|Scald|p2a: Tapu Bulu\n|-resisted|p2a: Tapu Bulu\n|-damage|p2a: Tapu Bulu|91\/100\n|move|p2a: Tapu Bulu|Superpower|p1a: Suicune\n|-damage|p1a: Suicune|0 fnt\n|-unboost|p2a: Tapu Bulu|atk|1\n|-unboost|p2a: Tapu Bulu|def|1\n|faint|p1a: Suicune\n|\n|-heal|p2a: Tapu Bulu|97\/100|[from] item: Leftovers\n|upkeep\n|\n|t:|1617588523\n|switch|p1a: Volcarona|Volcarona, M|100\/100\n|-damage|p1a: Volcarona|51\/100|[from] Stealth Rock\n|turn|38\n|\n|t:|1617588533\n|move|p1a: Volcarona|Quiver Dance|p1a: Volcarona\n|-boost|p1a: Volcarona|spa|1\n|-boost|p1a: Volcarona|spd|1\n|-boost|p1a: Volcarona|spe|1\n|move|p2a: Tapu Bulu|Superpower|p1a: Volcarona\n|-resisted|p1a: Volcarona\n|-damage|p1a: Volcarona|14\/100\n|-unboost|p2a: Tapu Bulu|atk|1\n|-unboost|p2a: Tapu Bulu|def|1\n|\n|-heal|p1a: Volcarona|20\/100|[from] item: Leftovers\n|-heal|p2a: Tapu Bulu|100\/100|[from] item: Leftovers\n|upkeep\n|turn|39\n|inactive|starmaster has 150 seconds left.\n|\n|t:|1617588548\n|move|p1a: Volcarona|Flamethrower|p2a: Tapu Bulu\n|-supereffective|p2a: Tapu Bulu\n|-damage|p2a: Tapu Bulu|0 fnt\n|faint|p2a: Tapu Bulu\n|\n|-heal|p1a: Volcarona|26\/100|[from] item: Leftovers\n|upkeep\n|\n|t:|1617588555\n|switch|p2a: Heatran|Heatran, M|76\/100 par\n|turn|40\n|\n|t:|1617588560\n|move|p1a: Volcarona|Substitute|p1a: Volcarona\n|-start|p1a: Volcarona|Substitute\n|-damage|p1a: Volcarona|2\/100\n|move|p2a: Heatran|Magma Storm|p1a: Volcarona|[miss]\n|-miss|p2a: Heatran|p1a: Volcarona\n|\n|-heal|p1a: Volcarona|8\/100|[from] item: Leftovers\n|-heal|p2a: Heatran|82\/100 par|[from] item: Leftovers\n|upkeep\n|turn|41\n|\n|t:|1617588563\n|move|p1a: Volcarona|Quiver Dance|p1a: Volcarona\n|-boost|p1a: Volcarona|spa|1\n|-boost|p1a: Volcarona|spd|1\n|-boost|p1a: Volcarona|spe|1\n|move|p2a: Heatran|Magma Storm|p1a: Volcarona\n|-activate|p1a: Volcarona|move: Substitute|[damage]\n|\n|-heal|p1a: Volcarona|14\/100|[from] item: Leftovers\n|-heal|p2a: Heatran|88\/100 par|[from] item: Leftovers\n|upkeep\n|turn|42\n|\n|t:|1617588578\n|move|p1a: Volcarona|Quiver Dance|p1a: Volcarona\n|-boost|p1a: Volcarona|spa|1\n|-boost|p1a: Volcarona|spd|1\n|-boost|p1a: Volcarona|spe|1\n|cant|p2a: Heatran|par\n|\n|-heal|p1a: Volcarona|20\/100|[from] item: Leftovers\n|-heal|p2a: Heatran|95\/100 par|[from] item: Leftovers\n|upkeep\n|turn|43\n|\n|t:|1617588584\n|move|p1a: Volcarona|Quiver Dance|p1a: Volcarona\n|-boost|p1a: Volcarona|spa|1\n|-boost|p1a: Volcarona|spd|1\n|-boost|p1a: Volcarona|spe|1\n|move|p2a: Heatran|Magma Storm|p1a: Volcarona\n|-end|p1a: Volcarona|Substitute\n|\n|-heal|p1a: Volcarona|26\/100|[from] item: Leftovers\n|-heal|p2a: Heatran|100\/100 par|[from] item: Leftovers\n|upkeep\n|turn|44\n|\n|t:|1617588590\n|move|p1a: Volcarona|Substitute|p1a: Volcarona\n|-start|p1a: Volcarona|Substitute\n|-damage|p1a: Volcarona|2\/100\n|cant|p2a: Heatran|par\n|\n|-heal|p1a: Volcarona|8\/100|[from] item: Leftovers\n|upkeep\n|turn|45\n|\n|t:|1617588597\n|move|p1a: Volcarona|Quiver Dance|p1a: Volcarona\n|-boost|p1a: Volcarona|spa|1\n|-boost|p1a: Volcarona|spd|1\n|-boost|p1a: Volcarona|spe|1\n|move|p2a: Heatran|Magma Storm|p1a: Volcarona|[miss]\n|-miss|p2a: Heatran|p1a: Volcarona\n|\n|-heal|p1a: Volcarona|14\/100|[from] item: Leftovers\n|upkeep\n|turn|46\n|\n|t:|1617588601\n|move|p1a: Volcarona|Quiver Dance|p1a: Volcarona\n|-boost|p1a: Volcarona|spa|1\n|-boost|p1a: Volcarona|spd|1\n|-boost|p1a: Volcarona|spe|1\n|move|p2a: Heatran|Magma Storm|p1a: Volcarona\n|-activate|p1a: Volcarona|move: Substitute|[damage]\n|\n|-heal|p1a: Volcarona|20\/100|[from] item: Leftovers\n|upkeep\n|turn|47\n|\n|t:|1617588606\n|move|p1a: Volcarona|Bug Buzz|p2a: Heatran\n|-resisted|p2a: Heatran\n|-damage|p2a: Heatran|53\/100 par\n|cant|p2a: Heatran|par\n|\n|-heal|p1a: Volcarona|26\/100|[from] item: Leftovers\n|-heal|p2a: Heatran|59\/100 par|[from] item: Leftovers\n|upkeep\n|turn|48\n|-message|not mb forfeited.\n|\n|win|starmaster\n|c|\u2606starmaster|ggs\n","uploadtime":1617588624,"views":377,"p1id":"starmaster","p2id":"notmb","formatid":"gen7ou","rating":0,"private":0,"password":null}