{"id":"smogtours-gen4pu-640764","p1":"Skysolo \u2764","p2":"Beraldinhoo","format":"gen4pu","log":"|inactive|Battle timer is ON: inactive players will automatically lose when time's up.\n|t:|1658958434\n|gametype|singles\n|player|p1|Skysolo \u2764|#pspl2019ubers|\n|player|p2|Beraldinhoo|#ptpl3medicham|\n|teamsize|p1|6\n|teamsize|p2|6\n|gen|4\n|tier|[Gen 4] PU\n|rule|Sleep Clause Mod: Limit one foe put to sleep\n|rule|Species Clause: Limit one of each Pok\u00e9mon\n|rule|OHKO Clause: OHKO moves are banned\n|rule|Evasion Moves Clause: Evasion moves are banned\n|rule|Endless Battle Clause: Forcing endless battles is banned\n|rule|HP Percentage Mod: HP is shown in percentages\n|rule|Baton Pass Clause: Limit one Baton Passer, can't pass Spe and other stats simultaneously\n|\n|t:|1658958434\n|start\n|switch|p1a: Machoke|Machoke, M|100\/100\n|switch|p2a: Golduck|Golduck, M|100\/100\n|turn|1\n|c|\u2606Skysolo \u2764|hf\n|inactive|Beraldinhoo has 270 seconds left.\n|c|\u2606Beraldinhoo|u2\n|\n|t:|1658958473\n|move|p2a: Golduck|Hydro Pump|p1a: Machoke\n|-damage|p1a: Machoke|13\/100\n|move|p1a: Machoke|Dynamic Punch|p2a: Golduck\n|-damage|p2a: Golduck|31\/100\n|-start|p2a: Golduck|confusion\n|-enditem|p2a: Golduck|Lum Berry|[eat]\n|-end|p2a: Golduck|confusion\n|\n|upkeep\n|turn|2\n|c|+Donny P.|baldo are you also sick nasty at DPP UU \n|c|+Donny P.|also is this for anything\n|c|+omicorio|pupl\n|c|\u2606Beraldinhoo|pupl \n|c|\u2606Beraldinhoo|I'm fine at dpp uu \n|inactive|Beraldinhoo has 270 seconds left.\n|\n|t:|1658958506\n|switch|p1a: Muk|Muk, M|100\/100\n|move|p2a: Golduck|Aqua Jet|p1a: Muk\n|-damage|p1a: Muk|89\/100\n|\n|-heal|p1a: Muk|95\/100|[from] item: Black Sludge\n|upkeep\n|turn|3\n|\n|t:|1658958524\n|switch|p2a: Metang|Metang|100\/100\n|move|p1a: Muk|Poison Jab|p2a: Metang\n|-immune|p2a: Metang\n|\n|-heal|p1a: Muk|100\/100|[from] item: Black Sludge\n|upkeep\n|turn|4\n|c|+Lambovino|Q(\u00f2\u00f3Q) Beraldo Q(\u00f2\u00f3Q)\n|c|\u2606Beraldinhoo|,\n|c|\u2606Beraldinhoo|girl\n|inactive|Beraldinhoo has 270 seconds left.\n|c|\u2606Beraldinhoo|the hell is this\n|c|\u2606Beraldinhoo|Q(\u00f2\u00f3Q)\n|c|\u2606Skysolo \u2764|dpppl champs dueling it out\n|c|+Lambovino|Q(\u00f2\u00f3Q)\n|c|+asa|Q(\u00f2\u00f3Q) Beraldo Q(\u00f2\u00f3Q)\n|\n|t:|1658958561\n|switch|p1a: Relicanth|Relicanth, F|100\/100\n|move|p2a: Metang|Stealth Rock|p1a: Relicanth\n|-sidestart|p1: Skysolo \u2764|move: Stealth Rock\n|\n|upkeep\n|turn|5\n|\n|t:|1658958573\n|switch|p2a: Victreebel|Victreebel, F|100\/100\n|move|p1a: Relicanth|Stealth Rock|p2a: Victreebel\n|-sidestart|p2: Beraldinhoo|move: Stealth Rock\n|\n|upkeep\n|turn|6\n|\n|t:|1658958582\n|switch|p1a: Muk|Muk, M|100\/100\n|-damage|p1a: Muk|88\/100|[from] Stealth Rock\n|move|p2a: Victreebel|Leaf Blade|p1a: Muk\n|-resisted|p1a: Muk\n|-damage|p1a: Muk|67\/100\n|-damage|p2a: Victreebel|91\/100|[from] item: Life Orb\n|\n|-heal|p1a: Muk|73\/100|[from] item: Black Sludge\n|upkeep\n|turn|7\n|\n|t:|1658958587\n|move|p2a: Victreebel|Sleep Powder|p1a: Muk\n|-status|p1a: Muk|slp|[from] move: Sleep Powder\n|cant|p1a: Muk|slp\n|\n|-heal|p1a: Muk|79\/100 slp|[from] item: Black Sludge\n|upkeep\n|turn|8\n|\n|t:|1658958592\n|switch|p2a: Metang|Metang|100\/100\n|-damage|p2a: Metang|94\/100|[from] Stealth Rock\n|cant|p1a: Muk|slp\n|move|p1a: Muk|Sleep Talk|p1a: Muk\n|move|p1a: Muk|Payback|p2a: Metang|[from]move: Sleep Talk\n|-damage|p2a: Metang|73\/100\n|\n|-heal|p2a: Metang|79\/100|[from] item: Leftovers\n|-heal|p1a: Muk|85\/100 slp|[from] item: Black Sludge\n|upkeep\n|turn|9\n|\n|t:|1658958604\n|switch|p1a: Relicanth|Relicanth, F|100\/100\n|-damage|p1a: Relicanth|88\/100|[from] Stealth Rock\n|move|p2a: Metang|Earthquake|p1a: Relicanth\n|-supereffective|p1a: Relicanth\n|-enditem|p1a: Relicanth|Shuca Berry|[eat]\n|-enditem|p1a: Relicanth|Shuca Berry|[weaken]\n|-damage|p1a: Relicanth|76\/100\n|\n|-heal|p2a: Metang|86\/100|[from] item: Leftovers\n|upkeep\n|turn|10\n|c|+Donny P.|(O\u00f2\u00f3)Q Q(\u00f2\u00f3Q) \n|c|\u2606Beraldinhoo|12\n|c|\u2606Skysolo \u2764|12\n|inactive|Beraldinhoo has 270 seconds left.\n|\n|t:|1658958638\n|switch|p2a: Victreebel|Victreebel, F|91\/100\n|-damage|p2a: Victreebel|78\/100|[from] Stealth Rock\n|move|p1a: Relicanth|Waterfall|p2a: Victreebel\n|-resisted|p2a: Victreebel\n|-damage|p2a: Victreebel|56\/100\n|\n|upkeep\n|turn|11\n|\n|t:|1658958653\n|switch|p2a: Rhydon|Rhydon, F|100\/100\n|-damage|p2a: Rhydon|95\/100|[from] Stealth Rock\n|switch|p1a: Muk|Muk, M|85\/100 slp\n|-damage|p1a: Muk|73\/100 slp|[from] Stealth Rock\n|\n|-heal|p1a: Muk|79\/100 slp|[from] item: Black Sludge\n|upkeep\n|turn|12\n|\n|t:|1658958672\n|switch|p1a: Machoke|Machoke, M|13\/100\n|-damage|p1a: Machoke|7\/100|[from] Stealth Rock\n|move|p2a: Rhydon|Earthquake|p1a: Machoke\n|-damage|p1a: Machoke|0 fnt\n|faint|p1a: Machoke\n|\n|upkeep\n|\n|t:|1658958683\n|switch|p1a: Gabite|Gabite, F|100\/100\n|-damage|p1a: Gabite|94\/100|[from] Stealth Rock\n|turn|13\n|inactive|Beraldinhoo has 270 seconds left.\n|\n|t:|1658958691\n|switch|p2a: Misdreavus|Misdreavus, F|100\/100\n|-damage|p2a: Misdreavus|88\/100|[from] Stealth Rock\n|move|p1a: Gabite|Earthquake|p2a: Misdreavus\n|-immune|p2a: Misdreavus|[from] ability: Levitate\n|\n|upkeep\n|turn|14\n|\n|t:|1658958699\n|switch|p1a: Bellossom|Bellossom, M|100\/100\n|-damage|p1a: Bellossom|88\/100|[from] Stealth Rock\n|move|p2a: Misdreavus|Shadow Ball|p1a: Bellossom\n|-crit|p1a: Bellossom\n|-damage|p1a: Bellossom|23\/100\n|\n|-heal|p1a: Bellossom|29\/100|[from] item: Leftovers\n|upkeep\n|turn|15\n|c|\u2606Skysolo \u2764|ah\n|inactive|Beraldinhoo has 270 seconds left.\n|\n|t:|1658958724\n|switch|p1a: Zangoose|Zangoose, F, shiny|100\/100\n|-damage|p1a: Zangoose|88\/100|[from] Stealth Rock\n|move|p2a: Misdreavus|Shadow Ball|p1a: Zangoose\n|-immune|p1a: Zangoose\n|\n|upkeep\n|turn|16\n|inactive|Beraldinhoo has 270 seconds left.\n|\n|t:|1658958733\n|-activate|p2a: Misdreavus|move: Pursuit\n|move|p1a: Zangoose|Pursuit|p2a: Misdreavus|[from]Pursuit\n|-supereffective|p2a: Misdreavus\n|-damage|p2a: Misdreavus|0 fnt\n|faint|p2a: Misdreavus\n|-hint|Previously chosen switches continue in Gen 2-4 after a Pursuit target faints.\n|switch|p2a: Metang|Metang|86\/100\n|-damage|p2a: Metang|79\/100|[from] Stealth Rock\n|\n|-heal|p2a: Metang|86\/100|[from] item: Leftovers\n|upkeep\n|turn|17\n|inactive|Beraldinhoo has 270 seconds left.\n|\n|t:|1658958744\n|switch|p1a: Gabite|Gabite, F|94\/100\n|-damage|p1a: Gabite|88\/100|[from] Stealth Rock\n|move|p2a: Metang|Earthquake|p1a: Gabite\n|-damage|p1a: Gabite|56\/100\n|\n|-heal|p2a: Metang|92\/100|[from] item: Leftovers\n|upkeep\n|turn|18\n|inactive|Beraldinhoo has 270 seconds left.\n|inactive|Beraldinhoo has 240 seconds left.\n|inactive|Beraldinhoo has 210 seconds left.\n|\n|t:|1658958815\n|switch|p2a: Golduck|Golduck, M|31\/100\n|-damage|p2a: Golduck|18\/100|[from] Stealth Rock\n|move|p1a: Gabite|Earthquake|p2a: Golduck\n|-damage|p2a: Golduck|0 fnt\n|faint|p2a: Golduck\n|\n|upkeep\n|inactive|Beraldinhoo has 210 seconds left.\n|\n|t:|1658958823\n|switch|p2a: Purugly|Purugly, M|100\/100\n|-damage|p2a: Purugly|88\/100|[from] Stealth Rock\n|turn|19\n|inactive|Beraldinhoo has 210 seconds left.\n|\n|t:|1658958847\n|switch|p1a: Bellossom|Bellossom, M|29\/100\n|-damage|p1a: Bellossom|16\/100|[from] Stealth Rock\n|move|p2a: Purugly|Frustration|p1a: Bellossom\n|-damage|p1a: Bellossom|0 fnt\n|faint|p1a: Bellossom\n|\n|upkeep\n|\n|t:|1658958855\n|switch|p1a: Zangoose|Zangoose, F, shiny|88\/100\n|-damage|p1a: Zangoose|76\/100|[from] Stealth Rock\n|turn|20\n|\n|t:|1658958861\n|switch|p1a: Gabite|Gabite, F|56\/100\n|-damage|p1a: Gabite|50\/100|[from] Stealth Rock\n|switch|p2a: Metang|Metang|92\/100\n|-damage|p2a: Metang|86\/100|[from] Stealth Rock\n|\n|-heal|p2a: Metang|92\/100|[from] item: Leftovers\n|upkeep\n|turn|21\n|\n|t:|1658958867\n|switch|p2a: Victreebel|Victreebel, F|56\/100\n|-damage|p2a: Victreebel|44\/100|[from] Stealth Rock\n|move|p1a: Gabite|Earthquake|p2a: Victreebel\n|-damage|p2a: Victreebel|0 fnt\n|faint|p2a: Victreebel\n|\n|upkeep\n|\n|t:|1658958872\n|switch|p2a: Purugly|Purugly, M|88\/100\n|-damage|p2a: Purugly|76\/100|[from] Stealth Rock\n|turn|22\n|\n|t:|1658958892\n|switch|p1a: Muk|Muk, M|79\/100 slp\n|-damage|p1a: Muk|67\/100 slp|[from] Stealth Rock\n|move|p2a: Purugly|Frustration|p1a: Muk\n|-damage|p1a: Muk|15\/100 slp\n|\n|-heal|p1a: Muk|21\/100 slp|[from] item: Black Sludge\n|upkeep\n|turn|23\n|inactive|Beraldinhoo has 240 seconds left.\n|\n|t:|1658958900\n|move|p2a: Purugly|Frustration|p1a: Muk\n|-crit|p1a: Muk\n|-damage|p1a: Muk|0 fnt\n|faint|p1a: Muk\n|\n|upkeep\n|\n|t:|1658958905\n|switch|p1a: Zangoose|Zangoose, F, shiny|76\/100\n|-damage|p1a: Zangoose|64\/100|[from] Stealth Rock\n|turn|24\n|\n|t:|1658958917\n|switch|p2a: Metang|Metang|92\/100\n|-damage|p2a: Metang|86\/100|[from] Stealth Rock\n|move|p1a: Zangoose|Close Combat|p2a: Metang\n|-damage|p2a: Metang|56\/100\n|-unboost|p1a: Zangoose|def|1\n|-unboost|p1a: Zangoose|spd|1\n|\n|-heal|p2a: Metang|62\/100|[from] item: Leftovers\n|upkeep\n|turn|25\n|\n|t:|1658958941\n|move|p1a: Zangoose|Close Combat|p2a: Metang\n|-damage|p2a: Metang|32\/100\n|-unboost|p1a: Zangoose|def|1\n|-unboost|p1a: Zangoose|spd|1\n|move|p2a: Metang|Meteor Mash|p1a: Zangoose|[miss]\n|-miss|p2a: Metang|p1a: Zangoose\n|\n|-heal|p2a: Metang|38\/100|[from] item: Leftovers\n|upkeep\n|turn|26\n|\n|t:|1658958948\n|move|p1a: Zangoose|Close Combat|p2a: Metang\n|-damage|p2a: Metang|8\/100\n|-unboost|p1a: Zangoose|def|1\n|-unboost|p1a: Zangoose|spd|1\n|move|p2a: Metang|Pursuit|p1a: Zangoose\n|-damage|p1a: Zangoose|33\/100\n|\n|-heal|p2a: Metang|14\/100|[from] item: Leftovers\n|upkeep\n|turn|27\n|\n|t:|1658958951\n|move|p1a: Zangoose|Close Combat|p2a: Metang\n|-damage|p2a: Metang|0 fnt\n|-unboost|p1a: Zangoose|def|1\n|-unboost|p1a: Zangoose|spd|1\n|faint|p2a: Metang\n|\n|upkeep\n|\n|t:|1658958955\n|switch|p2a: Purugly|Purugly, M|76\/100\n|-damage|p2a: Purugly|63\/100|[from] Stealth Rock\n|turn|28\n|\n|t:|1658958959\n|switch|p1a: Relicanth|Relicanth, F|76\/100\n|-damage|p1a: Relicanth|64\/100|[from] Stealth Rock\n|move|p2a: Purugly|Fake Out|p1a: Relicanth\n|-resisted|p1a: Relicanth\n|-crit|p1a: Relicanth\n|-damage|p1a: Relicanth|52\/100\n|\n|upkeep\n|turn|29\n|\n|t:|1658958963\n|move|p2a: Purugly|U-turn|p1a: Relicanth\n|-damage|p1a: Relicanth|39\/100\n|\n|t:|1658958966\n|switch|p2a: Rhydon|Rhydon, F|95\/100|[from]move: U-turn\n|-damage|p2a: Rhydon|89\/100|[from] Stealth Rock\n|move|p1a: Relicanth|Waterfall|p2a: Rhydon\n|-supereffective|p2a: Rhydon\n|-damage|p2a: Rhydon|0 fnt\n|faint|p2a: Rhydon\n|\n|upkeep\n|\n|t:|1658958969\n|switch|p2a: Purugly|Purugly, M|63\/100\n|-damage|p2a: Purugly|51\/100|[from] Stealth Rock\n|turn|30\n|\n|t:|1658958983\n|switch|p1a: Gabite|Gabite, F|50\/100\n|-damage|p1a: Gabite|43\/100|[from] Stealth Rock\n|move|p2a: Purugly|Fake Out|p1a: Gabite\n|-damage|p1a: Gabite|13\/100\n|\n|upkeep\n|turn|31\n|\n|t:|1658958992\n|move|p2a: Purugly|Frustration|p1a: Gabite\n|-damage|p1a: Gabite|0 fnt\n|faint|p1a: Gabite\n|\n|upkeep\n|\n|t:|1658958995\n|switch|p1a: Zangoose|Zangoose, F, shiny|33\/100\n|-damage|p1a: Zangoose|21\/100|[from] Stealth Rock\n|turn|32\n|\n|t:|1658959001\n|move|p1a: Zangoose|Quick Attack|p2a: Purugly\n|-damage|p2a: Purugly|20\/100\n|move|p2a: Purugly|Sucker Punch|p1a: Zangoose\n|-fail|p2a: Purugly\n|\n|upkeep\n|turn|33\n|c|\u2606Skysolo \u2764|gg\n|c|\u2606Beraldinhoo|gg\n|-message|Beraldinhoo forfeited.\n|\n|win|Skysolo \u2764\n","uploadtime":1658959013,"views":255,"p1id":"skysolo","p2id":"beraldinhoo","formatid":"gen4pu","rating":0,"private":0,"password":null}