{"id":"smogtours-gen5ubers-628244","p1":"ckw","p2":"Raph369","format":"gen5ubers","log":"|inactive|Battle timer is ON: inactive players will automatically lose when time's up.\n|t:|1653513390\n|gametype|singles\n|player|p1|ckw|#wcop2021canada|\n|player|p2|Raph369|archer|\n|teamsize|p1|6\n|teamsize|p2|6\n|gen|5\n|tier|[Gen 5] Ubers\n|rule|Species Clause: Limit one of each Pok\u00e9mon\n|rule|OHKO Clause: OHKO moves are banned\n|rule|Moody Clause: Moody is banned\n|rule|Evasion Moves Clause: Evasion moves are banned\n|rule|Endless Battle Clause: Forcing endless battles is banned\n|rule|HP Percentage Mod: HP is shown in percentages\n|rule|Sleep Clause Mod: Limit one foe put to sleep\n|clearpoke\n|poke|p1|Kyogre|item\n|poke|p1|Genesect|item\n|poke|p1|Arceus-*|item\n|poke|p1|Giratina-Origin|item\n|poke|p1|Latios, M|item\n|poke|p1|Ferrothorn, M|item\n|poke|p2|Groudon|item\n|poke|p2|Deoxys-Attack|item\n|poke|p2|Darkrai|item\n|poke|p2|Salamence, M|item\n|poke|p2|Giratina-Origin|item\n|poke|p2|Arceus-*|item\n|teampreview\n|c|\u2606Raph369|hf\n|c|\u2606ckw|u1\n|c|\u2606ckw|u2*\n|c|\u2606Raph369|u3\n|\n|t:|1653513410\n|start\n|switch|p1a: Genesect|Genesect|100\/100\n|switch|p2a: Deoxys|Deoxys-Attack|100\/100\n|-ability|p1a: Genesect|Download|boost\n|-boost|p1a: Genesect|spa|1\n|-ability|p2a: Deoxys|Pressure\n|turn|1\n|\n|t:|1653513418\n|move|p1a: Genesect|Iron Head|p2a: Deoxys\n|-enditem|p2a: Deoxys|Focus Sash\n|-damage|p2a: Deoxys|1\/100\n|move|p2a: Deoxys|Spikes|p1a: Genesect\n|-sidestart|p1: ckw|Spikes\n|\n|upkeep\n|turn|2\n|\n|t:|1653513426\n|move|p2a: Deoxys|Extreme Speed|p1a: Genesect\n|-resisted|p1a: Genesect\n|-damage|p1a: Genesect|80\/100\n|move|p1a: Genesect|Iron Head|p2a: Deoxys\n|-damage|p2a: Deoxys|0 fnt\n|faint|p2a: Deoxys\n|\n|upkeep\n|\n|t:|1653513438\n|switch|p2a: Groudon|Groudon|100\/100\n|-weather|SunnyDay|[from] ability: Drought|[of] p2a: Groudon\n|turn|3\n|\n|t:|1653513440\n|switch|p1a: Kyogre|Kyogre|100\/100\n|-damage|p1a: Kyogre|88\/100|[from] Spikes\n|-weather|RainDance|[from] ability: Drizzle|[of] p1a: Kyogre\n|move|p2a: Groudon|Stealth Rock|p1a: Kyogre\n|-sidestart|p1: ckw|move: Stealth Rock\n|\n|-weather|RainDance|[upkeep]\n|upkeep\n|turn|4\n|\n|t:|1653513444\n|switch|p2a: Giratina|Giratina-Origin|100\/100\n|move|p1a: Kyogre|Water Spout|p2a: Giratina\n|-resisted|p2a: Giratina\n|-damage|p2a: Giratina|39\/100\n|\n|-weather|RainDance|[upkeep]\n|upkeep\n|turn|5\n|\n|t:|1653513449\n|move|p2a: Giratina|Shadow Sneak|p1a: Kyogre\n|-damage|p1a: Kyogre|62\/100\n|move|p1a: Kyogre|Water Spout|p2a: Giratina\n|-resisted|p2a: Giratina\n|-damage|p2a: Giratina|0 fnt\n|faint|p2a: Giratina\n|\n|-weather|RainDance|[upkeep]\n|upkeep\n|\n|t:|1653513464\n|switch|p2a: Darkrai|Darkrai|100\/100\n|turn|6\n|\n|t:|1653513471\n|switch|p1a: Genesect|Genesect|80\/100\n|-damage|p1a: Genesect|68\/100|[from] Spikes\n|-damage|p1a: Genesect|55\/100|[from] Stealth Rock\n|-ability|p1a: Genesect|Download|boost\n|-boost|p1a: Genesect|spa|1\n|move|p2a: Darkrai|Thunder|p1a: Genesect\n|-damage|p1a: Genesect|0 fnt\n|faint|p1a: Genesect\n|-damage|p2a: Darkrai|91\/100|[from] item: Life Orb\n|\n|-weather|RainDance|[upkeep]\n|upkeep\n|\n|t:|1653513482\n|switch|p1a: Ferrothorn|Ferrothorn, M|100\/100\n|-damage|p1a: Ferrothorn|88\/100|[from] Spikes\n|-damage|p1a: Ferrothorn|82\/100|[from] Stealth Rock\n|turn|7\n|\n|t:|1653513485\n|move|p2a: Darkrai|Dark Void|p1a: Ferrothorn|[miss]\n|-miss|p2a: Darkrai|p1a: Ferrothorn\n|move|p1a: Ferrothorn|Stealth Rock|p2a: Darkrai\n|-sidestart|p2: Raph369|move: Stealth Rock\n|\n|-weather|RainDance|[upkeep]\n|-heal|p1a: Ferrothorn|88\/100|[from] item: Leftovers\n|upkeep\n|turn|8\n|\n|t:|1653513488\n|move|p2a: Darkrai|Dark Void|p1a: Ferrothorn|[miss]\n|-miss|p2a: Darkrai|p1a: Ferrothorn\n|move|p1a: Ferrothorn|Power Whip|p2a: Darkrai|[miss]\n|-miss|p1a: Ferrothorn|p2a: Darkrai\n|\n|-weather|RainDance|[upkeep]\n|-heal|p1a: Ferrothorn|94\/100|[from] item: Leftovers\n|upkeep\n|turn|9\n|\n|t:|1653513491\n|move|p2a: Darkrai|Dark Void|p1a: Ferrothorn\n|-status|p1a: Ferrothorn|slp|[from] move: Dark Void\n|cant|p1a: Ferrothorn|slp\n|\n|-weather|RainDance|[upkeep]\n|-heal|p1a: Ferrothorn|100\/100 slp|[from] item: Leftovers\n|-damage|p1a: Ferrothorn|88\/100 slp|[from] ability: Bad Dreams|[of] p2a: Darkrai\n|upkeep\n|turn|10\n|\n|t:|1653513498\n|switch|p2a: Groudon|Groudon|100\/100\n|-damage|p2a: Groudon|94\/100|[from] Stealth Rock\n|-weather|SunnyDay|[from] ability: Drought|[of] p2a: Groudon\n|switch|p1a: Arceus|Arceus-Fighting|100\/100\n|-damage|p1a: Arceus|88\/100|[from] Spikes\n|-damage|p1a: Arceus|82\/100|[from] Stealth Rock\n|\n|-weather|SunnyDay|[upkeep]\n|upkeep\n|turn|11\n|\n|t:|1653513509\n|move|p1a: Arceus|Judgment|p2a: Groudon\n|-damage|p2a: Groudon|42\/100\n|move|p2a: Groudon|Dragon Tail|p1a: Arceus\n|-damage|p1a: Arceus|69\/100\n|drag|p1a: Giratina|Giratina-Origin|100\/100\n|-damage|p1a: Giratina|88\/100|[from] Stealth Rock\n|\n|-weather|SunnyDay|[upkeep]\n|upkeep\n|turn|12\n|\n|t:|1653513520\n|switch|p1a: Ferrothorn|Ferrothorn, M|88\/100 slp\n|-damage|p1a: Ferrothorn|75\/100 slp|[from] Spikes\n|-damage|p1a: Ferrothorn|69\/100 slp|[from] Stealth Rock\n|move|p2a: Groudon|Dragon Tail|p1a: Ferrothorn\n|-resisted|p1a: Ferrothorn\n|-crit|p1a: Ferrothorn\n|-damage|p1a: Ferrothorn|51\/100 slp\n|-damage|p2a: Groudon|29\/100|[from] ability: Iron Barbs|[of] p1a: Ferrothorn\n|drag|p1a: Latios|Latios, M|100\/100\n|-damage|p1a: Latios|88\/100|[from] Stealth Rock\n|\n|-weather|SunnyDay|[upkeep]\n|upkeep\n|turn|13\n|\n|t:|1653513527\n|move|p1a: Latios|Psyshock|p2a: Groudon\n|-damage|p2a: Groudon|0 fnt\n|faint|p2a: Groudon\n|\n|-weather|SunnyDay|[upkeep]\n|upkeep\n|\n|t:|1653513535\n|switch|p2a: Salamence|Salamence, M|100\/100\n|-damage|p2a: Salamence|76\/100|[from] Stealth Rock\n|turn|14\n|\n|t:|1653513547\n|switch|p1a: Ferrothorn|Ferrothorn, M|51\/100 slp\n|-damage|p1a: Ferrothorn|38\/100 slp|[from] Spikes\n|-damage|p1a: Ferrothorn|32\/100 slp|[from] Stealth Rock\n|move|p2a: Salamence|Outrage|p1a: Ferrothorn\n|-resisted|p1a: Ferrothorn\n|-damage|p1a: Ferrothorn|7\/100 slp\n|-damage|p2a: Salamence|63\/100|[from] ability: Iron Barbs|[of] p1a: Ferrothorn\n|\n|-weather|SunnyDay|[upkeep]\n|-heal|p1a: Ferrothorn|13\/100 slp|[from] item: Leftovers\n|upkeep\n|turn|15\n|\n|t:|1653513551\n|switch|p1a: Kyogre|Kyogre|62\/100\n|-damage|p1a: Kyogre|49\/100|[from] Spikes\n|-damage|p1a: Kyogre|37\/100|[from] Stealth Rock\n|-weather|RainDance|[from] ability: Drizzle|[of] p1a: Kyogre\n|move|p2a: Salamence|Outrage|p1a: Kyogre|[from]lockedmove\n|-damage|p1a: Kyogre|0 fnt\n|faint|p1a: Kyogre\n|-ability|p2a: Salamence|Moxie|boost\n|-boost|p2a: Salamence|atk|1\n|-start|p2a: Salamence|confusion|[fatigue]\n|\n|-weather|RainDance|[upkeep]\n|upkeep\n|\n|t:|1653513568\n|switch|p1a: Giratina|Giratina-Origin|88\/100\n|-damage|p1a: Giratina|76\/100|[from] Stealth Rock\n|turn|16\n|\n|t:|1653513572\n|-activate|p2a: Salamence|confusion\n|-damage|p2a: Salamence|36\/100|[from] confusion\n|move|p1a: Giratina|Dragon Tail|p2a: Salamence\n|-supereffective|p2a: Salamence\n|-damage|p2a: Salamence|0 fnt\n|faint|p2a: Salamence\n|\n|-weather|RainDance|[upkeep]\n|upkeep\n|\n|t:|1653513579\n|switch|p2a: Darkrai|Darkrai|91\/100\n|-damage|p2a: Darkrai|79\/100|[from] Stealth Rock\n|turn|17\n|\n|t:|1653513591\n|switch|p1a: Latios|Latios, M|88\/100\n|-damage|p1a: Latios|76\/100|[from] Stealth Rock\n|move|p2a: Darkrai|Dark Pulse|p1a: Latios\n|-supereffective|p1a: Latios\n|-crit|p1a: Latios\n|-damage|p1a: Latios|0 fnt\n|faint|p1a: Latios\n|-damage|p2a: Darkrai|69\/100|[from] item: Life Orb\n|\n|-weather|RainDance|[upkeep]\n|upkeep\n|\n|t:|1653513593\n|switch|p1a: Arceus|Arceus-Fighting|69\/100\n|-damage|p1a: Arceus|57\/100|[from] Spikes\n|-damage|p1a: Arceus|51\/100|[from] Stealth Rock\n|turn|18\n|\n|t:|1653513595\n|move|p2a: Darkrai|Psychic|p1a: Arceus\n|-supereffective|p1a: Arceus\n|-damage|p1a: Arceus|0 fnt\n|faint|p1a: Arceus\n|-damage|p2a: Darkrai|59\/100|[from] item: Life Orb\n|\n|-weather|RainDance|[upkeep]\n|upkeep\n|\n|t:|1653513599\n|switch|p1a: Giratina|Giratina-Origin|76\/100\n|-damage|p1a: Giratina|63\/100|[from] Stealth Rock\n|turn|19\n|\n|t:|1653513601\n|move|p2a: Darkrai|Dark Pulse|p1a: Giratina\n|-supereffective|p1a: Giratina\n|-damage|p1a: Giratina|0 fnt\n|faint|p1a: Giratina\n|-damage|p2a: Darkrai|50\/100|[from] item: Life Orb\n|\n|-weather|RainDance|[upkeep]\n|upkeep\n|c|\u2606ckw|ggs\n|c|\u2606Raph369|ggs\n|-message|ckw forfeited.\n|\n|win|Raph369\n","uploadtime":1653513606,"views":346,"p1id":"ckw","p2id":"raph369","formatid":"gen5ubers","rating":0,"private":0,"password":null}