{"id":"smogtours-gen4ubers-639687","p1":"Skysolo \u2764","p2":"johnnyg2","format":"gen4ubers","log":"|inactive|Battle timer is ON: inactive players will automatically lose when time's up.\n|t:|1658527991\n|gametype|singles\n|player|p1|Skysolo \u2764|#pspl2019ubers|\n|player|p2|johnnyg2|camper|\n|teamsize|p1|6\n|teamsize|p2|6\n|gen|4\n|tier|[Gen 4] Ubers\n|rule|Sleep Clause Mod: Limit one foe put to sleep\n|rule|Species Clause: Limit one of each Pok\u00e9mon\n|rule|OHKO Clause: OHKO moves are banned\n|rule|Evasion Moves Clause: Evasion moves are banned\n|rule|Endless Battle Clause: Forcing endless battles is banned\n|rule|HP Percentage Mod: HP is shown in percentages\n|\n|t:|1658527991\n|start\n|switch|p1a: Kyogre|Kyogre|100\/100\n|switch|p2a: Kyogre|Kyogre|100\/100\n|-weather|RainDance|[from] ability: Drizzle|[of] p1a: Kyogre\n|turn|1\n|c|\u2606johnnyg2|hf!\n|c|@Lily|The Strap\n|c|\u2606Skysolo \u2764|u2\n|inactive|Skysolo \u2764 has 270 seconds left.\n|c|+DonnyP|The Strap\n|\n|t:|1658528032\n|move|p1a: Kyogre|Thunder|p2a: Kyogre\n|-supereffective|p2a: Kyogre\n|-enditem|p2a: Kyogre|Wacan Berry|[eat]\n|-enditem|p2a: Kyogre|Wacan Berry|[weaken]\n|-damage|p2a: Kyogre|65\/100\n|move|p2a: Kyogre|Thunder|p1a: Kyogre\n|-supereffective|p1a: Kyogre\n|-damage|p1a: Kyogre|37\/100\n|\n|-weather|RainDance|[upkeep]\n|upkeep\n|turn|2\n|c|+RageATMagearna|REGIS LETS GOOOOO\n|c|+BluBirD|LGI JONATHAN\n|inactive|johnnyg2 has 270 seconds left.\n|c|+Beraldinhoo|THE STRAP\n|inactive|Skysolo \u2764 has 270 seconds left.\n|\n|t:|1658528068\n|switch|p2a: Dialga|Dialga|100\/100\n|-ability|p2a: Dialga|Pressure\n|move|p1a: Kyogre|Thunder|p2a: Dialga\n|-resisted|p2a: Dialga\n|-crit|p2a: Dialga\n|-damage|p2a: Dialga|67\/100\n|-status|p2a: Dialga|par\n|\n|-weather|RainDance|[upkeep]\n|-heal|p2a: Dialga|73\/100 par|[from] item: Leftovers\n|upkeep\n|turn|3\n|inactive|Skysolo \u2764 has 270 seconds left.\n|inactive|johnnyg2 has 270 seconds left.\n|\n|t:|1658528081\n|switch|p1a: Bronzong|Bronzong|100\/100\n|cant|p2a: Dialga|par\n|\n|-weather|RainDance|[upkeep]\n|-heal|p2a: Dialga|79\/100 par|[from] item: Leftovers\n|upkeep\n|turn|4\n|\n|t:|1658528085\n|move|p1a: Bronzong|Stealth Rock|p2a: Dialga\n|-sidestart|p2: johnnyg2|move: Stealth Rock\n|move|p2a: Dialga|Stealth Rock|p1a: Bronzong\n|-sidestart|p1: Skysolo \u2764|move: Stealth Rock\n|\n|-weather|RainDance|[upkeep]\n|-heal|p2a: Dialga|85\/100 par|[from] item: Leftovers\n|upkeep\n|turn|5\n|\n|t:|1658528092\n|switch|p2a: Kyogre|Kyogre|65\/100\n|-damage|p2a: Kyogre|52\/100|[from] Stealth Rock\n|move|p1a: Bronzong|Earthquake|p2a: Kyogre\n|-damage|p2a: Kyogre|34\/100\n|\n|-weather|RainDance|[upkeep]\n|upkeep\n|turn|6\n|\n|t:|1658528102\n|switch|p1a: Kyogre|Kyogre|37\/100\n|-damage|p1a: Kyogre|25\/100|[from] Stealth Rock\n|move|p2a: Kyogre|Thunder Wave|p1a: Kyogre\n|-status|p1a: Kyogre|par\n|-enditem|p1a: Kyogre|Lum Berry|[eat]\n|-curestatus|p1a: Kyogre|par|[msg]\n|\n|-weather|RainDance|[upkeep]\n|upkeep\n|turn|7\n|\n|t:|1658528126\n|switch|p2a: Dialga|Dialga|85\/100 par\n|-damage|p2a: Dialga|79\/100 par|[from] Stealth Rock\n|-ability|p2a: Dialga|Pressure\n|move|p1a: Kyogre|Thunder|p2a: Dialga\n|-resisted|p2a: Dialga\n|-damage|p2a: Dialga|63\/100 par\n|\n|-weather|RainDance|[upkeep]\n|-heal|p2a: Dialga|69\/100 par|[from] item: Leftovers\n|upkeep\n|turn|8\n|\n|t:|1658528140\n|move|p1a: Kyogre|Hydro Pump|p2a: Dialga\n|-resisted|p2a: Dialga\n|-crit|p2a: Dialga\n|-damage|p2a: Dialga|3\/100 par\n|cant|p2a: Dialga|par\n|\n|-weather|RainDance|[upkeep]\n|-heal|p2a: Dialga|9\/100 par|[from] item: Leftovers\n|upkeep\n|turn|9\n|c|\u2606Skysolo \u2764|mb\n|\n|t:|1658528150\n|move|p1a: Kyogre|Thunder|p2a: Dialga\n|-resisted|p2a: Dialga\n|-damage|p2a: Dialga|0 fnt\n|faint|p2a: Dialga\n|\n|-weather|RainDance|[upkeep]\n|upkeep\n|c|\u2606johnnyg2|it ok\n|inactive|johnnyg2 has 270 seconds left.\n|\n|t:|1658528180\n|switch|p2a: Garchomp|Garchomp, M|100\/100\n|-damage|p2a: Garchomp|94\/100|[from] Stealth Rock\n|turn|10\n|\n|t:|1658528188\n|switch|p1a: Bronzong|Bronzong|100\/100\n|-damage|p1a: Bronzong|95\/100|[from] Stealth Rock\n|move|p2a: Garchomp|Outrage|p1a: Bronzong\n|-resisted|p1a: Bronzong\n|-damage|p1a: Bronzong|51\/100\n|\n|-weather|RainDance|[upkeep]\n|-heal|p1a: Bronzong|57\/100|[from] item: Leftovers\n|upkeep\n|turn|11\n|\n|t:|1658528195\n|move|p2a: Garchomp|Outrage|p1a: Bronzong|[from]lockedmove\n|-resisted|p1a: Bronzong\n|-damage|p1a: Bronzong|15\/100\n|move|p1a: Bronzong|Explosion|p2a: Garchomp\n|-damage|p2a: Garchomp|0 fnt\n|faint|p1a: Bronzong\n|faint|p2a: Garchomp\n|\n|-weather|RainDance|[upkeep]\n|upkeep\n|\n|t:|1658528202\n|switch|p2a: Qwilfish|Qwilfish, M|100\/100\n|switch|p1a: Dialga|Dialga|100\/100\n|-damage|p2a: Qwilfish|88\/100|[from] Stealth Rock\n|-damage|p1a: Dialga|94\/100|[from] Stealth Rock\n|-ability|p1a: Dialga|Pressure\n|turn|12\n|\n|t:|1658528209\n|move|p2a: Qwilfish|Spikes|p1a: Dialga\n|-sidestart|p1: Skysolo \u2764|Spikes\n|move|p1a: Dialga|Dragon Pulse|p2a: Qwilfish\n|-damage|p2a: Qwilfish|0 fnt\n|faint|p2a: Qwilfish\n|\n|-weather|RainDance|[upkeep]\n|upkeep\n|\n|t:|1658528217\n|switch|p2a: Lucario|Lucario, F|100\/100\n|-damage|p2a: Lucario|98\/100|[from] Stealth Rock\n|turn|13\n|\n|t:|1658528225\n|move|p2a: Lucario|Swords Dance|p2a: Lucario\n|-boost|p2a: Lucario|atk|2\n|move|p1a: Dialga|Dragon Pulse|p2a: Lucario\n|-resisted|p2a: Lucario\n|-damage|p2a: Lucario|38\/100\n|\n|-weather|RainDance|[upkeep]\n|upkeep\n|turn|14\n|\n|t:|1658528229\n|move|p1a: Dialga|Dragon Pulse|p2a: Lucario\n|-resisted|p2a: Lucario\n|-damage|p2a: Lucario|0 fnt\n|faint|p2a: Lucario\n|\n|-weather|RainDance|[upkeep]\n|upkeep\n|c|\u2606johnnyg2|ahh\n|\n|t:|1658528235\n|switch|p2a: Lugia|Lugia|100\/100\n|-damage|p2a: Lugia|76\/100|[from] Stealth Rock\n|-ability|p2a: Lugia|Pressure\n|turn|15\n|\n|t:|1658528253\n|switch|p1a: Mewtwo|Mewtwo|100\/100\n|-damage|p1a: Mewtwo|88\/100|[from] Stealth Rock\n|-damage|p1a: Mewtwo|76\/100|[from] Spikes\n|-ability|p1a: Mewtwo|Pressure\n|move|p2a: Lugia|Substitute|p2a: Lugia\n|-start|p2a: Lugia|Substitute\n|-damage|p2a: Lugia|51\/100\n|\n|-weather|RainDance|[upkeep]\n|-heal|p1a: Mewtwo|82\/100|[from] item: Leftovers\n|-heal|p2a: Lugia|57\/100|[from] item: Leftovers\n|upkeep\n|turn|16\n|\n|t:|1658528256\n|move|p1a: Mewtwo|Calm Mind|p1a: Mewtwo\n|-boost|p1a: Mewtwo|spa|1\n|-boost|p1a: Mewtwo|spd|1\n|move|p2a: Lugia|Roost|p2a: Lugia\n|-heal|p2a: Lugia|100\/100\n|-singleturn|p2a: Lugia|move: Roost\n|\n|-weather|RainDance|[upkeep]\n|-heal|p1a: Mewtwo|88\/100|[from] item: Leftovers\n|upkeep\n|turn|17\n|\n|t:|1658528258\n|move|p1a: Mewtwo|Ice Beam|p2a: Lugia\n|-supereffective|p2a: Lugia\n|-end|p2a: Lugia|Substitute\n|move|p2a: Lugia|Whirlwind|p1a: Mewtwo\n|drag|p1a: Palkia|Palkia|100\/100\n|-damage|p1a: Palkia|88\/100|[from] Stealth Rock\n|-damage|p1a: Palkia|76\/100|[from] Spikes\n|-ability|p1a: Palkia|Pressure\n|\n|-weather|RainDance|[upkeep]\n|upkeep\n|turn|18\n|\n|t:|1658528264\n|move|p2a: Lugia|Substitute|p2a: Lugia\n|-start|p2a: Lugia|Substitute\n|-damage|p2a: Lugia|76\/100\n|move|p1a: Palkia|Thunder|p2a: Lugia\n|-supereffective|p2a: Lugia\n|-end|p2a: Lugia|Substitute\n|\n|-weather|RainDance|[upkeep]\n|-heal|p2a: Lugia|82\/100|[from] item: Leftovers\n|upkeep\n|turn|19\n|\n|t:|1658528268\n|move|p2a: Lugia|Substitute|p2a: Lugia\n|-start|p2a: Lugia|Substitute\n|-damage|p2a: Lugia|57\/100\n|move|p1a: Palkia|Thunder|p2a: Lugia\n|-supereffective|p2a: Lugia\n|-end|p2a: Lugia|Substitute\n|\n|-weather|RainDance|[upkeep]\n|-heal|p2a: Lugia|63\/100|[from] item: Leftovers\n|upkeep\n|turn|20\n|\n|t:|1658528271\n|move|p2a: Lugia|Roost|p2a: Lugia\n|-heal|p2a: Lugia|100\/100\n|-singleturn|p2a: Lugia|move: Roost\n|move|p1a: Palkia|Thunder|p2a: Lugia\n|-damage|p2a: Lugia|73\/100\n|\n|-weather|RainDance|[upkeep]\n|-heal|p2a: Lugia|79\/100|[from] item: Leftovers\n|upkeep\n|turn|21\n|\n|t:|1658528273\n|move|p2a: Lugia|Substitute|p2a: Lugia\n|-start|p2a: Lugia|Substitute\n|-damage|p2a: Lugia|54\/100\n|move|p1a: Palkia|Thunder|p2a: Lugia\n|-supereffective|p2a: Lugia\n|-end|p2a: Lugia|Substitute\n|\n|-weather|RainDance|[upkeep]\n|-heal|p2a: Lugia|60\/100|[from] item: Leftovers\n|upkeep\n|turn|22\n|\n|t:|1658528279\n|move|p2a: Lugia|Substitute|p2a: Lugia\n|-start|p2a: Lugia|Substitute\n|-damage|p2a: Lugia|35\/100\n|move|p1a: Palkia|Surf|p2a: Lugia\n|-end|p2a: Lugia|Substitute\n|\n|-weather|RainDance|[upkeep]\n|-heal|p2a: Lugia|41\/100|[from] item: Leftovers\n|upkeep\n|turn|23\n|\n|t:|1658528283\n|move|p2a: Lugia|Roost|p2a: Lugia\n|-heal|p2a: Lugia|91\/100\n|-singleturn|p2a: Lugia|move: Roost\n|move|p1a: Palkia|Surf|p2a: Lugia\n|-damage|p2a: Lugia|48\/100\n|\n|-weather|RainDance|[upkeep]\n|-heal|p2a: Lugia|54\/100|[from] item: Leftovers\n|upkeep\n|turn|24\n|\n|t:|1658528289\n|move|p2a: Lugia|Roost|p2a: Lugia\n|-heal|p2a: Lugia|100\/100\n|-singleturn|p2a: Lugia|move: Roost\n|move|p1a: Palkia|Thunder|p2a: Lugia\n|-damage|p2a: Lugia|76\/100\n|\n|-weather|RainDance|[upkeep]\n|-heal|p2a: Lugia|82\/100|[from] item: Leftovers\n|upkeep\n|turn|25\n|\n|t:|1658528292\n|move|p2a: Lugia|Substitute|p2a: Lugia\n|-start|p2a: Lugia|Substitute\n|-damage|p2a: Lugia|58\/100\n|move|p1a: Palkia|Surf|p2a: Lugia\n|-crit|p2a: Lugia\n|-end|p2a: Lugia|Substitute\n|\n|-weather|RainDance|[upkeep]\n|-heal|p2a: Lugia|64\/100|[from] item: Leftovers\n|upkeep\n|turn|26\n|\n|t:|1658528298\n|move|p2a: Lugia|Substitute|p2a: Lugia\n|-start|p2a: Lugia|Substitute\n|-damage|p2a: Lugia|39\/100\n|move|p1a: Palkia|Surf|p2a: Lugia\n|-end|p2a: Lugia|Substitute\n|\n|-weather|RainDance|[upkeep]\n|-heal|p2a: Lugia|45\/100|[from] item: Leftovers\n|upkeep\n|turn|27\n|\n|t:|1658528303\n|move|p2a: Lugia|Roost|p2a: Lugia\n|-heal|p2a: Lugia|95\/100\n|-singleturn|p2a: Lugia|move: Roost\n|move|p1a: Palkia|Surf|p2a: Lugia\n|-damage|p2a: Lugia|48\/100\n|\n|-weather|RainDance|[upkeep]\n|-heal|p2a: Lugia|54\/100|[from] item: Leftovers\n|upkeep\n|turn|28\n|\n|t:|1658528309\n|move|p2a: Lugia|Roost|p2a: Lugia\n|-heal|p2a: Lugia|100\/100\n|-singleturn|p2a: Lugia|move: Roost\n|move|p1a: Palkia|Surf|p2a: Lugia\n|-damage|p2a: Lugia|50\/100\n|\n|-weather|RainDance|[upkeep]\n|-heal|p2a: Lugia|56\/100|[from] item: Leftovers\n|upkeep\n|turn|29\n|\n|t:|1658528312\n|move|p2a: Lugia|Roost|p2a: Lugia\n|-heal|p2a: Lugia|100\/100\n|-singleturn|p2a: Lugia|move: Roost\n|move|p1a: Palkia|Thunder|p2a: Lugia\n|-damage|p2a: Lugia|73\/100\n|\n|-weather|RainDance|[upkeep]\n|-heal|p2a: Lugia|79\/100|[from] item: Leftovers\n|upkeep\n|turn|30\n|\n|t:|1658528319\n|move|p2a: Lugia|Substitute|p2a: Lugia\n|-start|p2a: Lugia|Substitute\n|-damage|p2a: Lugia|54\/100\n|move|p1a: Palkia|Surf|p2a: Lugia\n|-end|p2a: Lugia|Substitute\n|\n|-weather|RainDance|[upkeep]\n|-heal|p2a: Lugia|60\/100|[from] item: Leftovers\n|upkeep\n|turn|31\n|\n|t:|1658528325\n|move|p2a: Lugia|Roost|p2a: Lugia\n|-heal|p2a: Lugia|100\/100\n|-singleturn|p2a: Lugia|move: Roost\n|move|p1a: Palkia|Surf|p2a: Lugia\n|-damage|p2a: Lugia|53\/100\n|\n|-weather|RainDance|[upkeep]\n|-heal|p2a: Lugia|59\/100|[from] item: Leftovers\n|upkeep\n|turn|32\n|\n|t:|1658528332\n|move|p2a: Lugia|Roost|p2a: Lugia\n|-heal|p2a: Lugia|100\/100\n|-singleturn|p2a: Lugia|move: Roost\n|move|p1a: Palkia|Thunder|p2a: Lugia\n|-damage|p2a: Lugia|73\/100\n|\n|-weather|RainDance|[upkeep]\n|-heal|p2a: Lugia|79\/100|[from] item: Leftovers\n|upkeep\n|turn|33\n|\n|t:|1658528336\n|move|p2a: Lugia|Substitute|p2a: Lugia\n|-start|p2a: Lugia|Substitute\n|-damage|p2a: Lugia|54\/100\n|move|p1a: Palkia|Surf|p2a: Lugia\n|-end|p2a: Lugia|Substitute\n|\n|-weather|RainDance|[upkeep]\n|-heal|p2a: Lugia|60\/100|[from] item: Leftovers\n|upkeep\n|turn|34\n|\n|t:|1658528341\n|move|p2a: Lugia|Substitute|p2a: Lugia\n|-start|p2a: Lugia|Substitute\n|-damage|p2a: Lugia|35\/100\n|move|p1a: Palkia|Spacial Rend|p2a: Lugia\n|-end|p2a: Lugia|Substitute\n|\n|-weather|RainDance|[upkeep]\n|-heal|p2a: Lugia|41\/100|[from] item: Leftovers\n|upkeep\n|turn|35\n|\n|t:|1658528344\n|move|p2a: Lugia|Roost|p2a: Lugia\n|-heal|p2a: Lugia|91\/100\n|-singleturn|p2a: Lugia|move: Roost\n|move|p1a: Palkia|Thunder|p2a: Lugia\n|-damage|p2a: Lugia|65\/100\n|\n|-weather|RainDance|[upkeep]\n|-heal|p2a: Lugia|71\/100|[from] item: Leftovers\n|upkeep\n|turn|36\n|\n|t:|1658528349\n|move|p2a: Lugia|Substitute|p2a: Lugia\n|-start|p2a: Lugia|Substitute\n|-damage|p2a: Lugia|46\/100\n|move|p1a: Palkia|Surf|p2a: Lugia\n|-end|p2a: Lugia|Substitute\n|\n|-weather|RainDance|[upkeep]\n|-heal|p2a: Lugia|52\/100|[from] item: Leftovers\n|upkeep\n|turn|37\n|\n|t:|1658528355\n|move|p2a: Lugia|Roost|p2a: Lugia\n|-heal|p2a: Lugia|100\/100\n|-singleturn|p2a: Lugia|move: Roost\n|move|p1a: Palkia|Spacial Rend|p2a: Lugia\n|-damage|p2a: Lugia|70\/100\n|\n|-weather|RainDance|[upkeep]\n|-heal|p2a: Lugia|76\/100|[from] item: Leftovers\n|upkeep\n|turn|38\n|\n|t:|1658528366\n|move|p2a: Lugia|Substitute|p2a: Lugia\n|-start|p2a: Lugia|Substitute\n|-damage|p2a: Lugia|51\/100\n|move|p1a: Palkia|Spacial Rend|p2a: Lugia\n|-crit|p2a: Lugia\n|-end|p2a: Lugia|Substitute\n|\n|-weather|RainDance|[upkeep]\n|-heal|p2a: Lugia|57\/100|[from] item: Leftovers\n|upkeep\n|turn|39\n|\n|t:|1658528374\n|move|p2a: Lugia|Roost|p2a: Lugia\n|-heal|p2a: Lugia|100\/100\n|-singleturn|p2a: Lugia|move: Roost\n|move|p1a: Palkia|Surf|p2a: Lugia\n|-damage|p2a: Lugia|54\/100\n|\n|-weather|RainDance|[upkeep]\n|-heal|p2a: Lugia|60\/100|[from] item: Leftovers\n|upkeep\n|turn|40\n|\n|t:|1658528383\n|move|p2a: Lugia|Substitute|p2a: Lugia\n|-start|p2a: Lugia|Substitute\n|-damage|p2a: Lugia|35\/100\n|move|p1a: Palkia|Spacial Rend|p2a: Lugia\n|-end|p2a: Lugia|Substitute\n|\n|-weather|RainDance|[upkeep]\n|-heal|p2a: Lugia|41\/100|[from] item: Leftovers\n|upkeep\n|turn|41\n|\n|t:|1658528387\n|move|p2a: Lugia|Roost|p2a: Lugia\n|-heal|p2a: Lugia|91\/100\n|-singleturn|p2a: Lugia|move: Roost\n|move|p1a: Palkia|Surf|p2a: Lugia\n|-damage|p2a: Lugia|46\/100\n|\n|-weather|RainDance|[upkeep]\n|-heal|p2a: Lugia|52\/100|[from] item: Leftovers\n|upkeep\n|turn|42\n|\n|t:|1658528393\n|switch|p1a: Mewtwo|Mewtwo|88\/100\n|-damage|p1a: Mewtwo|76\/100|[from] Stealth Rock\n|-damage|p1a: Mewtwo|63\/100|[from] Spikes\n|-ability|p1a: Mewtwo|Pressure\n|move|p2a: Lugia|Substitute|p2a: Lugia\n|-start|p2a: Lugia|Substitute\n|-damage|p2a: Lugia|27\/100\n|\n|-weather|RainDance|[upkeep]\n|-heal|p1a: Mewtwo|69\/100|[from] item: Leftovers\n|-heal|p2a: Lugia|33\/100|[from] item: Leftovers\n|upkeep\n|turn|43\n|\n|t:|1658528398\n|move|p1a: Mewtwo|Ice Beam|p2a: Lugia\n|-supereffective|p2a: Lugia\n|-end|p2a: Lugia|Substitute\n|move|p2a: Lugia|Roost|p2a: Lugia\n|-heal|p2a: Lugia|83\/100\n|-singleturn|p2a: Lugia|move: Roost\n|\n|-weather|RainDance|[upkeep]\n|-heal|p1a: Mewtwo|75\/100|[from] item: Leftovers\n|-heal|p2a: Lugia|89\/100|[from] item: Leftovers\n|upkeep\n|turn|44\n|\n|t:|1658528402\n|move|p1a: Mewtwo|Ice Beam|p2a: Lugia\n|-supereffective|p2a: Lugia\n|-damage|p2a: Lugia|54\/100\n|move|p2a: Lugia|Whirlwind|p1a: Mewtwo\n|drag|p1a: Dialga|Dialga|94\/100\n|-damage|p1a: Dialga|88\/100|[from] Stealth Rock\n|-damage|p1a: Dialga|76\/100|[from] Spikes\n|-ability|p1a: Dialga|Pressure\n|\n|-weather|RainDance|[upkeep]\n|-heal|p2a: Lugia|60\/100|[from] item: Leftovers\n|upkeep\n|turn|45\n|\n|t:|1658528409\n|move|p1a: Dialga|Thunder|p2a: Lugia\n|-supereffective|p2a: Lugia\n|-damage|p2a: Lugia|0 fnt\n|faint|p2a: Lugia\n|\n|-weather|RainDance|[upkeep]\n|upkeep\n|c|\u2606johnnyg2|gg\n|c|\u2606Skysolo \u2764|gg\n|c|\u2606johnnyg2|congrats\n|\n|t:|1658528416\n|switch|p2a: Kyogre|Kyogre|34\/100\n|-damage|p2a: Kyogre|22\/100|[from] Stealth Rock\n|turn|46\n|\n|t:|1658528419\n|move|p1a: Dialga|Thunder|p2a: Kyogre\n|-supereffective|p2a: Kyogre\n|-damage|p2a: Kyogre|0 fnt\n|faint|p2a: Kyogre\n|\n|win|Skysolo \u2764\n|c|\u2606Skysolo \u2764|ty\n","uploadtime":1658528420,"views":226,"p1id":"skysolo","p2id":"johnnyg2","formatid":"gen4ubers","rating":0,"private":0,"password":null}