{"id":"smogtours-gen8pu-597836","p1":"MichaelderBeste2","p2":"tolstoy","format":"gen8pu","log":"|inactive|Battle timer is ON: inactive players will automatically lose when time's up.\n|t:|1639690659\n|gametype|singles\n|player|p1|MichaelderBeste2|#wcop2021germany|\n|player|p2|tolstoy|dawn|\n|teamsize|p1|6\n|teamsize|p2|6\n|gen|8\n|tier|[Gen 8] PU\n|rule|Sleep Clause Mod: Limit one foe put to sleep\n|rule|Species Clause: Limit one of each Pok\u00e9mon\n|rule|OHKO Clause: OHKO moves are banned\n|rule|Evasion Moves Clause: Evasion moves are banned\n|rule|Endless Battle Clause: Forcing endless battles is banned\n|rule|HP Percentage Mod: HP is shown in percentages\n|rule|Dynamax Clause: You cannot dynamax\n|clearpoke\n|poke|p1|Charizard, F|\n|poke|p1|Ribombee, M|\n|poke|p1|Regirock|\n|poke|p1|Togedemaru, F|\n|poke|p1|Tsareena, F|\n|poke|p1|Jellicent, F|\n|poke|p2|Frosmoth, M|\n|poke|p2|Togedemaru, M|\n|poke|p2|Charizard, F|\n|poke|p2|Regirock|\n|poke|p2|Gallade, M|\n|poke|p2|Ribombee, F|\n|teampreview\n|c|@Lunala|buuuh wheres the monotype\n|raw|<div class=\"broadcast-red\"><strong>Moderated chat was set to \u2606!<\/strong><br \/>Only users of rank \u2606 and higher can talk.<\/div>\n|inactive|MichaelderBeste2 has 270 seconds left.\n|inactive|tolstoy has 270 seconds left.\n|inactive|MichaelderBeste2 has 240 seconds left.\n|c|\u2606MichaelderBeste2|hf\n|inactive|MichaelderBeste2 has 210 seconds left.\n|inactive|MichaelderBeste2 has 180 seconds left.\n|\n|t:|1639690787\n|start\n|switch|p1a: Togedemaru|Togedemaru, F|100\/100\n|switch|p2a: Gallade|Gallade, M|100\/100\n|turn|1\n|\n|t:|1639690797\n|move|p1a: Togedemaru|Spiky Shield|p1a: Togedemaru\n|-singleturn|p1a: Togedemaru|move: Protect\n|move|p2a: Gallade|Knock Off|p1a: Togedemaru\n|-activate|p1a: Togedemaru|move: Protect\n|-damage|p2a: Gallade|88\/100|[from] Spiky Shield|[of] p1a: Togedemaru\n|\n|upkeep\n|turn|2\n|\n|t:|1639690802\n|move|p2a: Gallade|Knock Off|p1a: Togedemaru\n|-damage|p1a: Togedemaru|70\/100\n|move|p1a: Togedemaru|U-turn|p2a: Gallade\n|-damage|p2a: Gallade|61\/100\n|inactive|MichaelderBeste2 has 240 seconds left.\n|\n|t:|1639690836\n|switch|p1a: Charizard|Charizard, F|100\/100|[from]move: U-turn\n|\n|upkeep\n|turn|3\n|\n|t:|1639690843\n|switch|p2a: Regirock|Regirock|100\/100\n|move|p1a: Charizard|Toxic|p2a: Regirock\n|-status|p2a: Regirock|tox\n|\n|-damage|p2a: Regirock|94\/100 tox|[from] psn\n|upkeep\n|turn|4\n|\n|t:|1639690848\n|switch|p1a: Tsareena|Tsareena, F|100\/100\n|move|p2a: Regirock|Stealth Rock|p1a: Tsareena\n|-sidestart|p1: MichaelderBeste2|move: Stealth Rock\n|\n|-heal|p2a: Regirock|100\/100 tox|[from] item: Leftovers\n|-damage|p2a: Regirock|88\/100 tox|[from] psn\n|upkeep\n|turn|5\n|\n|t:|1639690857\n|switch|p2a: Charizard|Charizard, F|100\/100\n|move|p1a: Tsareena|Rapid Spin|p2a: Charizard\n|-damage|p2a: Charizard|75\/100\n|-boost|p1a: Tsareena|spe|1\n|-sideend|p1: MichaelderBeste2|Stealth Rock|[from] move: Rapid Spin|[of] p1a: Tsareena\n|\n|upkeep\n|turn|6\n|c|\u2606tolstoy|does a lot\n|\n|t:|1639690867\n|switch|p1a: Regirock|Regirock|100\/100\n|move|p2a: Charizard|Toxic|p1a: Regirock\n|-status|p1a: Regirock|tox\n|\n|-damage|p1a: Regirock|94\/100 tox|[from] psn\n|upkeep\n|turn|7\n|\n|t:|1639690873\n|switch|p2a: Gallade|Gallade, M|61\/100\n|move|p1a: Regirock|Stealth Rock|p2a: Gallade\n|-sidestart|p2: tolstoy|move: Stealth Rock\n|\n|-heal|p1a: Regirock|100\/100 tox|[from] item: Leftovers\n|-damage|p1a: Regirock|88\/100 tox|[from] psn\n|upkeep\n|turn|8\n|\n|t:|1639690879\n|switch|p1a: Ribombee|Ribombee, M|100\/100\n|move|p2a: Gallade|Zen Headbutt|p1a: Ribombee\n|-damage|p1a: Ribombee|24\/100\n|\n|upkeep\n|turn|9\n|\n|t:|1639690909\n|switch|p1a: Togedemaru|Togedemaru, F|70\/100\n|move|p2a: Gallade|Shadow Sneak|p1a: Togedemaru\n|-damage|p1a: Togedemaru|48\/100\n|\n|upkeep\n|turn|10\n|\n|t:|1639690922\n|switch|p1a: Jellicent|Jellicent, F|100\/100\n|move|p2a: Gallade|Knock Off|p1a: Jellicent\n|-supereffective|p1a: Jellicent\n|-damage|p1a: Jellicent|16\/100\n|-enditem|p1a: Jellicent|Choice Scarf|[from] move: Knock Off|[of] p2a: Gallade\n|\n|upkeep\n|turn|11\n|\n|t:|1639690941\n|move|p2a: Gallade|Knock Off|p1a: Jellicent\n|-supereffective|p1a: Jellicent\n|-damage|p1a: Jellicent|0 fnt\n|faint|p1a: Jellicent\n|\n|upkeep\n|\n|t:|1639690943\n|switch|p1a: Charizard|Charizard, F|100\/100\n|turn|12\n|\n|t:|1639690959\n|switch|p1a: Tsareena|Tsareena, F|100\/100\n|switch|p2a: Regirock|Regirock|88\/100 tox\n|-damage|p2a: Regirock|76\/100 tox|[from] Stealth Rock\n|\n|-heal|p2a: Regirock|82\/100 tox|[from] item: Leftovers\n|-damage|p2a: Regirock|76\/100 tox|[from] psn\n|upkeep\n|turn|13\n|\n|t:|1639690977\n|switch|p2a: aiko|Ribombee, F|100\/100\n|move|p1a: Tsareena|Knock Off|p2a: aiko\n|-resisted|p2a: aiko\n|-damage|p2a: aiko|69\/100\n|-enditem|p2a: aiko|Heavy-Duty Boots|[from] move: Knock Off|[of] p1a: Tsareena\n|\n|upkeep\n|turn|14\n|\n|t:|1639690986\n|move|p2a: aiko|Moonblast|p1a: Tsareena\n|-damage|p1a: Tsareena|55\/100\n|move|p1a: Tsareena|Power Whip|p2a: aiko\n|-resisted|p2a: aiko\n|-damage|p2a: aiko|3\/100\n|\n|upkeep\n|turn|15\n|\n|t:|1639690991\n|move|p2a: aiko|Moonblast|p1a: Tsareena\n|-damage|p1a: Tsareena|9\/100\n|move|p1a: Tsareena|Synthesis|p1a: Tsareena\n|-heal|p1a: Tsareena|59\/100\n|\n|upkeep\n|turn|16\n|\n|t:|1639690995\n|move|p2a: aiko|Moonblast|p1a: Tsareena\n|-damage|p1a: Tsareena|19\/100\n|move|p1a: Tsareena|Synthesis|p1a: Tsareena\n|-heal|p1a: Tsareena|69\/100\n|\n|upkeep\n|turn|17\n|\n|t:|1639691002\n|switch|p2a: Charizard|Charizard, F|75\/100\n|move|p1a: Tsareena|Synthesis|p1a: Tsareena\n|-heal|p1a: Tsareena|100\/100\n|\n|upkeep\n|turn|18\n|\n|t:|1639691007\n|switch|p1a: Regirock|Regirock|88\/100 tox\n|move|p2a: Charizard|Defog|p1a: Regirock\n|-fail|p1a: Regirock|unboost|[from] ability: Clear Body|[of] p1a: Regirock\n|-sideend|p2: tolstoy|Stealth Rock|[from] move: Defog|[of] p2a: Charizard\n|\n|-heal|p1a: Regirock|94\/100 tox|[from] item: Leftovers\n|-damage|p1a: Regirock|88\/100 tox|[from] psn\n|upkeep\n|turn|19\n|\n|t:|1639691021\n|switch|p2a: Gallade|Gallade, M|61\/100\n|switch|p1a: Charizard|Charizard, F|100\/100\n|\n|upkeep\n|turn|20\n|\n|t:|1639691034\n|switch|p1a: Tsareena|Tsareena, F|100\/100\n|switch|p2a: Charizard|Charizard, F|75\/100\n|\n|upkeep\n|turn|21\n|\n|t:|1639691039\n|switch|p1a: Regirock|Regirock|88\/100 tox\n|move|p2a: Charizard|Flamethrower|p1a: Regirock\n|-resisted|p1a: Regirock\n|-crit|p1a: Regirock\n|-damage|p1a: Regirock|62\/100 tox\n|\n|-heal|p1a: Regirock|68\/100 tox|[from] item: Leftovers\n|-damage|p1a: Regirock|62\/100 tox|[from] psn\n|upkeep\n|turn|22\n|\n|t:|1639691044\n|switch|p2a: Gallade|Gallade, M|61\/100\n|move|p1a: Regirock|Stealth Rock|p2a: Gallade\n|-sidestart|p2: tolstoy|move: Stealth Rock\n|\n|-heal|p1a: Regirock|68\/100 tox|[from] item: Leftovers\n|-damage|p1a: Regirock|56\/100 tox|[from] psn\n|upkeep\n|turn|23\n|\n|t:|1639691053\n|switch|p1a: Charizard|Charizard, F|100\/100\n|move|p2a: Gallade|Zen Headbutt|p1a: Charizard\n|-damage|p1a: Charizard|40\/100\n|\n|upkeep\n|turn|24\n|\n|t:|1639691061\n|switch|p2a: Regirock|Regirock|76\/100 tox\n|-damage|p2a: Regirock|64\/100 tox|[from] Stealth Rock\n|move|p1a: Charizard|Roost|p1a: Charizard\n|-heal|p1a: Charizard|90\/100\n|-singleturn|p1a: Charizard|move: Roost\n|\n|-heal|p2a: Regirock|70\/100 tox|[from] item: Leftovers\n|-damage|p2a: Regirock|64\/100 tox|[from] psn\n|upkeep\n|turn|25\n|\n|t:|1639691065\n|switch|p1a: Tsareena|Tsareena, F|100\/100\n|move|p2a: Regirock|Stealth Rock|p1a: Tsareena\n|-sidestart|p1: MichaelderBeste2|move: Stealth Rock\n|\n|-heal|p2a: Regirock|70\/100 tox|[from] item: Leftovers\n|-damage|p2a: Regirock|58\/100 tox|[from] psn\n|upkeep\n|turn|26\n|\n|t:|1639691069\n|switch|p1a: Charizard|Charizard, F|90\/100\n|switch|p2a: aiko|Ribombee, F|3\/100\n|-damage|p2a: aiko|0 fnt|[from] Stealth Rock\n|faint|p2a: aiko\n|\n|upkeep\n|\n|t:|1639691076\n|switch|p2a: Charizard|Charizard, F|75\/100\n|turn|27\n|inactive|MichaelderBeste2 has 270 seconds left.\n|\n|t:|1639691109\n|move|p2a: Charizard|Toxic|p1a: Charizard\n|-status|p1a: Charizard|tox\n|move|p1a: Charizard|Hurricane|p2a: Charizard\n|-damage|p2a: Charizard|5\/100\n|-start|p2a: Charizard|confusion\n|\n|-damage|p1a: Charizard|84\/100 tox|[from] psn\n|upkeep\n|turn|28\n|inactive|MichaelderBeste2 has 270 seconds left.\n|\n|t:|1639691131\n|switch|p1a: Ribombee|Ribombee, M|24\/100\n|switch|p2a: Regirock|Regirock|58\/100 tox\n|-damage|p2a: Regirock|45\/100 tox|[from] Stealth Rock\n|\n|-heal|p2a: Regirock|51\/100 tox|[from] item: Leftovers\n|-damage|p2a: Regirock|45\/100 tox|[from] psn\n|upkeep\n|turn|29\n|\n|t:|1639691139\n|switch|p2a: Charizard|Charizard, F|5\/100\n|move|p1a: Ribombee|Aromatherapy|p1a: Ribombee\n|-activate|p1a: Ribombee|move: Aromatherapy\n|-curestatus|p1: Regirock|tox|[msg]\n|-curestatus|p1: Charizard|tox|[msg]\n|\n|upkeep\n|turn|30\n|inactive|MichaelderBeste2 has 270 seconds left.\n|\n|t:|1639691146\n|switch|p2a: Frosmoth|Frosmoth, M|100\/100\n|move|p1a: Ribombee|Moonblast|p2a: Frosmoth\n|-damage|p2a: Frosmoth|75\/100\n|\n|upkeep\n|turn|31\n|inactive|MichaelderBeste2 has 270 seconds left.\n|\n|t:|1639691166\n|switch|p1a: Togedemaru|Togedemaru, F|48\/100\n|-damage|p1a: Togedemaru|42\/100|[from] Stealth Rock\n|move|p2a: Frosmoth|Quiver Dance|p2a: Frosmoth\n|-boost|p2a: Frosmoth|spa|1\n|-boost|p2a: Frosmoth|spd|1\n|-boost|p2a: Frosmoth|spe|1\n|\n|upkeep\n|turn|32\n|inactive|MichaelderBeste2 has 270 seconds left.\n|\n|t:|1639691172\n|move|p2a: Frosmoth|Ice Beam|p1a: Togedemaru\n|-resisted|p1a: Togedemaru\n|-damage|p1a: Togedemaru|6\/100\n|move|p1a: Togedemaru|Iron Head|p2a: Frosmoth\n|-supereffective|p2a: Frosmoth\n|-damage|p2a: Frosmoth|0 fnt\n|faint|p2a: Frosmoth\n|\n|upkeep\n|\n|t:|1639691179\n|switch|p2a: Charizard|Charizard, F|5\/100\n|turn|33\n|\n|t:|1639691187\n|move|p2a: Charizard|Roost|p2a: Charizard\n|-heal|p2a: Charizard|55\/100\n|-singleturn|p2a: Charizard|move: Roost\n|move|p1a: Togedemaru|U-turn|p2a: Charizard\n|-resisted|p2a: Charizard\n|-damage|p2a: Charizard|44\/100\n|\n|t:|1639691196\n|switch|p1a: Charizard|Charizard, F|84\/100|[from]move: U-turn\n|\n|upkeep\n|turn|34\n|\n|t:|1639691199\n|move|p1a: Charizard|Flamethrower|p2a: Charizard\n|-resisted|p2a: Charizard\n|-damage|p2a: Charizard|15\/100\n|move|p2a: Charizard|Roost|p2a: Charizard\n|-heal|p2a: Charizard|65\/100\n|-singleturn|p2a: Charizard|move: Roost\n|\n|upkeep\n|turn|35\n|\n|t:|1639691204\n|move|p2a: Charizard|Roost|p2a: Charizard\n|-heal|p2a: Charizard|100\/100\n|-singleturn|p2a: Charizard|move: Roost\n|move|p1a: Charizard|Toxic|p2a: Charizard\n|-status|p2a: Charizard|tox\n|\n|-damage|p2a: Charizard|94\/100 tox|[from] psn\n|upkeep\n|turn|36\n|\n|t:|1639691210\n|move|p2a: Charizard|Toxic|p1a: Charizard\n|-status|p1a: Charizard|tox\n|move|p1a: Charizard|Hurricane|p2a: Charizard\n|-damage|p2a: Charizard|29\/100 tox\n|\n|-damage|p1a: Charizard|78\/100 tox|[from] psn\n|-damage|p2a: Charizard|17\/100 tox|[from] psn\n|upkeep\n|turn|37\n|\n|t:|1639691215\n|switch|p2a: Regirock|Regirock|45\/100 tox\n|-damage|p2a: Regirock|33\/100 tox|[from] Stealth Rock\n|move|p1a: Charizard|Roost|p1a: Charizard\n|-heal|p1a: Charizard|100\/100 tox\n|-singleturn|p1a: Charizard|move: Roost\n|\n|-heal|p2a: Regirock|39\/100 tox|[from] item: Leftovers\n|-damage|p1a: Charizard|88\/100 tox|[from] psn\n|-damage|p2a: Regirock|33\/100 tox|[from] psn\n|upkeep\n|turn|38\n|\n|t:|1639691221\n|switch|p2a: Charizard|Charizard, F|17\/100 tox\n|move|p1a: Charizard|Flamethrower|p2a: Charizard\n|-resisted|p2a: Charizard\n|-damage|p2a: Charizard|0 fnt\n|faint|p2a: Charizard\n|\n|-damage|p1a: Charizard|70\/100 tox|[from] psn\n|upkeep\n|\n|t:|1639691227\n|switch|p2a: Regirock|Regirock|33\/100 tox\n|-damage|p2a: Regirock|20\/100 tox|[from] Stealth Rock\n|turn|39\n|\n|t:|1639691240\n|switch|p1a: Tsareena|Tsareena, F|100\/100\n|move|p2a: Regirock|Toxic|p1a: Tsareena\n|-status|p1a: Tsareena|tox\n|\n|-heal|p2a: Regirock|26\/100 tox|[from] item: Leftovers\n|-damage|p1a: Tsareena|94\/100 tox|[from] psn\n|-damage|p2a: Regirock|20\/100 tox|[from] psn\n|upkeep\n|turn|40\n|\n|t:|1639691248\n|switch|p2a: Togedemaru|Togedemaru, M|100\/100\n|-damage|p2a: Togedemaru|94\/100|[from] Stealth Rock\n|move|p1a: Tsareena|Rapid Spin|p2a: Togedemaru\n|-resisted|p2a: Togedemaru\n|-damage|p2a: Togedemaru|85\/100\n|-boost|p1a: Tsareena|spe|1\n|-damage|p1a: Tsareena|82\/100 tox|[from] ability: Iron Barbs|[of] p2a: Togedemaru\n|-sideend|p1: MichaelderBeste2|Stealth Rock|[from] move: Rapid Spin|[of] p1a: Tsareena\n|\n|-damage|p1a: Tsareena|70\/100 tox|[from] psn\n|upkeep\n|turn|41\n|\n|t:|1639691268\n|switch|p1a: Charizard|Charizard, F|70\/100 tox\n|move|p2a: Togedemaru|Wish|p2a: Togedemaru\n|\n|-damage|p1a: Charizard|64\/100 tox|[from] psn\n|upkeep\n|turn|42\n|\n|t:|1639691289\n|switch|p2a: Gallade|Gallade, M|61\/100\n|-damage|p2a: Gallade|55\/100|[from] Stealth Rock\n|move|p1a: Charizard|Flamethrower|p2a: Gallade\n|-damage|p2a: Gallade|28\/100\n|\n|-heal|p2a: Gallade|88\/100|[from] move: Wish|[wisher] Togedemaru\n|-damage|p1a: Charizard|52\/100 tox|[from] psn\n|upkeep\n|turn|43\n|\n|t:|1639691303\n|switch|p1a: Regirock|Regirock|56\/100\n|move|p2a: Gallade|Knock Off|p1a: Regirock\n|-damage|p1a: Regirock|41\/100\n|-enditem|p1a: Regirock|Leftovers|[from] move: Knock Off|[of] p2a: Gallade\n|\n|upkeep\n|turn|44\n|\n|t:|1639691308\n|move|p2a: Gallade|Close Combat|p1a: Regirock\n|-supereffective|p1a: Regirock\n|-damage|p1a: Regirock|0 fnt\n|-unboost|p2a: Gallade|def|1\n|-unboost|p2a: Gallade|spd|1\n|faint|p1a: Regirock\n|\n|upkeep\n|\n|t:|1639691318\n|switch|p1a: Ribombee|Ribombee, M|24\/100\n|turn|45\n|inactive|MichaelderBeste2 has 270 seconds left.\n|\n|t:|1639691354\n|switch|p1a: Tsareena|Tsareena, F|70\/100 tox\n|move|p2a: Gallade|Shadow Sneak||[still]\n|cant|p1a: Tsareena|ability: Queenly Majesty|Shadow Sneak|[of] p2a: Gallade\n|\n|-damage|p1a: Tsareena|64\/100 tox|[from] psn\n|upkeep\n|turn|46\n|inactive|MichaelderBeste2 has 270 seconds left.\n|\n|t:|1639691366\n|switch|p2a: Togedemaru|Togedemaru, M|85\/100\n|-damage|p2a: Togedemaru|79\/100|[from] Stealth Rock\n|switch|p1a: Togedemaru|Togedemaru, F|6\/100\n|\n|upkeep\n|turn|47\n|inactive|MichaelderBeste2 has 270 seconds left.\n|\n|t:|1639691372\n|move|p1a: Togedemaru|Wish|p1a: Togedemaru\n|move|p2a: Togedemaru|Iron Head|p1a: Togedemaru\n|-resisted|p1a: Togedemaru\n|-damage|p1a: Togedemaru|0 fnt\n|faint|p1a: Togedemaru\n|\n|upkeep\n|inactive|MichaelderBeste2 has 270 seconds left.\n|inactive|MichaelderBeste2 has 240 seconds left.\n|\n|t:|1639691416\n|switch|p1a: Charizard|Charizard, F|52\/100 tox\n|turn|48\n|\n|t:|1639691430\n|move|p2a: Togedemaru|Spiky Shield|p2a: Togedemaru\n|-singleturn|p2a: Togedemaru|move: Protect\n|move|p1a: Charizard|Flamethrower|p2a: Togedemaru\n|-activate|p2a: Togedemaru|move: Protect\n|\n|-heal|p1a: Charizard|100\/100 tox|[from] move: Wish|[wisher] Togedemaru\n|-damage|p1a: Charizard|94\/100 tox|[from] psn\n|upkeep\n|turn|49\n|\n|t:|1639691435\n|switch|p1a: Ribombee|Ribombee, M|24\/100\n|switch|p2a: Regirock|Regirock|20\/100 tox\n|-damage|p2a: Regirock|8\/100 tox|[from] Stealth Rock\n|\n|-heal|p2a: Regirock|14\/100 tox|[from] item: Leftovers\n|-damage|p2a: Regirock|8\/100 tox|[from] psn\n|upkeep\n|turn|50\n|\n|t:|1639691442\n|move|p1a: Ribombee|Aromatherapy|p1a: Ribombee\n|-activate|p1a: Ribombee|move: Aromatherapy\n|-curestatus|p1: Charizard|tox|[msg]\n|-curestatus|p1: Tsareena|tox|[msg]\n|move|p2a: Regirock|Rock Blast|p1a: Ribombee|[miss]\n|-miss|p2a: Regirock|p1a: Ribombee\n|\n|-heal|p2a: Regirock|14\/100 tox|[from] item: Leftovers\n|-damage|p2a: Regirock|2\/100 tox|[from] psn\n|upkeep\n|turn|51\n|c|\u2606tolstoy|e\n|c|\u2606tolstoy|think I won\n|\n|t:|1639691454\n|switch|p2a: Togedemaru|Togedemaru, M|79\/100\n|-damage|p2a: Togedemaru|73\/100|[from] Stealth Rock\n|move|p1a: Ribombee|Moonblast|p2a: Togedemaru\n|-resisted|p2a: Togedemaru\n|-damage|p2a: Togedemaru|52\/100\n|\n|upkeep\n|turn|52\n|\n|t:|1639691460\n|switch|p1a: Charizard|Charizard, F|94\/100\n|move|p2a: Togedemaru|Wish|p2a: Togedemaru\n|\n|upkeep\n|turn|53\n|\n|t:|1639691465\n|switch|p2a: Gallade|Gallade, M|88\/100\n|-damage|p2a: Gallade|81\/100|[from] Stealth Rock\n|move|p1a: Charizard|Flamethrower|p2a: Gallade\n|-damage|p2a: Gallade|53\/100\n|\n|-heal|p2a: Gallade|100\/100|[from] move: Wish|[wisher] Togedemaru\n|upkeep\n|turn|54\n|\n|t:|1639691471\n|move|p1a: Charizard|Hurricane|p2a: Gallade\n|-supereffective|p2a: Gallade\n|-damage|p2a: Gallade|20\/100\n|move|p2a: Gallade|Zen Headbutt|p1a: Charizard\n|-damage|p1a: Charizard|41\/100\n|\n|upkeep\n|turn|55\n|c|\u2606tolstoy|hit em all too\n|c|\u2606tolstoy|gg\n|\n|t:|1639691481\n|move|p2a: Gallade|Shadow Sneak|p1a: Charizard\n|-damage|p1a: Charizard|22\/100\n|move|p1a: Charizard|Flamethrower|p2a: Gallade\n|-damage|p2a: Gallade|0 fnt\n|faint|p2a: Gallade\n|\n|upkeep\n|-message|tolstoy forfeited.\n|\n|win|MichaelderBeste2\n|c|\u2606MichaelderBeste2|gg\n","uploadtime":1639691486,"views":1268,"p1id":"michaelderbeste2","p2id":"tolstoy","formatid":"gen8pu","rating":0,"private":0,"password":null}