{"id":"smogtours-gen7ou-652271","p1":"blunderr","p2":"Coach Jones 6fifth","format":"gen7ou","log":"|inactive|Battle timer is ON: inactive players will automatically lose when time's up.\n|t:|1664723469\n|gametype|singles\n|player|p1|blunderr|#blunderr|\n|player|p2|Coach Jones 6fifth|lusamine-nihilego|\n|teamsize|p1|6\n|teamsize|p2|6\n|gen|7\n|tier|[Gen 7] OU\n|rule|Sleep Clause Mod: Limit one foe put to sleep\n|rule|Species Clause: Limit one of each Pok\u00e9mon\n|rule|OHKO Clause: OHKO moves are banned\n|rule|Moody Clause: Moody is banned\n|rule|Evasion Items Clause: Evasion items are banned\n|rule|Evasion Moves Clause: Evasion moves are banned\n|rule|Endless Battle Clause: Forcing endless battles is banned\n|rule|HP Percentage Mod: HP is shown in percentages\n|clearpoke\n|poke|p1|Diancie|item\n|poke|p1|Zapdos|item\n|poke|p1|Jirachi|item\n|poke|p1|Seismitoad, F|item\n|poke|p1|Tapu Bulu|item\n|poke|p1|Kartana|item\n|poke|p2|Pelipper, F|item\n|poke|p2|Ferrothorn, M|item\n|poke|p2|Greninja, M|item\n|poke|p2|Swampert, F|item\n|poke|p2|Tornadus-Therian, M|item\n|poke|p2|Magearna|item\n|teampreview\n|inactive|blunderr also wants the timer to be on.\n|c|\u2606Coach Jones 6fifth|hf\n|c|\u2606blunderr|You as well\n|inactive|blunderr has 270 seconds left.\n|inactive|Coach Jones 6fifth has 270 seconds left.\n|inactive|Coach Jones 6fifth has 240 seconds left.\n|\n|t:|1664723546\n|start\n|switch|p1a: Zapdos|Zapdos|100\/100\n|switch|p2a: Ferrothorn|Ferrothorn, M|100\/100\n|turn|1\n|inactive|Coach Jones 6fifth has 270 seconds left.\n|\n|t:|1664723578\n|switch|p2a: Swampert|Swampert, F|100\/100\n|move|p1a: Zapdos|Heat Wave|p2a: Swampert\n|-resisted|p2a: Swampert\n|-crit|p2a: Swampert\n|-damage|p2a: Swampert|79\/100\n|\n|upkeep\n|turn|2\n|inactive|Coach Jones 6fifth has 270 seconds left.\n|\n|t:|1664723589\n|detailschange|p2a: Swampert|Swampert-Mega, F\n|-mega|p2a: Swampert|Swampert|Swampertite\n|move|p2a: Swampert|Ice Punch|p1a: Zapdos\n|-supereffective|p1a: Zapdos\n|-damage|p1a: Zapdos|60\/100\n|-damage|p2a: Swampert|63\/100|[from] item: Rocky Helmet|[of] p1a: Zapdos\n|move|p1a: Zapdos|Heat Wave|p2a: Swampert\n|-resisted|p2a: Swampert\n|-damage|p2a: Swampert|52\/100\n|\n|upkeep\n|turn|3\n|inactive|Coach Jones 6fifth has 270 seconds left.\n|\n|t:|1664723599\n|move|p2a: Swampert|Ice Punch|p1a: Zapdos\n|-supereffective|p1a: Zapdos\n|-damage|p1a: Zapdos|22\/100\n|-damage|p2a: Swampert|35\/100|[from] item: Rocky Helmet|[of] p1a: Zapdos\n|move|p1a: Zapdos|Roost|p1a: Zapdos\n|-heal|p1a: Zapdos|72\/100\n|-singleturn|p1a: Zapdos|move: Roost\n|\n|upkeep\n|turn|4\n|\n|t:|1664723603\n|switch|p2a: Pelipper|Pelipper, F|100\/100\n|-weather|RainDance|[from] ability: Drizzle|[of] p2a: Pelipper\n|move|p1a: Zapdos|Roost|p1a: Zapdos\n|-heal|p1a: Zapdos|100\/100\n|-singleturn|p1a: Zapdos|move: Roost\n|\n|-weather|RainDance|[upkeep]\n|upkeep\n|turn|5\n|\n|t:|1664723606\n|switch|p2a: Ferrothorn|Ferrothorn, M|100\/100\n|move|p1a: Zapdos|Heat Wave|p2a: Ferrothorn\n|-supereffective|p2a: Ferrothorn\n|-damage|p2a: Ferrothorn|68\/100\n|\n|-weather|RainDance|[upkeep]\n|-heal|p2a: Ferrothorn|74\/100|[from] item: Leftovers\n|upkeep\n|turn|6\n|\n|t:|1664723610\n|move|p1a: Zapdos|Heat Wave|p2a: Ferrothorn\n|-supereffective|p2a: Ferrothorn\n|-damage|p2a: Ferrothorn|39\/100\n|move|p2a: Ferrothorn|Leech Seed|p1a: Zapdos\n|-start|p1a: Zapdos|move: Leech Seed\n|\n|-weather|RainDance|[upkeep]\n|-heal|p2a: Ferrothorn|45\/100|[from] item: Leftovers\n|-damage|p1a: Zapdos|88\/100|[from] Leech Seed|[of] p2a: Ferrothorn\n|-heal|p2a: Ferrothorn|58\/100|[silent]\n|upkeep\n|turn|7\n|\n|t:|1664723616\n|switch|p1a: Kartana|Kartana|100\/100\n|move|p2a: Ferrothorn|Spikes|p1a: Kartana\n|-sidestart|p1: blunderr|Spikes\n|\n|-weather|RainDance|[upkeep]\n|-heal|p2a: Ferrothorn|64\/100|[from] item: Leftovers\n|upkeep\n|turn|8\n|\n|t:|1664723619\n|switch|p1a: Zapdos|Zapdos|88\/100\n|switch|p2a: Tornadus|Tornadus-Therian, M|100\/100\n|\n|-weather|RainDance|[upkeep]\n|upkeep\n|turn|9\n|\n|t:|1664723622\n|move|p2a: Tornadus|Taunt|p1a: Zapdos\n|-start|p1a: Zapdos|move: Taunt\n|cant|p1a: Zapdos|move: Taunt|Defog\n|\n|-weather|RainDance|[upkeep]\n|upkeep\n|turn|10\n|\n|t:|1664723625\n|move|p2a: Tornadus|Knock Off|p1a: Zapdos\n|-damage|p1a: Zapdos|74\/100\n|-damage|p2a: Tornadus|84\/100|[from] item: Rocky Helmet|[of] p1a: Zapdos\n|-enditem|p1a: Zapdos|Rocky Helmet|[from] move: Knock Off|[of] p2a: Tornadus\n|move|p1a: Zapdos|Heat Wave|p2a: Tornadus\n|-damage|p2a: Tornadus|71\/100\n|\n|-weather|RainDance|[upkeep]\n|upkeep\n|turn|11\n|\n|t:|1664723638\n|switch|p2a: Swampert|Swampert-Mega, F|35\/100\n|move|p1a: Zapdos|Heat Wave|p2a: Swampert\n|-resisted|p2a: Swampert\n|-damage|p2a: Swampert|30\/100\n|-status|p2a: Swampert|brn\n|\n|-weather|none\n|-damage|p2a: Swampert|23\/100 brn|[from] brn\n|-end|p1a: Zapdos|move: Taunt\n|upkeep\n|turn|12\n|\n|t:|1664723653\n|switch|p2a: Magearna|Magearna|100\/100\n|move|p1a: Zapdos|Defog|p2a: Magearna\n|-unboost|p2a: Magearna|evasion|1\n|-sideend|p1: blunderr|Spikes|[from] move: Defog|[of] p1a: Zapdos\n|\n|upkeep\n|turn|13\n|\n|t:|1664723666\n|switch|p2a: Ferrothorn|Ferrothorn, M|64\/100\n|switch|p1a: Jirachi|Jirachi|100\/100\n|\n|-heal|p2a: Ferrothorn|71\/100|[from] item: Leftovers\n|upkeep\n|turn|14\n|c|+lax|this team vs rain is fucked\n|\n|t:|1664723671\n|switch|p1a: Zapdos|Zapdos|74\/100\n|move|p2a: Ferrothorn|Leech Seed|p1a: Zapdos\n|-start|p1a: Zapdos|move: Leech Seed\n|\n|-heal|p2a: Ferrothorn|77\/100|[from] item: Leftovers\n|-damage|p1a: Zapdos|61\/100|[from] Leech Seed|[of] p2a: Ferrothorn\n|-heal|p2a: Ferrothorn|90\/100|[silent]\n|upkeep\n|turn|15\n|c|\u2606blunderr|Ben is so smart\n|\n|t:|1664723679\n|switch|p2a: Swampert|Swampert-Mega, F|23\/100 brn\n|move|p1a: Zapdos|Roost|p1a: Zapdos\n|-heal|p1a: Zapdos|100\/100\n|-singleturn|p1a: Zapdos|move: Roost\n|\n|-damage|p1a: Zapdos|88\/100|[from] Leech Seed|[of] p2a: Swampert\n|-heal|p2a: Swampert|37\/100 brn|[silent]\n|-damage|p2a: Swampert|31\/100 brn|[from] brn\n|upkeep\n|turn|16\n|\n|t:|1664723683\n|switch|p1a: Seismitoad|Seismitoad, F|100\/100\n|move|p2a: Swampert|Stealth Rock|p1a: Seismitoad\n|-sidestart|p1: blunderr|move: Stealth Rock\n|\n|-damage|p2a: Swampert|25\/100 brn|[from] brn\n|upkeep\n|turn|17\n|\n|t:|1664723690\n|switch|p2a: Ferrothorn|Ferrothorn, M|90\/100\n|move|p1a: Seismitoad|Scald|p2a: Ferrothorn\n|-resisted|p2a: Ferrothorn\n|-damage|p2a: Ferrothorn|83\/100\n|-status|p2a: Ferrothorn|brn\n|\n|-heal|p2a: Ferrothorn|89\/100 brn|[from] item: Leftovers\n|-damage|p2a: Ferrothorn|83\/100 brn|[from] brn\n|upkeep\n|turn|18\n|\n|t:|1664723693\n|switch|p1a: Kartana|Kartana|100\/100\n|-damage|p1a: Kartana|94\/100|[from] Stealth Rock\n|move|p2a: Ferrothorn|Power Whip|p1a: Kartana\n|-resisted|p1a: Kartana\n|-damage|p1a: Kartana|90\/100\n|\n|-heal|p2a: Ferrothorn|89\/100 brn|[from] item: Leftovers\n|-damage|p2a: Ferrothorn|83\/100 brn|[from] brn\n|upkeep\n|turn|19\n|\n|t:|1664723695\n|switch|p1a: Zapdos|Zapdos|88\/100\n|-damage|p1a: Zapdos|63\/100|[from] Stealth Rock\n|switch|p2a: Tornadus|Tornadus-Therian, M|100\/100\n|\n|upkeep\n|turn|20\n|\n|t:|1664723701\n|switch|p2a: Magearna|Magearna|100\/100\n|move|p1a: Zapdos|Discharge|p2a: Magearna\n|-damage|p2a: Magearna|67\/100\n|\n|upkeep\n|turn|21\n|\n|t:|1664723706\n|switch|p1a: Jirachi|Jirachi|100\/100\n|-damage|p1a: Jirachi|94\/100|[from] Stealth Rock\n|move|p2a: Magearna|Fleur Cannon|p1a: Jirachi\n|-resisted|p1a: Jirachi\n|-damage|p1a: Jirachi|72\/100\n|-unboost|p2a: Magearna|spa|2\n|\n|-heal|p1a: Jirachi|78\/100|[from] item: Leftovers\n|upkeep\n|turn|22\n|\n|t:|1664723708\n|switch|p2a: Greninja|Greninja, M|100\/100\n|move|p1a: Jirachi|Wish|p1a: Jirachi\n|\n|-heal|p1a: Jirachi|84\/100|[from] item: Leftovers\n|upkeep\n|turn|23\n|\n|t:|1664723718\n|switch|p1a: Diancie|Diancie|100\/100\n|-damage|p1a: Diancie|88\/100|[from] Stealth Rock\n|move|p2a: Greninja|Dark Pulse|p1a: Diancie\n|-resisted|p1a: Diancie\n|-damage|p1a: Diancie|59\/100\n|\n|-heal|p1a: Diancie|100\/100|[from] move: Wish|[wisher] Jirachi\n|upkeep\n|turn|24\n|\n|t:|1664723724\n|switch|p2a: Ferrothorn|Ferrothorn, M|83\/100 brn\n|detailschange|p1a: Diancie|Diancie-Mega\n|-mega|p1a: Diancie|Diancie|Diancite\n|move|p1a: Diancie|Earth Power|p2a: Ferrothorn\n|-damage|p2a: Ferrothorn|59\/100 brn\n|\n|-heal|p2a: Ferrothorn|66\/100 brn|[from] item: Leftovers\n|-damage|p2a: Ferrothorn|59\/100 brn|[from] brn\n|upkeep\n|turn|25\n|\n|t:|1664723730\n|switch|p1a: Zapdos|Zapdos|63\/100\n|-damage|p1a: Zapdos|39\/100|[from] Stealth Rock\n|switch|p2a: Greninja|Greninja, M|100\/100\n|\n|upkeep\n|turn|26\n|\n|t:|1664723734\n|switch|p1a: Tapu Bulu|Tapu Bulu|100\/100\n|-damage|p1a: Tapu Bulu|88\/100|[from] Stealth Rock\n|-fieldstart|move: Grassy Terrain|[from] ability: Grassy Surge|[of] p1a: Tapu Bulu\n|move|p2a: Greninja|Ice Beam|p1a: Tapu Bulu\n|-supereffective|p1a: Tapu Bulu\n|-damage|p1a: Tapu Bulu|0 fnt\n|faint|p1a: Tapu Bulu\n|-activate|p2a: Greninja|ability: Battle Bond\n|detailschange|p2a: Greninja|Greninja-Ash, M\n|\n|upkeep\n|\n|t:|1664723743\n|switch|p1a: Jirachi|Jirachi|84\/100\n|-damage|p1a: Jirachi|78\/100|[from] Stealth Rock\n|turn|27\n|\n|t:|1664723747\n|switch|p2a: Tornadus|Tornadus-Therian, M|100\/100\n|move|p1a: Jirachi|Wish|p1a: Jirachi\n|\n|-heal|p1a: Jirachi|84\/100|[from] Grassy Terrain\n|-heal|p1a: Jirachi|91\/100|[from] item: Leftovers\n|upkeep\n|turn|28\n|\n|t:|1664723750\n|switch|p1a: Diancie|Diancie-Mega|100\/100\n|-damage|p1a: Diancie|88\/100|[from] Stealth Rock\n|move|p2a: Tornadus|Hurricane|p1a: Diancie|[miss]\n|-miss|p2a: Tornadus|p1a: Diancie\n|\n|-heal|p1a: Diancie|100\/100|[from] move: Wish|[wisher] Jirachi\n|upkeep\n|turn|29\n|\n|t:|1664723753\n|move|p2a: Tornadus|U-turn|p1a: Diancie\n|-resisted|p1a: Diancie\n|-crit|p1a: Diancie\n|-damage|p1a: Diancie|86\/100\n|\n|t:|1664723755\n|switch|p2a: Ferrothorn|Ferrothorn, M|59\/100 brn|[from]move: U-turn\n|move|p1a: Diancie|Earth Power|p2a: Ferrothorn\n|-damage|p2a: Ferrothorn|34\/100 brn\n|\n|-heal|p1a: Diancie|92\/100|[from] Grassy Terrain\n|-heal|p2a: Ferrothorn|41\/100 brn|[from] Grassy Terrain\n|-heal|p2a: Ferrothorn|47\/100 brn|[from] item: Leftovers\n|-damage|p2a: Ferrothorn|41\/100 brn|[from] brn\n|upkeep\n|turn|30\n|\n|t:|1664723759\n|switch|p1a: Zapdos|Zapdos|39\/100\n|-damage|p1a: Zapdos|14\/100|[from] Stealth Rock\n|move|p2a: Ferrothorn|Leech Seed|p1a: Zapdos\n|-start|p1a: Zapdos|move: Leech Seed\n|\n|-heal|p2a: Ferrothorn|47\/100 brn|[from] Grassy Terrain\n|-heal|p2a: Ferrothorn|53\/100 brn|[from] item: Leftovers\n|-damage|p1a: Zapdos|2\/100|[from] Leech Seed|[of] p2a: Ferrothorn\n|-heal|p2a: Ferrothorn|66\/100 brn|[silent]\n|-damage|p2a: Ferrothorn|60\/100 brn|[from] brn\n|-fieldend|move: Grassy Terrain\n|upkeep\n|turn|31\n|\n|t:|1664723765\n|switch|p2a: Magearna|Magearna|67\/100\n|move|p1a: Zapdos|Roost|p1a: Zapdos\n|-heal|p1a: Zapdos|52\/100\n|-singleturn|p1a: Zapdos|move: Roost\n|\n|-damage|p1a: Zapdos|39\/100|[from] Leech Seed|[of] p2a: Magearna\n|-heal|p2a: Magearna|82\/100|[silent]\n|upkeep\n|turn|32\n|\n|t:|1664723771\n|switch|p1a: Jirachi|Jirachi|91\/100\n|-damage|p1a: Jirachi|84\/100|[from] Stealth Rock\n|move|p2a: Magearna|Fleur Cannon|p1a: Jirachi\n|-resisted|p1a: Jirachi\n|-damage|p1a: Jirachi|62\/100\n|-unboost|p2a: Magearna|spa|2\n|\n|-heal|p1a: Jirachi|69\/100|[from] item: Leftovers\n|upkeep\n|turn|33\n|\n|t:|1664723776\n|switch|p2a: Pelipper|Pelipper, F|100\/100\n|-weather|RainDance|[from] ability: Drizzle|[of] p2a: Pelipper\n|move|p1a: Jirachi|Wish|p1a: Jirachi\n|\n|-weather|RainDance|[upkeep]\n|-heal|p1a: Jirachi|75\/100|[from] item: Leftovers\n|upkeep\n|turn|34\n|\n|t:|1664723782\n|move|p1a: Jirachi|Iron Head|p2a: Pelipper\n|-resisted|p2a: Pelipper\n|-damage|p2a: Pelipper|90\/100\n|move|p2a: Pelipper|Scald|p1a: Jirachi\n|-damage|p1a: Jirachi|47\/100\n|\n|-weather|RainDance|[upkeep]\n|-heal|p1a: Jirachi|97\/100|[from] move: Wish|[wisher] Jirachi\n|-heal|p1a: Jirachi|100\/100|[from] item: Leftovers\n|upkeep\n|turn|35\n|\n|t:|1664723785\n|move|p1a: Jirachi|Protect|p1a: Jirachi\n|-singleturn|p1a: Jirachi|Protect\n|move|p2a: Pelipper|Scald|p1a: Jirachi\n|-activate|p1a: Jirachi|move: Protect\n|\n|-weather|RainDance|[upkeep]\n|upkeep\n|turn|36\n|\n|t:|1664723787\n|move|p1a: Jirachi|Wish|p1a: Jirachi\n|move|p2a: Pelipper|U-turn|p1a: Jirachi\n|-damage|p1a: Jirachi|93\/100\n|\n|t:|1664723789\n|switch|p2a: Greninja|Greninja-Ash, M|100\/100|[from]move: U-turn\n|\n|-weather|RainDance|[upkeep]\n|-heal|p1a: Jirachi|99\/100|[from] item: Leftovers\n|upkeep\n|turn|37\n|\n|t:|1664723794\n|switch|p2a: Magearna|Magearna|82\/100\n|switch|p1a: Seismitoad|Seismitoad, F|100\/100\n|-damage|p1a: Seismitoad|94\/100|[from] Stealth Rock\n|\n|-weather|RainDance|[upkeep]\n|-heal|p1a: Seismitoad|100\/100|[from] move: Wish|[wisher] Jirachi\n|upkeep\n|turn|38\n|\n|t:|1664723800\n|-zpower|p2a: Magearna\n|move|p2a: Magearna|Twinkle Tackle|p1a: Seismitoad|[zeffect]\n|-damage|p1a: Seismitoad|23\/100\n|move|p1a: Seismitoad|Stealth Rock|p2a: Magearna\n|-sidestart|p2: Coach Jones 6fifth|move: Stealth Rock\n|\n|-weather|RainDance|[upkeep]\n|-heal|p1a: Seismitoad|29\/100|[from] item: Leftovers\n|upkeep\n|turn|39\n|\n|t:|1664723804\n|switch|p2a: Greninja|Greninja-Ash, M|100\/100\n|-damage|p2a: Greninja|88\/100|[from] Stealth Rock\n|switch|p1a: Jirachi|Jirachi|99\/100\n|-damage|p1a: Jirachi|93\/100|[from] Stealth Rock\n|\n|-weather|RainDance|[upkeep]\n|-heal|p1a: Jirachi|99\/100|[from] item: Leftovers\n|upkeep\n|turn|40\n|\n|t:|1664723806\n|move|p1a: Jirachi|Protect|p1a: Jirachi\n|-singleturn|p1a: Jirachi|Protect\n|move|p2a: Greninja|Dark Pulse|p1a: Jirachi\n|-activate|p1a: Jirachi|move: Protect\n|\n|-weather|none\n|-heal|p1a: Jirachi|100\/100|[from] item: Leftovers\n|upkeep\n|turn|41\n|\n|t:|1664723808\n|move|p2a: Greninja|Dark Pulse|p1a: Jirachi\n|-supereffective|p1a: Jirachi\n|-damage|p1a: Jirachi|3\/100\n|move|p1a: Jirachi|U-turn|p2a: Greninja\n|-supereffective|p2a: Greninja\n|-crit|p2a: Greninja\n|-damage|p2a: Greninja|3\/100\n|\n|t:|1664723812\n|switch|p1a: Diancie|Diancie-Mega|92\/100|[from]move: U-turn\n|-damage|p1a: Diancie|80\/100|[from] Stealth Rock\n|\n|upkeep\n|turn|42\n|inactive|Coach Jones 6fifth has 270 seconds left.\n|\n|t:|1664723871\n|move|p2a: Greninja|Dark Pulse|p1a: Diancie\n|-resisted|p1a: Diancie\n|-damage|p1a: Diancie|36\/100\n|move|p1a: Diancie|Moonblast|p2a: Greninja\n|-supereffective|p2a: Greninja\n|-damage|p2a: Greninja|0 fnt\n|faint|p2a: Greninja\n|\n|upkeep\n|\n|t:|1664723874\n|switch|p2a: Magearna|Magearna|82\/100\n|-damage|p2a: Magearna|76\/100|[from] Stealth Rock\n|turn|43\n|\n|t:|1664723880\n|move|p1a: Diancie|Earth Power|p2a: Magearna\n|-supereffective|p2a: Magearna\n|-damage|p2a: Magearna|0 fnt\n|faint|p2a: Magearna\n|\n|upkeep\n|\n|t:|1664723884\n|switch|p2a: Tornadus|Tornadus-Therian, M|100\/100\n|-damage|p2a: Tornadus|76\/100|[from] Stealth Rock\n|turn|44\n|inactive|Coach Jones 6fifth has 270 seconds left.\n|\n|t:|1664723896\n|move|p2a: Tornadus|U-turn|p1a: Diancie\n|-resisted|p1a: Diancie\n|-damage|p1a: Diancie|27\/100\n|\n|t:|1664723900\n|switch|p2a: Pelipper|Pelipper, F|90\/100|[from]move: U-turn\n|-damage|p2a: Pelipper|66\/100|[from] Stealth Rock\n|-weather|RainDance|[from] ability: Drizzle|[of] p2a: Pelipper\n|move|p1a: Diancie|Moonblast|p2a: Pelipper\n|-damage|p2a: Pelipper|0 fnt\n|faint|p2a: Pelipper\n|\n|-weather|RainDance|[upkeep]\n|upkeep\n|\n|t:|1664723903\n|switch|p2a: Swampert|Swampert-Mega, F|25\/100 brn\n|-damage|p2a: Swampert|19\/100 brn|[from] Stealth Rock\n|turn|45\n|\n|t:|1664723907\n|switch|p1a: Jirachi|Jirachi|3\/100\n|-damage|p1a: Jirachi|0 fnt|[from] Stealth Rock\n|faint|p1a: Jirachi\n|move|p2a: Swampert|Earthquake|p1: Jirachi|[notarget]\n|-fail|p2a: Swampert\n|\n|-weather|RainDance|[upkeep]\n|-damage|p2a: Swampert|13\/100 brn|[from] brn\n|upkeep\n|\n|t:|1664723908\n|switch|p1a: Kartana|Kartana|90\/100\n|-damage|p1a: Kartana|84\/100|[from] Stealth Rock\n|turn|46\n|\n|t:|1664723912\n|move|p2a: Swampert|Earthquake|p1a: Kartana\n|-damage|p1a: Kartana|55\/100\n|-zpower|p1a: Kartana\n|move|p1a: Kartana|Bloom Doom|p2a: Swampert|[zeffect]\n|-supereffective|p2a: Swampert\n|-damage|p2a: Swampert|0 fnt\n|faint|p2a: Swampert\n|-ability|p1a: Kartana|Beast Boost|boost\n|-boost|p1a: Kartana|atk|1\n|\n|-weather|RainDance|[upkeep]\n|upkeep\n|\n|t:|1664723914\n|switch|p2a: Tornadus|Tornadus-Therian, M|100\/100\n|-damage|p2a: Tornadus|76\/100|[from] Stealth Rock\n|turn|47\n|\n|t:|1664723917\n|move|p2a: Tornadus|Hurricane|p1a: Kartana\n|-damage|p1a: Kartana|0 fnt\n|faint|p1a: Kartana\n|\n|-weather|RainDance|[upkeep]\n|upkeep\n|\n|t:|1664723919\n|switch|p1a: Diancie|Diancie-Mega|27\/100\n|-damage|p1a: Diancie|14\/100|[from] Stealth Rock\n|turn|48\n|\n|t:|1664723920\n|move|p1a: Diancie|Protect|p1a: Diancie\n|-singleturn|p1a: Diancie|Protect\n|move|p2a: Tornadus|Hurricane|p1a: Diancie\n|-activate|p1a: Diancie|move: Protect\n|\n|-weather|RainDance|[upkeep]\n|upkeep\n|turn|49\n|\n|t:|1664723923\n|switch|p1a: Seismitoad|Seismitoad, F|29\/100\n|-damage|p1a: Seismitoad|23\/100|[from] Stealth Rock\n|move|p2a: Tornadus|Hurricane|p1a: Seismitoad\n|-damage|p1a: Seismitoad|0 fnt\n|faint|p1a: Seismitoad\n|\n|-weather|RainDance|[upkeep]\n|upkeep\n|\n|t:|1664723925\n|switch|p1a: Diancie|Diancie-Mega|14\/100\n|-damage|p1a: Diancie|2\/100|[from] Stealth Rock\n|turn|50\n|\n|t:|1664723927\n|move|p1a: Diancie|Protect|p1a: Diancie\n|-singleturn|p1a: Diancie|Protect\n|move|p2a: Tornadus|Hurricane|p1a: Diancie\n|-activate|p1a: Diancie|move: Protect\n|\n|-weather|RainDance|[upkeep]\n|upkeep\n|turn|51\n|\n|t:|1664723930\n|move|p2a: Tornadus|Hurricane|p1a: Diancie\n|-resisted|p1a: Diancie\n|-damage|p1a: Diancie|0 fnt\n|faint|p1a: Diancie\n|\n|-weather|none\n|upkeep\n|\n|t:|1664723932\n|switch|p1a: Zapdos|Zapdos|39\/100\n|-damage|p1a: Zapdos|15\/100|[from] Stealth Rock\n|turn|52\n|\n|t:|1664723937\n|move|p2a: Tornadus|Hurricane|p1a: Zapdos\n|-resisted|p1a: Zapdos\n|-damage|p1a: Zapdos|0 fnt\n|faint|p1a: Zapdos\n|\n|win|Coach Jones 6fifth\n|c|\u2606blunderr|Gg\n|c|\u2606Coach Jones 6fifth|gg\n","uploadtime":1664723938,"views":80,"p1id":"blunderr","p2id":"coachjones6fifth","formatid":"gen7ou","rating":0,"private":0,"password":null}