{"id":"smogtours-gen7ou-344278","p1":"D0UBLE_J","p2":"Gotham Paladin","format":"gen7ou","log":"|inactive|Battle timer is ON: inactive players will automatically lose when time's up.\n|player|p1|D0UBLE_J|#clemont\n|teamsize|p1|6\n|player|p2|Gotham Paladin|283\n|teamsize|p2|6\n|gametype|singles\n|gen|7\n|tier|[Gen 7] OU\n|rule|Sleep Clause Mod: Limit one foe put to sleep\n|rule|Species Clause: Limit one of each Pok\u00e9mon\n|rule|OHKO Clause: OHKO moves are banned\n|rule|Moody Clause: Moody is banned\n|rule|Evasion Moves Clause: Evasion moves are banned\n|rule|Endless Battle Clause: Forcing endless battles is banned\n|rule|HP Percentage Mod: HP is shown in percentages\n|clearpoke\n|poke|p1|Volcarona, F|item\n|poke|p1|Latios, M|item\n|poke|p1|Tapu Fini|item\n|poke|p1|Landorus-Therian, M|item\n|poke|p1|Magearna|item\n|poke|p1|Keldeo-Resolute|item\n|poke|p2|Greninja, F|item\n|poke|p2|Keldeo-Resolute|item\n|poke|p2|Landorus-Therian, M|item\n|poke|p2|Muk-Alola, M|item\n|poke|p2|Tapu Bulu|item\n|poke|p2|Magearna|item\n|teampreview\n|c|\u2606Gotham Paladin|hf!\n|c|\u2606D0UBLE_J|u2\n|inactive|Gotham Paladin has 285 seconds left.\n|\n|start\n|switch|p1a: Landorus|Landorus-Therian, M|100\/100\n|switch|p2a: Greninja|Greninja, F|100\/100\n|-ability|p1a: Landorus|Intimidate|boost\n|-unboost|p2a: Greninja|atk|1\n|turn|1\n|\n|move|p2a: Greninja|Hydro Pump|p1a: Landorus\n|-start|p2a: Greninja|typechange|Water|[from] Protean\n|-supereffective|p1a: Landorus\n|-damage|p1a: Landorus|0 fnt\n|faint|p1a: Landorus\n|\n|upkeep\n|\n|switch|p1a: Magearna|Magearna|100\/100\n|turn|2\n|\n|move|p2a: Greninja|Hydro Pump|p1a: Magearna\n|-damage|p1a: Magearna|82\/100\n|move|p1a: Magearna|Fleur Cannon|p2a: Greninja\n|-damage|p2a: Greninja|18\/100\n|-unboost|p1a: Magearna|spa|2\n|\n|upkeep\n|turn|3\n|\n|move|p2a: Greninja|Spikes|p1a: Magearna\n|-start|p2a: Greninja|typechange|Ground|[from] Protean\n|-sidestart|p1: D0UBLE_J|Spikes\n|move|p1a: Magearna|Fleur Cannon|p2a: Greninja\n|-damage|p2a: Greninja|0 fnt\n|-unboost|p1a: Magearna|spa|2\n|faint|p2a: Greninja\n|-ability|p1a: Magearna|Soul-Heart|boost\n|-boost|p1a: Magearna|spa|1\n|\n|upkeep\n|\n|switch|p2a: Landorus|Landorus-Therian, M|100\/100\n|-ability|p2a: Landorus|Intimidate|boost\n|-unboost|p1a: Magearna|atk|1\n|turn|4\n|\n|switch|p1a: Tapu Fini|Tapu Fini|100\/100\n|-damage|p1a: Tapu Fini|88\/100|[from] Spikes\n|-fieldstart|move: Misty Terrain|[from] ability: Misty Surge|[of] p1a: Tapu Fini\n|move|p2a: Landorus|Earthquake|p1a: Tapu Fini\n|-damage|p1a: Tapu Fini|39\/100\n|\n|-heal|p1a: Tapu Fini|45\/100|[from] item: Leftovers\n|upkeep\n|turn|5\n|\n|switch|p1a: Latios|Latios, M|100\/100\n|move|p2a: Landorus|Earthquake|p1a: Latios\n|-immune|p1a: Latios|[msg]|[from] ability: Levitate\n|\n|upkeep\n|turn|6\n|\n|switch|p2a: Magearna|Magearna|100\/100\n|-mega|p1a: Latios|Latios|Latiosite\n|detailschange|p1a: Latios|Latios-Mega, M\n|move|p1a: Latios|Earthquake|p2a: Magearna\n|-supereffective|p2a: Magearna\n|-crit|p2a: Magearna\n|-enditem|p2a: Magearna|Shuca Berry|[eat]\n|-enditem|p2a: Magearna|Shuca Berry|[weaken]\n|-damage|p2a: Magearna|61\/100\n|\n|upkeep\n|turn|7\n|inactive|D0UBLE_J has 285 seconds left.\n|\n|move|p1a: Latios|Earthquake|p2a: Magearna\n|-supereffective|p2a: Magearna\n|-damage|p2a: Magearna|2\/100\n|move|p2a: Magearna|Fleur Cannon|p1a: Latios\n|-supereffective|p1a: Latios\n|-damage|p1a: Latios|0 fnt\n|-unboost|p2a: Magearna|spa|2\n|faint|p1a: Latios\n|-ability|p2a: Magearna|Soul-Heart|boost\n|-boost|p2a: Magearna|spa|1\n|\n|upkeep\n|\n|switch|p1a: Volcarona|Volcarona, F|100\/100\n|-damage|p1a: Volcarona|88\/100|[from] Spikes\n|turn|8\n|\n|switch|p2a: Muk|Muk-Alola, M|100\/100\n|move|p1a: Volcarona|Substitute|p1a: Volcarona\n|-start|p1a: Volcarona|Substitute\n|-damage|p1a: Volcarona|64\/100\n|\n|-fieldend|Misty Terrain\n|upkeep\n|turn|9\n|\n|move|p1a: Volcarona|Quiver Dance|p1a: Volcarona\n|-boost|p1a: Volcarona|spa|1\n|-boost|p1a: Volcarona|spd|1\n|-boost|p1a: Volcarona|spe|1\n|move|p2a: Muk|Poison Jab|p1a: Volcarona\n|-end|p1a: Volcarona|Substitute\n|\n|upkeep\n|turn|10\n|\n|move|p1a: Volcarona|Substitute|p1a: Volcarona\n|-start|p1a: Volcarona|Substitute\n|-damage|p1a: Volcarona|39\/100\n|move|p2a: Muk|Rock Slide|p1a: Volcarona\n|-supereffective|p1a: Volcarona\n|-end|p1a: Volcarona|Substitute\n|\n|upkeep\n|turn|11\n|\n|move|p1a: Volcarona|Substitute|p1a: Volcarona\n|-start|p1a: Volcarona|Substitute\n|-damage|p1a: Volcarona|14\/100\n|move|p2a: Muk|Rock Slide|p1a: Volcarona\n|-supereffective|p1a: Volcarona\n|-end|p1a: Volcarona|Substitute\n|\n|upkeep\n|turn|12\n|\n|-zpower|p1a: Volcarona\n|move|p1a: Volcarona|Savage Spin-Out|p2a: Muk|[zeffect]\n|-damage|p2a: Muk|14\/100\n|move|p2a: Muk|Pursuit|p1a: Volcarona\n|-damage|p1a: Volcarona|0 fnt\n|faint|p1a: Volcarona\n|\n|upkeep\n|\n|switch|p1a: Magearna|Magearna|82\/100\n|-damage|p1a: Magearna|70\/100|[from] Spikes\n|turn|13\n|\n|move|p1a: Magearna|Flash Cannon|p2a: Muk\n|-damage|p2a: Muk|0 fnt\n|faint|p2a: Muk\n|-ability|p1a: Magearna|Soul-Heart|boost\n|-boost|p1a: Magearna|spa|1\n|\n|upkeep\n|\n|switch|p2a: Landorus|Landorus-Therian, M|100\/100\n|-ability|p2a: Landorus|Intimidate|boost\n|-unboost|p1a: Magearna|atk|1\n|turn|14\n|\n|switch|p1a: Tapu Fini|Tapu Fini|45\/100\n|-damage|p1a: Tapu Fini|32\/100|[from] Spikes\n|-fieldstart|move: Misty Terrain|[from] ability: Misty Surge|[of] p1a: Tapu Fini\n|move|p2a: Landorus|Earthquake|p1a: Tapu Fini\n|-damage|p1a: Tapu Fini|0 fnt\n|faint|p1a: Tapu Fini\n|\n|upkeep\n|\n|switch|p1a: Keldeo|Keldeo-Resolute|100\/100\n|-damage|p1a: Keldeo|88\/100|[from] Spikes\n|turn|15\n|\n|switch|p1a: Magearna|Magearna|70\/100\n|-damage|p1a: Magearna|57\/100|[from] Spikes\n|switch|p2a: Keldeo|Keldeo-Resolute|100\/100\n|\n|upkeep\n|turn|16\n|\n|move|p2a: Keldeo|Secret Sword|p1a: Magearna\n|-damage|p1a: Magearna|18\/100\n|move|p1a: Magearna|Volt Switch|p2a: Keldeo\n|-supereffective|p2a: Keldeo\n|-damage|p2a: Keldeo|52\/100\n|\n|switch|p1a: Keldeo|Keldeo-Resolute|88\/100\n|-damage|p1a: Keldeo|76\/100|[from] Spikes\n|\n|-heal|p2a: Keldeo|58\/100|[from] item: Leftovers\n|upkeep\n|turn|17\n|\n|move|p1a: Keldeo|Hydro Pump|p2a: Keldeo\n|-resisted|p2a: Keldeo\n|-damage|p2a: Keldeo|28\/100\n|move|p2a: Keldeo|Secret Sword|p1a: Keldeo\n|-damage|p1a: Keldeo|19\/100\n|\n|-heal|p2a: Keldeo|34\/100|[from] item: Leftovers\n|upkeep\n|turn|18\n|\n|move|p1a: Keldeo|Hydro Pump|p2a: Keldeo\n|-resisted|p2a: Keldeo\n|-damage|p2a: Keldeo|0 fnt\n|faint|p2a: Keldeo\n|\n|-fieldend|Misty Terrain\n|upkeep\n|c|\u2606D0UBLE_J|gg\n|\n|switch|p2a: Tapu Bulu|Tapu Bulu|100\/100\n|-fieldstart|move: Grassy Terrain|[from] ability: Grassy Surge|[of] p2a: Tapu Bulu\n|turn|19\n|\n|move|p1a: Keldeo|Hydro Pump|p2a: Tapu Bulu\n|-resisted|p2a: Tapu Bulu\n|-damage|p2a: Tapu Bulu|82\/100\n|move|p2a: Tapu Bulu|Horn Leech|p1a: Keldeo\n|-supereffective|p1a: Keldeo\n|-damage|p1a: Keldeo|0 fnt\n|-heal|p2a: Tapu Bulu|91\/100|[from] drain|[of] p1a: Keldeo\n|faint|p1a: Keldeo\n|\n|-heal|p2a: Tapu Bulu|97\/100|[from] Grassy Terrain\n|upkeep\n|\n|switch|p1a: Magearna|Magearna|18\/100\n|-damage|p1a: Magearna|5\/100|[from] Spikes\n|turn|20\n|c|\u2606Gotham Paladin|gg\n|\n|move|p2a: Tapu Bulu|Horn Leech|p1a: Magearna\n|-resisted|p1a: Magearna\n|-damage|p1a: Magearna|0 fnt\n|-heal|p2a: Tapu Bulu|99\/100|[from] drain|[of] p1a: Magearna\n|faint|p1a: Magearna\n|\n|win|Gotham Paladin\n","inputlog":null,"uploadtime":1516564670,"views":15,"p1id":"d0ublej","p2id":"gothampaladin","formatid":"gen7ou","rating":0,"private":0,"password":null}