{"id":"smogtours-gen7ou-582166","p1":"lonietzzz","p2":"BIHI","format":"gen7ou","log":"|inactive|Battle timer is ON: inactive players will automatically lose when time's up.\n|t:|1632684515\n|gametype|singles\n|player|p1|lonietzzz|pokemonbreederf|\n|player|p2|BIHI|101|\n|teamsize|p1|6\n|teamsize|p2|6\n|gen|7\n|tier|[Gen 7] OU\n|rule|Sleep Clause Mod: Limit one foe put to sleep\n|rule|Species Clause: Limit one of each Pok\u00e9mon\n|rule|OHKO Clause: OHKO moves are banned\n|rule|Moody Clause: Moody is banned\n|rule|Evasion Moves Clause: Evasion moves are banned\n|rule|Endless Battle Clause: Forcing endless battles is banned\n|rule|HP Percentage Mod: HP is shown in percentages\n|clearpoke\n|poke|p1|Tapu Fini|item\n|poke|p1|Mawile, F|item\n|poke|p1|Kyurem-Black|item\n|poke|p1|Greninja, F|item\n|poke|p1|Zapdos|item\n|poke|p1|Excadrill, F|item\n|poke|p2|Kartana|item\n|poke|p2|Alakazam, M|item\n|poke|p2|Tapu Lele|item\n|poke|p2|Magearna|item\n|poke|p2|Landorus-Therian, M|item\n|poke|p2|Rotom-Wash|item\n|teampreview\n|c|\u2606BIHI|hf\n|c|\u2606lonietzzz|hf\n|inactive|BIHI has 270 seconds left.\n|\n|t:|1632684550\n|start\n|switch|p1a: Greninja|Greninja, F|100\/100\n|switch|p2a: Rotom|Rotom-Wash|100\/100\n|turn|1\n|\n|t:|1632684573\n|move|p1a: Greninja|U-turn|p2a: Rotom\n|-start|p1a: Greninja|typechange|Bug|[from] ability: Protean\n|-damage|p2a: Rotom|68\/100\n|\n|t:|1632684580\n|switch|p1a: Tapu Fini|Tapu Fini|100\/100|[from]move: U-turn\n|-fieldstart|move: Misty Terrain|[from] ability: Misty Surge|[of] p1a: Tapu Fini\n|move|p2a: Rotom|Volt Switch|p1a: Tapu Fini\n|-supereffective|p1a: Tapu Fini\n|-damage|p1a: Tapu Fini|60\/100\n|\n|t:|1632684588\n|switch|p2a: Kartana|Kartana|100\/100|[from]move: Volt Switch\n|\n|-heal|p1a: Tapu Fini|66\/100|[from] item: Leftovers\n|upkeep\n|turn|2\n|\n|t:|1632684601\n|switch|p2a: Tapu Lele|Tapu Lele|100\/100\n|-fieldstart|move: Psychic Terrain|[from] ability: Psychic Surge|[of] p2a: Tapu Lele\n|move|p1a: Tapu Fini|Nature's Madness|p2a: Tapu Lele\n|-damage|p2a: Tapu Lele|51\/100\n|\n|-heal|p1a: Tapu Fini|72\/100|[from] item: Leftovers\n|upkeep\n|turn|3\n|inactive|lonietzzz has 270 seconds left.\n|\n|t:|1632684634\n|move|p2a: Tapu Lele|Psyshock|p1a: Tapu Fini\n|-damage|p1a: Tapu Fini|24\/100\n|move|p1a: Tapu Fini|Moonblast|p2a: Tapu Lele\n|-damage|p2a: Tapu Lele|15\/100\n|\n|-heal|p1a: Tapu Fini|30\/100|[from] item: Leftovers\n|upkeep\n|turn|4\n|inactive|lonietzzz has 270 seconds left.\n|\n|t:|1632684646\n|switch|p1a: Excadrill|Excadrill, F|100\/100\n|-ability|p1a: Excadrill|Mold Breaker\n|-zpower|p2a: Tapu Lele\n|move|p2a: Tapu Lele|All-Out Pummeling|p1a: Excadrill|[zeffect]\n|-supereffective|p1a: Excadrill\n|-damage|p1a: Excadrill|0 fnt\n|faint|p1a: Excadrill\n|\n|upkeep\n|inactive|lonietzzz has 270 seconds left.\n|\n|t:|1632684652\n|switch|p1a: Greninja|Greninja, F|100\/100\n|turn|5\n|\n|t:|1632684657\n|switch|p2a: Magearna|Magearna|100\/100\n|move|p1a: Greninja|U-turn|p2a: Magearna\n|-start|p1a: Greninja|typechange|Bug|[from] ability: Protean\n|-resisted|p2a: Magearna\n|-damage|p2a: Magearna|94\/100\n|inactive|lonietzzz has 270 seconds left.\n|\n|t:|1632684675\n|switch|p1a: Mawile|Mawile, F, shiny|100\/100|[from]move: U-turn\n|-ability|p1a: Mawile|Intimidate|boost\n|-unboost|p2a: Magearna|atk|1\n|\n|upkeep\n|turn|6\n|\n|t:|1632684680\n|switch|p2a: Landorus|Landorus-Therian, M|100\/100\n|-ability|p2a: Landorus|Intimidate|boost\n|-unboost|p1a: Mawile|atk|1\n|detailschange|p1a: Mawile|Mawile-Mega, F, shiny\n|-mega|p1a: Mawile|Mawile|Mawilite\n|move|p1a: Mawile|Play Rough|p2a: Landorus\n|-crit|p2a: Landorus\n|-damage|p2a: Landorus|4\/100\n|-enditem|p2a: Landorus|Iapapa Berry|[eat]\n|-heal|p2a: Landorus|54\/100|[from] item: Iapapa Berry\n|\n|-fieldend|move: Psychic Terrain\n|upkeep\n|turn|7\n|\n|t:|1632684687\n|move|p2a: Landorus|Stealth Rock|p1a: Mawile\n|-sidestart|p1: lonietzzz|move: Stealth Rock\n|move|p1a: Mawile|Play Rough|p2a: Landorus|[miss]\n|-miss|p1a: Mawile|p2a: Landorus\n|\n|upkeep\n|turn|8\n|\n|t:|1632684693\n|switch|p1a: Zapdos|Zapdos|100\/100\n|-damage|p1a: Zapdos|76\/100|[from] Stealth Rock\n|move|p2a: Landorus|U-turn|p1a: Zapdos\n|-resisted|p1a: Zapdos\n|-damage|p1a: Zapdos|67\/100\n|-damage|p2a: Landorus|38\/100|[from] item: Rocky Helmet|[of] p1a: Zapdos\n|\n|t:|1632684701\n|switch|p2a: Alakazam|Alakazam, M|100\/100|[from]move: U-turn\n|\n|upkeep\n|turn|9\n|\n|t:|1632684708\n|detailschange|p2a: Alakazam|Alakazam-Mega, M\n|-mega|p2a: Alakazam|Alakazam|Alakazite\n|-ability|p2a: Alakazam|Static|[from] ability: Trace|[of] p1a: Zapdos\n|move|p2a: Alakazam|Psychic|p1a: Zapdos\n|-damage|p1a: Zapdos|9\/100\n|move|p1a: Zapdos|Volt Switch|p2a: Alakazam\n|-damage|p2a: Alakazam|64\/100\n|\n|t:|1632684720\n|switch|p1a: Mawile|Mawile-Mega, F, shiny|100\/100|[from]move: Volt Switch\n|-damage|p1a: Mawile|94\/100|[from] Stealth Rock\n|\n|upkeep\n|turn|10\n|\n|t:|1632684734\n|switch|p2a: Tapu Lele|Tapu Lele|15\/100\n|-fieldstart|move: Psychic Terrain|[from] ability: Psychic Surge|[of] p2a: Tapu Lele\n|move|p1a: Mawile|Swords Dance|p1a: Mawile\n|-boost|p1a: Mawile|atk|2\n|\n|upkeep\n|turn|11\n|\n|t:|1632684738\n|move|p2a: Tapu Lele|Psyshock|p1a: Mawile\n|-resisted|p1a: Mawile\n|-damage|p1a: Mawile|63\/100\n|move|p1a: Mawile|Thunder Punch|p2a: Tapu Lele\n|-damage|p2a: Tapu Lele|0 fnt\n|faint|p2a: Tapu Lele\n|\n|upkeep\n|\n|t:|1632684743\n|switch|p2a: Landorus|Landorus-Therian, M|38\/100\n|-ability|p2a: Landorus|Intimidate|boost\n|-unboost|p1a: Mawile|atk|1\n|turn|12\n|\n|t:|1632684753\n|switch|p2a: Kartana|Kartana|100\/100\n|move|p1a: Mawile|Play Rough|p2a: Kartana\n|-resisted|p2a: Kartana\n|-damage|p2a: Kartana|37\/100\n|\n|upkeep\n|turn|13\n|inactive|lonietzzz has 270 seconds left.\n|\n|t:|1632684787\n|move|p2a: Kartana|Smart Strike|p1a: Mawile\n|-damage|p1a: Mawile|15\/100\n|move|p1a: Mawile|Play Rough|p2a: Kartana\n|-resisted|p2a: Kartana\n|-damage|p2a: Kartana|0 fnt\n|faint|p2a: Kartana\n|\n|upkeep\n|\n|t:|1632684791\n|switch|p2a: Alakazam|Alakazam-Mega, M|64\/100\n|-ability|p2a: Alakazam|Huge Power|[from] ability: Trace|[of] p1a: Mawile\n|turn|14\n|\n|t:|1632684795\n|switch|p1a: Zapdos|Zapdos|9\/100\n|-damage|p1a: Zapdos|0 fnt|[from] Stealth Rock\n|faint|p1a: Zapdos\n|move|p2a: Alakazam|Shadow Ball|p1: Zapdos|[notarget]\n|-fail|p2a: Alakazam\n|\n|-fieldend|move: Psychic Terrain\n|upkeep\n|\n|t:|1632684798\n|switch|p1a: Greninja|Greninja, F|100\/100\n|-damage|p1a: Greninja|88\/100|[from] Stealth Rock\n|turn|15\n|\n|t:|1632684800\n|switch|p2a: Magearna|Magearna|94\/100\n|move|p1a: Greninja|U-turn|p2a: Magearna\n|-start|p1a: Greninja|typechange|Bug|[from] ability: Protean\n|-resisted|p2a: Magearna\n|-damage|p2a: Magearna|88\/100\n|inactive|lonietzzz has 270 seconds left.\n|\n|t:|1632684840\n|switch|p1a: Tapu Fini|Tapu Fini|30\/100|[from]move: U-turn\n|-damage|p1a: Tapu Fini|18\/100|[from] Stealth Rock\n|-fieldstart|move: Misty Terrain|[from] ability: Misty Surge|[of] p1a: Tapu Fini\n|\n|-heal|p1a: Tapu Fini|24\/100|[from] item: Leftovers\n|upkeep\n|turn|16\n|\n|t:|1632684847\n|switch|p2a: Alakazam|Alakazam-Mega, M|64\/100\n|-ability|p2a: Alakazam|Misty Surge|[from] ability: Trace|[of] p1a: Tapu Fini\n|move|p1a: Tapu Fini|Nature's Madness|p2a: Alakazam\n|-damage|p2a: Alakazam|32\/100\n|\n|-heal|p1a: Tapu Fini|30\/100|[from] item: Leftovers\n|upkeep\n|turn|17\n|\n|t:|1632684855\n|switch|p1a: Greninja|Greninja, F|88\/100\n|-damage|p1a: Greninja|76\/100|[from] Stealth Rock\n|move|p2a: Alakazam|Psychic|p1a: Greninja\n|-immune|p1a: Greninja\n|\n|upkeep\n|turn|18\n|\n|t:|1632684858\n|switch|p2a: Magearna|Magearna|88\/100\n|move|p1a: Greninja|U-turn|p2a: Magearna\n|-start|p1a: Greninja|typechange|Bug|[from] ability: Protean\n|-resisted|p2a: Magearna\n|-damage|p2a: Magearna|82\/100\n|inactive|lonietzzz has 270 seconds left.\n|inactive|lonietzzz has 240 seconds left.\n|inactive|lonietzzz has 210 seconds left.\n|\n|t:|1632684963\n|switch|p1a: Tapu Fini|Tapu Fini|30\/100|[from]move: U-turn\n|-damage|p1a: Tapu Fini|18\/100|[from] Stealth Rock\n|\n|-heal|p1a: Tapu Fini|24\/100|[from] item: Leftovers\n|upkeep\n|turn|19\n|\n|t:|1632684970\n|switch|p2a: Rotom|Rotom-Wash|68\/100\n|move|p1a: Tapu Fini|Nature's Madness|p2a: Rotom\n|-damage|p2a: Rotom|34\/100\n|\n|-heal|p1a: Tapu Fini|30\/100|[from] item: Leftovers\n|-fieldend|Misty Terrain\n|upkeep\n|turn|20\n|\n|t:|1632684981\n|switch|p1a: Kyurem|Kyurem-Black|100\/100\n|-damage|p1a: Kyurem|76\/100|[from] Stealth Rock\n|-ability|p1a: Kyurem|Teravolt\n|move|p2a: Rotom|Volt Switch|p1a: Kyurem\n|-resisted|p1a: Kyurem\n|-damage|p1a: Kyurem|63\/100\n|\n|t:|1632684985\n|switch|p2a: Alakazam|Alakazam-Mega, M|32\/100|[from]move: Volt Switch\n|-ability|p2a: Alakazam|Teravolt|[from] ability: Trace|[of] p1a: Kyurem\n|-ability|p2a: Alakazam|Teravolt\n|\n|upkeep\n|turn|21\n|\n|t:|1632684990\n|switch|p1a: Greninja|Greninja, F|76\/100\n|-damage|p1a: Greninja|64\/100|[from] Stealth Rock\n|move|p2a: Alakazam|Focus Blast|p1a: Greninja\n|-supereffective|p1a: Greninja\n|-damage|p1a: Greninja|0 fnt\n|faint|p1a: Greninja\n|\n|upkeep\n|inactive|lonietzzz has 210 seconds left.\n|\n|t:|1632684995\n|switch|p1a: Mawile|Mawile-Mega, F, shiny|15\/100\n|-damage|p1a: Mawile|9\/100|[from] Stealth Rock\n|turn|22\n|\n|t:|1632685000\n|switch|p2a: Landorus|Landorus-Therian, M|38\/100\n|-ability|p2a: Landorus|Intimidate|boost\n|-unboost|p1a: Mawile|atk|1\n|move|p1a: Mawile|Sucker Punch||[still]\n|-fail|p1a: Mawile\n|\n|upkeep\n|turn|23\n|\n|t:|1632685007\n|move|p1a: Mawile|Sucker Punch|p2a: Landorus\n|-damage|p2a: Landorus|15\/100\n|move|p2a: Landorus|Earthquake|p1a: Mawile\n|-supereffective|p1a: Mawile\n|-damage|p1a: Mawile|0 fnt\n|faint|p1a: Mawile\n|\n|upkeep\n|\n|t:|1632685010\n|switch|p1a: Kyurem|Kyurem-Black|63\/100\n|-damage|p1a: Kyurem|38\/100|[from] Stealth Rock\n|-ability|p1a: Kyurem|Teravolt\n|turn|24\n|\n|t:|1632685012\n|move|p1a: Kyurem|Ice Beam|p2a: Landorus\n|-supereffective|p2a: Landorus\n|-damage|p2a: Landorus|0 fnt\n|faint|p2a: Landorus\n|\n|upkeep\n|\n|t:|1632685016\n|switch|p2a: Alakazam|Alakazam-Mega, M|32\/100\n|-ability|p2a: Alakazam|Teravolt|[from] ability: Trace|[of] p1a: Kyurem\n|-ability|p2a: Alakazam|Teravolt\n|turn|25\n|\n|t:|1632685020\n|move|p2a: Alakazam|Psychic|p1a: Kyurem\n|-damage|p1a: Kyurem|0 fnt\n|faint|p1a: Kyurem\n|\n|upkeep\n|\n|t:|1632685021\n|switch|p1a: Tapu Fini|Tapu Fini|30\/100\n|-damage|p1a: Tapu Fini|18\/100|[from] Stealth Rock\n|-fieldstart|move: Misty Terrain|[from] ability: Misty Surge|[of] p1a: Tapu Fini\n|turn|26\n|c|\u2606lonietzzz|gg\n|\n|t:|1632685025\n|move|p2a: Alakazam|Psychic|p1a: Tapu Fini\n|-damage|p1a: Tapu Fini|0 fnt\n|faint|p1a: Tapu Fini\n|\n|win|BIHI\n","uploadtime":1632685026,"views":101,"p1id":"lonietzzz","p2id":"bihi","formatid":"gen7ou","rating":0,"private":0,"password":null}