{"id":"smogtours-gen8randombattleblitz-655082","p1":"outb pj","p2":"ayevon","format":"gen8randombattleblitz","log":"|inactive|Battle timer is ON: inactive players will automatically lose when time's up.\n|t:|1665863805\n|gametype|singles\n|player|p1|outb pj|#wcop2022india|\n|player|p2|ayevon|170|\n|teamsize|p1|6\n|teamsize|p2|6\n|gen|8\n|tier|[Gen 8] Random Battle (Blitz)\n|rule|Species Clause: Limit one of each Pok\u00e9mon\n|rule|HP Percentage Mod: HP is shown in percentages\n|rule|Sleep Clause Mod: Limit one foe put to sleep\n|rule|Blitz: Super-fast timer\n|\n|t:|1665863805\n|start\n|switch|p1a: Rayquaza|Rayquaza, L74|277\/277\n|switch|p2a: Dugtrio|Dugtrio, L82, F|192\/192\n|-ability|p1a: Rayquaza|Air Lock\n|turn|1\n|inactive|ayevon also wants the timer to be on.\n|\n|t:|1665863810\n|move|p2a: Dugtrio|Memento|p1a: Rayquaza\n|-unboost|p1a: Rayquaza|atk|2\n|-unboost|p1a: Rayquaza|spa|2\n|faint|p2a: Dugtrio\n|move|p1a: Rayquaza|Dragon Dance|p1a: Rayquaza\n|-boost|p1a: Rayquaza|atk|1\n|-boost|p1a: Rayquaza|spe|1\n|\n|upkeep\n|\n|t:|1665863813\n|switch|p2a: Melmetal|Melmetal, L74|322\/322\n|turn|2\n|\n|t:|1665863816\n|move|p1a: Rayquaza|V-create|p2a: Melmetal\n|-supereffective|p2a: Melmetal\n|-damage|p2a: Melmetal|180\/322\n|-unboost|p1a: Rayquaza|spe|1\n|-unboost|p1a: Rayquaza|def|1\n|-unboost|p1a: Rayquaza|spd|1\n|move|p2a: Melmetal|Thunder Wave|p1a: Rayquaza\n|-status|p1a: Rayquaza|par\n|\n|-heal|p2a: Melmetal|200\/322|[from] item: Leftovers\n|upkeep\n|turn|3\n|\n|t:|1665863820\n|move|p2a: Melmetal|Double Iron Bash|p1a: Rayquaza\n|-damage|p1a: Rayquaza|135\/277 par\n|-damage|p1a: Rayquaza|0 fnt\n|faint|p1a: Rayquaza\n|-hitcount|p1: Rayquaza|2\n|\n|-heal|p2a: Melmetal|220\/322|[from] item: Leftovers\n|upkeep\n|\n|t:|1665863822\n|switch|p1a: Urshifu|Urshifu-Rapid-Strike, L78, M|284\/284\n|turn|4\n|inactive|ayevon has 10 seconds left.\n|\n|t:|1665863830\n|switch|p2a: Palossand|Palossand, L86, M|286\/286\n|move|p1a: Urshifu|Close Combat|p2a: Palossand\n|-immune|p2a: Palossand\n|\n|upkeep\n|turn|5\n|\n|t:|1665863835\n|move|p1a: Urshifu|Ice Punch|p2a: Palossand\n|-supereffective|p2a: Palossand\n|-crit|p2a: Palossand\n|-damage|p2a: Palossand|94\/286\n|-status|p2a: Palossand|frz\n|-damage|p1a: Urshifu|256\/284|[from] item: Life Orb\n|cant|p2a: Palossand|frz\n|\n|-heal|p2a: Palossand|111\/286 frz|[from] item: Leftovers\n|upkeep\n|turn|6\n|\n|t:|1665863838\n|move|p1a: Urshifu|Ice Punch|p2a: Palossand\n|-supereffective|p2a: Palossand\n|-damage|p2a: Palossand|0 fnt\n|faint|p2a: Palossand\n|-damage|p1a: Urshifu|228\/284|[from] item: Life Orb\n|\n|upkeep\n|\n|t:|1665863841\n|switch|p2a: Lunala|Lunala, L72|316\/316\n|turn|7\n|\n|t:|1665863845\n|move|p1a: Urshifu|Surging Strikes|p2a: Lunala\n|-crit|p2a: Lunala\n|-damage|p2a: Lunala|282\/316\n|-crit|p2a: Lunala\n|-damage|p2a: Lunala|212\/316\n|-crit|p2a: Lunala\n|-damage|p2a: Lunala|148\/316\n|-hitcount|p2a: Lunala|3\n|-damage|p1a: Urshifu|200\/284|[from] item: Life Orb\n|move|p2a: Lunala|Psyshock|p1a: Urshifu\n|-supereffective|p1a: Urshifu\n|-damage|p1a: Urshifu|36\/284\n|\n|-heal|p2a: Lunala|167\/316|[from] item: Leftovers\n|upkeep\n|turn|8\n|inactive|outb pj has 10 seconds left.\n|\n|t:|1665863850\n|move|p1a: Urshifu|Bulk Up|p1a: Urshifu\n|-boost|p1a: Urshifu|atk|1\n|-boost|p1a: Urshifu|def|1\n|move|p2a: Lunala|Roost|p2a: Lunala\n|-heal|p2a: Lunala|316\/316\n|-singleturn|p2a: Lunala|move: Roost\n|\n|upkeep\n|turn|9\n|inactive|outb pj has 10 seconds left.\n|\n|t:|1665863857\n|move|p1a: Urshifu|Surging Strikes|p2a: Lunala\n|-crit|p2a: Lunala\n|-damage|p2a: Lunala|265\/316\n|-crit|p2a: Lunala\n|-damage|p2a: Lunala|170\/316\n|-crit|p2a: Lunala\n|-damage|p2a: Lunala|63\/316\n|-hitcount|p2a: Lunala|3\n|-damage|p1a: Urshifu|8\/284|[from] item: Life Orb\n|move|p2a: Lunala|Psyshock|p1a: Urshifu\n|-supereffective|p1a: Urshifu\n|-damage|p1a: Urshifu|0 fnt\n|faint|p1a: Urshifu\n|\n|-heal|p2a: Lunala|82\/316|[from] item: Leftovers\n|upkeep\n|\n|t:|1665863862\n|switch|p1a: Jirachi|Jirachi, L79|288\/288\n|turn|10\n|\n|t:|1665863865\n|switch|p2a: Melmetal|Melmetal, L74|220\/322\n|move|p1a: Jirachi|U-turn|p2a: Melmetal\n|-resisted|p2a: Melmetal\n|-damage|p2a: Melmetal|204\/322\n|\n|t:|1665863869\n|switch|p1a: Blastoise|Blastoise, L82, F|264\/264\n|\n|-heal|p2a: Melmetal|224\/322|[from] item: Leftovers\n|upkeep\n|turn|11\n|\n|t:|1665863872\n|move|p1a: Blastoise|Scald|p2a: Melmetal\n|-damage|p2a: Melmetal|122\/322\n|move|p2a: Melmetal|Thunder Wave|p1a: Blastoise\n|-status|p1a: Blastoise|par\n|\n|-heal|p2a: Melmetal|142\/322|[from] item: Leftovers\n|upkeep\n|turn|12\n|\n|t:|1665863875\n|switch|p2a: Toxicroak|Toxicroak, L84, F|277\/277\n|cant|p1a: Blastoise|par\n|\n|upkeep\n|turn|13\n|\n|t:|1665863879\n|move|p2a: Toxicroak|Swords Dance|p2a: Toxicroak\n|-boost|p2a: Toxicroak|atk|2\n|move|p1a: Blastoise|Ice Beam|p2a: Toxicroak\n|-damage|p2a: Toxicroak|211\/277\n|\n|upkeep\n|turn|14\n|\n|t:|1665863882\n|move|p2a: Toxicroak|Gunk Shot|p1a: Blastoise\n|-damage|p1a: Blastoise|0 fnt\n|faint|p1a: Blastoise\n|-damage|p2a: Toxicroak|184\/277|[from] item: Life Orb\n|\n|upkeep\n|\n|t:|1665863885\n|switch|p1a: Crustle|Crustle, L82, F|249\/249\n|turn|15\n|\n|t:|1665863890\n|move|p2a: Toxicroak|Drain Punch|p1a: Crustle\n|-damage|p1a: Crustle|77\/249\n|-heal|p2a: Toxicroak|270\/277|[from] drain|[of] p1a: Crustle\n|-damage|p2a: Toxicroak|243\/277|[from] item: Life Orb\n|move|p1a: Crustle|Earthquake|p2a: Toxicroak\n|-supereffective|p2a: Toxicroak\n|-crit|p2a: Toxicroak\n|-damage|p2a: Toxicroak|0 fnt\n|faint|p2a: Toxicroak\n|\n|upkeep\n|\n|t:|1665863894\n|switch|p2a: Hitmonlee|Hitmonlee, L84, M|221\/221\n|turn|16\n|\n|t:|1665863898\n|move|p2a: Hitmonlee|Curse|p2a: Hitmonlee\n|-unboost|p2a: Hitmonlee|spe|1\n|-boost|p2a: Hitmonlee|atk|1\n|-boost|p2a: Hitmonlee|def|1\n|-enditem|p2a: Hitmonlee|White Herb\n|-clearnegativeboost|p2a: Hitmonlee|[silent]\n|move|p1a: Crustle|Earthquake|p2a: Hitmonlee\n|-damage|p2a: Hitmonlee|155\/221\n|\n|upkeep\n|turn|17\n|inactive|ayevon has 10 seconds left.\n|\n|t:|1665863905\n|-start|p2a: Hitmonlee|Dynamax|\n|-heal|p2a: Hitmonlee|310\/442|[silent]\n|move|p2a: Hitmonlee|Max Knuckle|p1a: Crustle\n|-damage|p1a: Crustle|0 fnt\n|-boost|p2a: Hitmonlee|atk|1\n|faint|p1a: Crustle\n|\n|upkeep\n|\n|t:|1665863908\n|switch|p1a: Beheeyem|Beheeyem, L86, F|269\/269\n|turn|18\n|inactive|outb pj has 10 seconds left.\n|\n|t:|1665863914\n|-start|p1a: Beheeyem|Dynamax|\n|-heal|p1a: Beheeyem|538\/538|[silent]\n|move|p2a: Hitmonlee|Max Darkness|p1a: Beheeyem\n|-supereffective|p1a: Beheeyem\n|-damage|p1a: Beheeyem|88\/538\n|-unboost|p1a: Beheeyem|spd|1\n|move|p1a: Beheeyem|Max Mindstorm|p2a: Hitmonlee\n|-supereffective|p2a: Hitmonlee\n|-damage|p2a: Hitmonlee|0 fnt\n|-fieldstart|move: Psychic Terrain\n|faint|p2a: Hitmonlee\n|-damage|p1a: Beheeyem|62\/538|[from] item: Life Orb\n|\n|upkeep\n|\n|t:|1665863918\n|switch|p2a: Lunala|Lunala, L72|82\/316\n|turn|19\n|\n|t:|1665863921\n|move|p2a: Lunala|Moongeist Beam|p1a: Beheeyem\n|-supereffective|p1a: Beheeyem\n|-damage|p1a: Beheeyem|0 fnt\n|faint|p1a: Beheeyem\n|\n|-heal|p2a: Lunala|101\/316|[from] item: Leftovers\n|upkeep\n|\n|t:|1665863922\n|switch|p1a: Jirachi|Jirachi, L79|288\/288\n|turn|20\n|\n|t:|1665863926\n|move|p1a: Jirachi|Fire Punch|p2a: Lunala\n|-damage|p2a: Lunala|42\/316\n|-status|p2a: Lunala|brn\n|move|p2a: Lunala|Moongeist Beam|p1a: Jirachi\n|-supereffective|p1a: Jirachi\n|-damage|p1a: Jirachi|100\/288\n|\n|-heal|p2a: Lunala|61\/316 brn|[from] item: Leftovers\n|-damage|p2a: Lunala|42\/316 brn|[from] brn\n|upkeep\n|turn|21\n|\n|t:|1665863929\n|move|p1a: Jirachi|Fire Punch|p2a: Lunala\n|-damage|p2a: Lunala|0 fnt\n|faint|p2a: Lunala\n|\n|upkeep\n|\n|t:|1665863930\n|switch|p2a: Melmetal|Melmetal, L74|142\/322\n|turn|22\n|\n|t:|1665863932\n|move|p1a: Jirachi|Fire Punch|p2a: Melmetal\n|-supereffective|p2a: Melmetal\n|-damage|p2a: Melmetal|74\/322\n|move|p2a: Melmetal|Earthquake|p1a: Jirachi\n|-supereffective|p1a: Jirachi\n|-damage|p1a: Jirachi|0 fnt\n|faint|p1a: Jirachi\n|\n|win|ayevon\n","uploadtime":1665863933,"views":6,"p1id":"outbpj","p2id":"ayevon","formatid":"gen8randombattleblitz","rating":0,"private":0,"password":null}