{"id":"smogtours-gen6ou-656820","p1":"knexhawk2","p2":"Leftiez","format":"gen6ou","log":"|inactive|Battle timer is ON: inactive players will automatically lose when time's up.\n|t:|1666549395\n|gametype|singles\n|player|p1|knexhawk2|benga|\n|player|p2|Leftiez|#leftiez|\n|teamsize|p1|6\n|teamsize|p2|6\n|gen|6\n|tier|[Gen 6] OU\n|rule|Sleep Clause Mod: Limit one foe put to sleep\n|rule|Species Clause: Limit one of each Pok\u00e9mon\n|rule|OHKO Clause: OHKO moves are banned\n|rule|Moody Clause: Moody is banned\n|rule|Evasion Items Clause: Evasion items are banned\n|rule|Evasion Moves Clause: Evasion moves are banned\n|rule|Endless Battle Clause: Forcing endless battles is banned\n|rule|HP Percentage Mod: HP is shown in percentages\n|rule|Swagger Clause: Swagger is banned\n|clearpoke\n|poke|p1|Medicham, M|item\n|poke|p1|Keldeo-Resolute|item\n|poke|p1|Landorus-Therian, M|item\n|poke|p1|Rotom-Wash|item\n|poke|p1|Jirachi|item\n|poke|p1|Latios, M|item\n|poke|p2|Metagross|item\n|poke|p2|Clefable, F|item\n|poke|p2|Gliscor, M|item\n|poke|p2|Tyranitar, M|item\n|poke|p2|Jellicent, M|item\n|poke|p2|Ferrothorn, M|item\n|teampreview\n|c|\u2606knexhawk2|gl\n|inactive|knexhawk2 has 270 seconds left.\n|inactive|Leftiez has 270 seconds left.\n|c|\u2606Leftiez|hf\n|inactive|Leftiez has 240 seconds left.\n|\n|t:|1666549459\n|start\n|switch|p1a: Keldeo|Keldeo-Resolute|100\/100\n|switch|p2a: Jellicent|Jellicent, M|100\/100\n|turn|1\n|\n|t:|1666549467\n|switch|p1a: Rotom|Rotom-Wash|100\/100\n|move|p2a: Jellicent|Will-O-Wisp|p1a: Rotom|[miss]\n|-miss|p2a: Jellicent|p1a: Rotom\n|\n|upkeep\n|turn|2\n|\n|t:|1666549476\n|move|p1a: Rotom|Volt Switch|p2a: Jellicent\n|-supereffective|p2a: Jellicent\n|-damage|p2a: Jellicent|60\/100\n|\n|t:|1666549489\n|switch|p1a: Jirachi|Jirachi|100\/100|[from]move: Volt Switch\n|move|p2a: Jellicent|Will-O-Wisp|p1a: Jirachi\n|-status|p1a: Jirachi|brn\n|\n|-heal|p2a: Jellicent|67\/100|[from] item: Leftovers\n|-damage|p1a: Jirachi|88\/100 brn|[from] brn\n|upkeep\n|turn|3\n|\n|t:|1666549497\n|move|p2a: Jellicent|Protect|p2a: Jellicent\n|-singleturn|p2a: Jellicent|Protect\n|move|p1a: Jirachi|Stealth Rock|p2a: Jellicent\n|-sidestart|p2: Leftiez|move: Stealth Rock\n|\n|-heal|p1a: Jirachi|94\/100 brn|[from] item: Leftovers\n|-heal|p2a: Jellicent|73\/100|[from] item: Leftovers\n|-damage|p1a: Jirachi|82\/100 brn|[from] brn\n|upkeep\n|turn|4\n|\n|t:|1666549506\n|move|p1a: Jirachi|U-turn|p2a: Jellicent\n|-resisted|p2a: Jellicent\n|-damage|p2a: Jellicent|69\/100\n|\n|t:|1666549507\n|switch|p1a: Rotom|Rotom-Wash|100\/100|[from]move: U-turn\n|move|p2a: Jellicent|Will-O-Wisp|p1a: Rotom\n|-status|p1a: Rotom|brn\n|\n|-heal|p2a: Jellicent|76\/100|[from] item: Leftovers\n|-damage|p1a: Rotom|88\/100 brn|[from] brn\n|upkeep\n|turn|5\n|\n|t:|1666549510\n|move|p2a: Jellicent|Protect|p2a: Jellicent\n|-singleturn|p2a: Jellicent|Protect\n|move|p1a: Rotom|Volt Switch|p2a: Jellicent\n|-activate|p2a: Jellicent|move: Protect\n|\n|-heal|p1a: Rotom|94\/100 brn|[from] item: Leftovers\n|-heal|p2a: Jellicent|82\/100|[from] item: Leftovers\n|-damage|p1a: Rotom|82\/100 brn|[from] brn\n|upkeep\n|turn|6\n|\n|t:|1666549514\n|move|p1a: Rotom|Thunder Wave|p2a: Jellicent\n|-status|p2a: Jellicent|par\n|cant|p2a: Jellicent|par\n|\n|-heal|p1a: Rotom|88\/100 brn|[from] item: Leftovers\n|-heal|p2a: Jellicent|88\/100 par|[from] item: Leftovers\n|-damage|p1a: Rotom|76\/100 brn|[from] brn\n|upkeep\n|turn|7\n|\n|t:|1666549522\n|move|p1a: Rotom|Volt Switch|p2a: Jellicent\n|-supereffective|p2a: Jellicent\n|-damage|p2a: Jellicent|48\/100 par\n|\n|t:|1666549526\n|switch|p1a: Latios|Latios, M|100\/100|[from]move: Volt Switch\n|cant|p2a: Jellicent|par\n|\n|-heal|p2a: Jellicent|54\/100 par|[from] item: Leftovers\n|upkeep\n|turn|8\n|\n|t:|1666549530\n|move|p2a: Jellicent|Protect|p2a: Jellicent\n|-singleturn|p2a: Jellicent|Protect\n|move|p1a: Latios|Draco Meteor|p2a: Jellicent\n|-activate|p2a: Jellicent|move: Protect\n|\n|-heal|p2a: Jellicent|60\/100 par|[from] item: Leftovers\n|upkeep\n|turn|9\n|\n|t:|1666549533\n|switch|p1a: Keldeo|Keldeo-Resolute|100\/100\n|switch|p2a: Ferrothorn|Ferrothorn, M|100\/100\n|-damage|p2a: Ferrothorn|94\/100|[from] Stealth Rock\n|\n|-heal|p2a: Ferrothorn|100\/100|[from] item: Leftovers\n|upkeep\n|turn|10\n|\n|t:|1666549550\n|move|p1a: Keldeo|Focus Blast|p2a: Ferrothorn\n|-supereffective|p2a: Ferrothorn\n|-damage|p2a: Ferrothorn|0 fnt\n|faint|p2a: Ferrothorn\n|\n|upkeep\n|c|+blarghlfarghl|kek\n|c|\u2606knexhawk2|i hit one\n|c|\u2606knexhawk2|wtf\n|inactive|Leftiez has 270 seconds left.\n|\n|t:|1666549580\n|switch|p2a: Jellicent|Jellicent, M|60\/100 par\n|-damage|p2a: Jellicent|48\/100 par|[from] Stealth Rock\n|turn|11\n|\n|t:|1666549587\n|switch|p1a: Landorus|Landorus-Therian, M|100\/100\n|-ability|p1a: Landorus|Intimidate|boost\n|-unboost|p2a: Jellicent|atk|1\n|move|p2a: Jellicent|Recover|p2a: Jellicent\n|-heal|p2a: Jellicent|98\/100 par\n|\n|-heal|p2a: Jellicent|100\/100 par|[from] item: Leftovers\n|upkeep\n|turn|12\n|inactive|Leftiez has 270 seconds left.\n|\n|t:|1666549599\n|switch|p2a: Gliscor|Gliscor, M|100\/100\n|-damage|p2a: Gliscor|88\/100|[from] Stealth Rock\n|move|p1a: Landorus|Knock Off|p2a: Gliscor\n|-damage|p2a: Gliscor|59\/100\n|-enditem|p2a: Gliscor|Toxic Orb|[from] move: Knock Off|[of] p1a: Landorus\n|\n|upkeep\n|turn|13\n|inactive|Leftiez has 270 seconds left.\n|\n|t:|1666549619\n|switch|p1a: Keldeo|Keldeo-Resolute|100\/100\n|move|p2a: Gliscor|Roost|p2a: Gliscor\n|-heal|p2a: Gliscor|100\/100\n|-singleturn|p2a: Gliscor|move: Roost\n|\n|upkeep\n|turn|14\n|\n|t:|1666549626\n|switch|p1a: Landorus|Landorus-Therian, M|100\/100\n|-ability|p1a: Landorus|Intimidate|boost\n|-unboost|p2a: Gliscor|atk|1\n|switch|p2a: Clefable|Clefable, F|100\/100\n|\n|upkeep\n|turn|15\n|\n|t:|1666549636\n|move|p1a: Landorus|Earthquake|p2a: Clefable\n|-damage|p2a: Clefable|56\/100\n|move|p2a: Clefable|Ice Beam|p1a: Landorus\n|-supereffective|p1a: Landorus\n|-damage|p1a: Landorus|6\/100\n|-status|p1a: Landorus|frz\n|\n|-heal|p2a: Clefable|62\/100|[from] item: Leftovers\n|upkeep\n|turn|16\n|\n|t:|1666549641\n|switch|p1a: Jirachi|Jirachi|82\/100 brn\n|move|p2a: Clefable|Soft-Boiled|p2a: Clefable\n|-heal|p2a: Clefable|100\/100\n|\n|-heal|p1a: Jirachi|88\/100 brn|[from] item: Leftovers\n|-damage|p1a: Jirachi|76\/100 brn|[from] brn\n|upkeep\n|turn|17\n|\n|t:|1666549652\n|switch|p2a: Metagross|Metagross|100\/100\n|-damage|p2a: Metagross|95\/100|[from] Stealth Rock\n|move|p1a: Jirachi|Iron Head|p2a: Metagross\n|-resisted|p2a: Metagross\n|-damage|p2a: Metagross|88\/100\n|\n|-heal|p1a: Jirachi|82\/100 brn|[from] item: Leftovers\n|-damage|p1a: Jirachi|69\/100 brn|[from] brn\n|upkeep\n|turn|18\n|\n|t:|1666549659\n|detailschange|p2a: Metagross|Metagross-Mega\n|-mega|p2a: Metagross|Metagross|Metagrossite\n|move|p2a: Metagross|Stealth Rock|p1a: Jirachi\n|-sidestart|p1: knexhawk2|move: Stealth Rock\n|move|p1a: Jirachi|U-turn|p2a: Metagross\n|-damage|p2a: Metagross|82\/100\n|\n|t:|1666549664\n|switch|p1a: Rotom|Rotom-Wash|76\/100 brn|[from]move: U-turn\n|-damage|p1a: Rotom|64\/100 brn|[from] Stealth Rock\n|\n|-heal|p1a: Rotom|69\/100 brn|[from] item: Leftovers\n|-damage|p1a: Rotom|57\/100 brn|[from] brn\n|upkeep\n|turn|19\n|\n|t:|1666549687\n|switch|p2a: Clefable|Clefable, F|100\/100\n|move|p1a: Rotom|Pain Split|p2a: Clefable\n|-sethp|p2a: Clefable|72\/100|[from] move: Pain Split|[silent]\n|-sethp|p1a: Rotom|94\/100 brn|[from] move: Pain Split\n|\n|-heal|p1a: Rotom|99\/100 brn|[from] item: Leftovers\n|-heal|p2a: Clefable|78\/100|[from] item: Leftovers\n|-damage|p1a: Rotom|88\/100 brn|[from] brn\n|upkeep\n|turn|20\n|\n|t:|1666549692\n|move|p1a: Rotom|Thunder Wave|p2a: Clefable\n|-status|p2a: Clefable|par\n|move|p2a: Clefable|Soft-Boiled|p2a: Clefable\n|-heal|p2a: Clefable|100\/100 par\n|\n|-heal|p1a: Rotom|94\/100 brn|[from] item: Leftovers\n|-damage|p1a: Rotom|81\/100 brn|[from] brn\n|upkeep\n|turn|21\n|\n|t:|1666549697\n|move|p1a: Rotom|Volt Switch|p2a: Clefable\n|-crit|p2a: Clefable\n|-damage|p2a: Clefable|67\/100 par\n|\n|t:|1666549699\n|switch|p1a: Jirachi|Jirachi|69\/100 brn|[from]move: Volt Switch\n|-damage|p1a: Jirachi|63\/100 brn|[from] Stealth Rock\n|move|p2a: Clefable|Moonblast|p1a: Jirachi\n|-resisted|p1a: Jirachi\n|-damage|p1a: Jirachi|53\/100 brn\n|\n|-heal|p1a: Jirachi|60\/100 brn|[from] item: Leftovers\n|-heal|p2a: Clefable|73\/100 par|[from] item: Leftovers\n|-damage|p1a: Jirachi|47\/100 brn|[from] brn\n|upkeep\n|turn|22\n|\n|t:|1666549709\n|switch|p2a: Metagross|Metagross-Mega|82\/100\n|-damage|p2a: Metagross|76\/100|[from] Stealth Rock\n|move|p1a: Jirachi|U-turn|p2a: Metagross\n|-damage|p2a: Metagross|69\/100\n|\n|t:|1666549717\n|switch|p1a: Rotom|Rotom-Wash|81\/100 brn|[from]move: U-turn\n|-damage|p1a: Rotom|69\/100 brn|[from] Stealth Rock\n|\n|-heal|p1a: Rotom|75\/100 brn|[from] item: Leftovers\n|-damage|p1a: Rotom|63\/100 brn|[from] brn\n|upkeep\n|turn|23\n|\n|t:|1666549732\n|move|p2a: Metagross|Thunder Punch|p1a: Rotom\n|-damage|p1a: Rotom|32\/100 brn\n|move|p1a: Rotom|Volt Switch|p2a: Metagross\n|-damage|p2a: Metagross|42\/100\n|inactive|knexhawk2 has 270 seconds left.\n|inactive|knexhawk2 has 240 seconds left.\n|\n|t:|1666549798\n|switch|p1a: Medicham|Medicham, M|100\/100|[from]move: Volt Switch\n|-damage|p1a: Medicham|94\/100|[from] Stealth Rock\n|\n|upkeep\n|turn|24\n|\n|t:|1666549819\n|detailschange|p1a: Medicham|Medicham-Mega, M\n|-mega|p1a: Medicham|Medicham|Medichamite\n|move|p1a: Medicham|Fake Out|p2a: Metagross\n|-resisted|p2a: Metagross\n|-damage|p2a: Metagross|31\/100\n|cant|p2a: Metagross|flinch\n|\n|upkeep\n|turn|25\n|\n|t:|1666549832\n|switch|p1a: Landorus|Landorus-Therian, M|6\/100 frz\n|-damage|p1a: Landorus|0 fnt|[from] Stealth Rock\n|faint|p1a: Landorus\n|move|p2a: Metagross|Meteor Mash|p1: Landorus|[notarget]\n|-fail|p2a: Metagross\n|\n|upkeep\n|inactive|knexhawk2 has 240 seconds left.\n|\n|t:|1666549851\n|switch|p1a: Jirachi|Jirachi|47\/100 brn\n|-damage|p1a: Jirachi|41\/100 brn|[from] Stealth Rock\n|turn|26\n|\n|t:|1666549865\n|move|p2a: Metagross|Meteor Mash|p1a: Jirachi\n|-resisted|p1a: Jirachi\n|-damage|p1a: Jirachi|13\/100 brn\n|move|p1a: Jirachi|Healing Wish|p1a: Jirachi\n|faint|p1a: Jirachi\n|\n|upkeep\n|\n|t:|1666549868\n|switch|p1a: Rotom|Rotom-Wash|32\/100 brn\n|-heal|p1a: Rotom|100\/100|[from] move: Healing Wish\n|-damage|p1a: Rotom|88\/100|[from] Stealth Rock\n|turn|27\n|\n|t:|1666549892\n|switch|p2a: Gliscor|Gliscor, M|100\/100\n|-damage|p2a: Gliscor|88\/100|[from] Stealth Rock\n|move|p1a: Rotom|Volt Switch|p2a: Gliscor\n|-immune|p2a: Gliscor\n|\n|-heal|p1a: Rotom|94\/100|[from] item: Leftovers\n|upkeep\n|turn|28\n|\n|t:|1666549896\n|switch|p2a: Jellicent|Jellicent, M|100\/100 par\n|-damage|p2a: Jellicent|88\/100 par|[from] Stealth Rock\n|move|p1a: Rotom|Hydro Pump|p2a: Jellicent\n|-heal|p2a: Jellicent|100\/100 par|[from] ability: Water Absorb|[of] p1a: Rotom\n|\n|-heal|p1a: Rotom|99\/100|[from] item: Leftovers\n|upkeep\n|turn|29\n|\n|t:|1666549903\n|move|p1a: Rotom|Volt Switch|p2a: Jellicent\n|-supereffective|p2a: Jellicent\n|-damage|p2a: Jellicent|56\/100 par\n|\n|t:|1666549906\n|switch|p1a: Latios|Latios, M|100\/100|[from]move: Volt Switch\n|-damage|p1a: Latios|88\/100|[from] Stealth Rock\n|move|p2a: Jellicent|Will-O-Wisp|p1a: Latios\n|-status|p1a: Latios|brn\n|\n|-heal|p2a: Jellicent|62\/100 par|[from] item: Leftovers\n|-damage|p1a: Latios|76\/100 brn|[from] brn\n|upkeep\n|turn|30\n|inactive|knexhawk2 has 270 seconds left.\n|inactive|knexhawk2 has 240 seconds left.\n|\n|t:|1666549984\n|switch|p1a: Keldeo|Keldeo-Resolute|100\/100\n|-damage|p1a: Keldeo|94\/100|[from] Stealth Rock\n|cant|p2a: Jellicent|par\n|\n|-heal|p2a: Jellicent|68\/100 par|[from] item: Leftovers\n|upkeep\n|turn|31\n|\n|t:|1666549990\n|switch|p1a: Rotom|Rotom-Wash|99\/100\n|-damage|p1a: Rotom|88\/100|[from] Stealth Rock\n|move|p2a: Jellicent|Recover|p2a: Jellicent\n|-heal|p2a: Jellicent|100\/100 par\n|\n|-heal|p1a: Rotom|94\/100|[from] item: Leftovers\n|upkeep\n|turn|32\n|\n|t:|1666550003\n|move|p1a: Rotom|Volt Switch|p2a: Jellicent\n|-supereffective|p2a: Jellicent\n|-damage|p2a: Jellicent|63\/100 par\n|\n|t:|1666550006\n|switch|p1a: Latios|Latios, M|76\/100 brn|[from]move: Volt Switch\n|-damage|p1a: Latios|64\/100 brn|[from] Stealth Rock\n|move|p2a: Jellicent|Recover|p2a: Jellicent\n|-heal|p2a: Jellicent|100\/100 par\n|\n|-damage|p1a: Latios|51\/100 brn|[from] brn\n|upkeep\n|turn|33\n|\n|t:|1666550014\n|cant|p2a: Jellicent|par\n|move|p1a: Latios|Recover|p1a: Latios\n|-heal|p1a: Latios|100\/100 brn\n|\n|-damage|p1a: Latios|88\/100 brn|[from] brn\n|upkeep\n|turn|34\n|\n|t:|1666550036\n|move|p1a: Latios|Draco Meteor|p2a: Jellicent\n|-damage|p2a: Jellicent|26\/100 par\n|-unboost|p1a: Latios|spa|2\n|-damage|p1a: Latios|78\/100 brn|[from] item: Life Orb\n|move|p2a: Jellicent|Will-O-Wisp|p1a: Latios\n|-fail|p1a: Latios|brn\n|\n|-heal|p2a: Jellicent|32\/100 par|[from] item: Leftovers\n|-damage|p1a: Latios|66\/100 brn|[from] brn\n|upkeep\n|turn|35\n|\n|t:|1666550048\n|switch|p1a: Keldeo|Keldeo-Resolute|94\/100\n|-damage|p1a: Keldeo|88\/100|[from] Stealth Rock\n|cant|p2a: Jellicent|par\n|\n|-heal|p2a: Jellicent|38\/100 par|[from] item: Leftovers\n|upkeep\n|turn|36\n|\n|t:|1666550054\n|switch|p1a: Rotom|Rotom-Wash|94\/100\n|-damage|p1a: Rotom|82\/100|[from] Stealth Rock\n|move|p2a: Jellicent|Recover|p2a: Jellicent\n|-heal|p2a: Jellicent|89\/100 par\n|\n|-heal|p1a: Rotom|88\/100|[from] item: Leftovers\n|-heal|p2a: Jellicent|95\/100 par|[from] item: Leftovers\n|upkeep\n|turn|37\n|\n|t:|1666550064\n|move|p1a: Rotom|Volt Switch|p2a: Jellicent\n|-supereffective|p2a: Jellicent\n|-damage|p2a: Jellicent|54\/100 par\n|\n|t:|1666550066\n|switch|p1a: Latios|Latios, M|66\/100 brn|[from]move: Volt Switch\n|-damage|p1a: Latios|54\/100 brn|[from] Stealth Rock\n|move|p2a: Jellicent|Recover|p2a: Jellicent\n|-heal|p2a: Jellicent|100\/100 par\n|\n|-damage|p1a: Latios|41\/100 brn|[from] brn\n|upkeep\n|turn|38\n|\n|t:|1666550071\n|switch|p2a: Tyranitar|Tyranitar, M|100\/100\n|-damage|p2a: Tyranitar|88\/100|[from] Stealth Rock\n|-weather|Sandstorm|[from] ability: Sand Stream|[of] p2a: Tyranitar\n|move|p1a: Latios|Recover|p1a: Latios\n|-heal|p1a: Latios|92\/100 brn\n|\n|-weather|Sandstorm|[upkeep]\n|-damage|p1a: Latios|86\/100 brn|[from] Sandstorm\n|-damage|p1a: Latios|73\/100 brn|[from] brn\n|upkeep\n|turn|39\n|\n|t:|1666550076\n|move|p2a: Tyranitar|Pursuit|p1a: Latios\n|-supereffective|p1a: Latios\n|-damage|p1a: Latios|15\/100 brn\n|move|p1a: Latios|Draco Meteor|p2a: Tyranitar\n|-damage|p2a: Tyranitar|33\/100\n|-unboost|p1a: Latios|spa|2\n|-damage|p1a: Latios|5\/100 brn|[from] item: Life Orb\n|\n|-weather|Sandstorm|[upkeep]\n|-damage|p1a: Latios|0 fnt|[from] Sandstorm\n|faint|p1a: Latios\n|upkeep\n|\n|t:|1666550080\n|switch|p1a: Medicham|Medicham-Mega, M|94\/100\n|-damage|p1a: Medicham|88\/100|[from] Stealth Rock\n|turn|40\n|\n|t:|1666550085\n|switch|p2a: Gliscor|Gliscor, M|88\/100\n|-damage|p2a: Gliscor|76\/100|[from] Stealth Rock\n|move|p1a: Medicham|Power-Up Punch|p2a: Gliscor\n|-resisted|p2a: Gliscor\n|-damage|p2a: Gliscor|59\/100\n|-boost|p1a: Medicham|atk|1\n|\n|-weather|Sandstorm|[upkeep]\n|-damage|p1a: Medicham|82\/100|[from] Sandstorm\n|upkeep\n|turn|41\n|c|+blarghlfarghl|LOL\n|\n|t:|1666550091\n|move|p1a: Medicham|Ice Punch|p2a: Gliscor\n|-supereffective|p2a: Gliscor\n|-damage|p2a: Gliscor|0 fnt\n|faint|p2a: Gliscor\n|\n|-weather|Sandstorm|[upkeep]\n|-damage|p1a: Medicham|76\/100|[from] Sandstorm\n|upkeep\n|\n|t:|1666550094\n|switch|p2a: Metagross|Metagross-Mega|31\/100\n|-damage|p2a: Metagross|25\/100|[from] Stealth Rock\n|turn|42\n|\n|t:|1666550097\n|switch|p1a: Rotom|Rotom-Wash|88\/100\n|-damage|p1a: Rotom|75\/100|[from] Stealth Rock\n|move|p2a: Metagross|Meteor Mash|p1a: Rotom\n|-resisted|p1a: Rotom\n|-damage|p1a: Rotom|62\/100\n|\n|-weather|none\n|-heal|p1a: Rotom|68\/100|[from] item: Leftovers\n|upkeep\n|turn|43\n|inactive|Leftiez has 270 seconds left.\n|\n|t:|1666550146\n|move|p2a: Metagross|Thunder Punch|p1a: Rotom\n|-damage|p1a: Rotom|41\/100\n|move|p1a: Rotom|Volt Switch|p2a: Metagross\n|-damage|p2a: Metagross|0 fnt\n|faint|p2a: Metagross\n|\n|t:|1666550157\n|switch|p1a: Medicham|Medicham-Mega, M|76\/100|[from]move: Volt Switch\n|-damage|p1a: Medicham|70\/100|[from] Stealth Rock\n|\n|upkeep\n|inactive|Leftiez has 240 seconds left.\n|\n|t:|1666550206\n|switch|p2a: Jellicent|Jellicent, M|100\/100 par\n|-damage|p2a: Jellicent|88\/100 par|[from] Stealth Rock\n|turn|44\n|\n|t:|1666550217\n|switch|p1a: Rotom|Rotom-Wash|41\/100\n|-damage|p1a: Rotom|29\/100|[from] Stealth Rock\n|switch|p2a: Tyranitar|Tyranitar, M|33\/100\n|-damage|p2a: Tyranitar|21\/100|[from] Stealth Rock\n|-weather|Sandstorm|[from] ability: Sand Stream|[of] p2a: Tyranitar\n|\n|-weather|Sandstorm|[upkeep]\n|-damage|p1a: Rotom|23\/100|[from] Sandstorm\n|-heal|p1a: Rotom|29\/100|[from] item: Leftovers\n|upkeep\n|turn|45\n|\n|t:|1666550225\n|switch|p1a: Keldeo|Keldeo-Resolute|88\/100\n|-damage|p1a: Keldeo|82\/100|[from] Stealth Rock\n|move|p2a: Tyranitar|Superpower|p1a: Keldeo\n|-damage|p1a: Keldeo|30\/100\n|-unboost|p2a: Tyranitar|atk|1\n|-unboost|p2a: Tyranitar|def|1\n|\n|-weather|Sandstorm|[upkeep]\n|-damage|p1a: Keldeo|24\/100|[from] Sandstorm\n|upkeep\n|turn|46\n|inactive|Leftiez has 240 seconds left.\n|\n|t:|1666550249\n|switch|p2a: Jellicent|Jellicent, M|88\/100 par\n|-damage|p2a: Jellicent|76\/100 par|[from] Stealth Rock\n|switch|p1a: Rotom|Rotom-Wash|29\/100\n|-damage|p1a: Rotom|17\/100|[from] Stealth Rock\n|\n|-weather|Sandstorm|[upkeep]\n|-damage|p1a: Rotom|11\/100|[from] Sandstorm\n|-damage|p2a: Jellicent|69\/100 par|[from] Sandstorm\n|-heal|p1a: Rotom|17\/100|[from] item: Leftovers\n|-heal|p2a: Jellicent|76\/100 par|[from] item: Leftovers\n|upkeep\n|turn|47\n|\n|t:|1666550259\n|switch|p2a: Tyranitar|Tyranitar, M|21\/100\n|-damage|p2a: Tyranitar|9\/100|[from] Stealth Rock\n|move|p1a: Rotom|Pain Split|p2a: Tyranitar\n|-sethp|p2a: Tyranitar|12\/100|[from] move: Pain Split|[silent]\n|-sethp|p1a: Rotom|13\/100|[from] move: Pain Split\n|\n|-weather|Sandstorm|[upkeep]\n|-damage|p1a: Rotom|7\/100|[from] Sandstorm\n|-heal|p1a: Rotom|13\/100|[from] item: Leftovers\n|upkeep\n|turn|48\n|\n|t:|1666550276\n|move|p2a: Tyranitar|Pursuit|p1a: Rotom\n|-damage|p1a: Rotom|0 fnt\n|faint|p1a: Rotom\n|\n|-weather|none\n|upkeep\n|\n|t:|1666550278\n|switch|p1a: Medicham|Medicham-Mega, M|70\/100\n|-damage|p1a: Medicham|64\/100|[from] Stealth Rock\n|turn|49\n|\n|t:|1666550280\n|switch|p2a: Jellicent|Jellicent, M|76\/100 par\n|-damage|p2a: Jellicent|63\/100 par|[from] Stealth Rock\n|move|p1a: Medicham|Ice Punch|p2a: Jellicent\n|-resisted|p2a: Jellicent\n|-damage|p2a: Jellicent|46\/100 par\n|\n|-heal|p2a: Jellicent|52\/100 par|[from] item: Leftovers\n|upkeep\n|turn|50\n|inactive|Leftiez has 240 seconds left.\n|\n|t:|1666550289\n|cant|p2a: Jellicent|par\n|move|p1a: Medicham|Ice Punch|p2a: Jellicent\n|-resisted|p2a: Jellicent\n|-damage|p2a: Jellicent|35\/100 par\n|\n|-heal|p2a: Jellicent|41\/100 par|[from] item: Leftovers\n|upkeep\n|turn|51\n|\n|t:|1666550292\n|move|p1a: Medicham|Ice Punch|p2a: Jellicent\n|-resisted|p2a: Jellicent\n|-damage|p2a: Jellicent|25\/100 par\n|move|p2a: Jellicent|Recover|p2a: Jellicent\n|-heal|p2a: Jellicent|75\/100 par\n|\n|-heal|p2a: Jellicent|81\/100 par|[from] item: Leftovers\n|upkeep\n|turn|52\n|\n|t:|1666550294\n|move|p1a: Medicham|Ice Punch|p2a: Jellicent\n|-resisted|p2a: Jellicent\n|-damage|p2a: Jellicent|64\/100 par\n|cant|p2a: Jellicent|par\n|\n|-heal|p2a: Jellicent|70\/100 par|[from] item: Leftovers\n|upkeep\n|turn|53\n|\n|t:|1666550296\n|move|p1a: Medicham|Ice Punch|p2a: Jellicent\n|-resisted|p2a: Jellicent\n|-damage|p2a: Jellicent|51\/100 par\n|move|p2a: Jellicent|Recover|p2a: Jellicent\n|-heal|p2a: Jellicent|100\/100 par\n|\n|upkeep\n|turn|54\n|\n|t:|1666550299\n|move|p1a: Medicham|Ice Punch|p2a: Jellicent\n|-resisted|p2a: Jellicent\n|-damage|p2a: Jellicent|82\/100 par\n|move|p2a: Jellicent|Will-O-Wisp|p1a: Medicham\n|-status|p1a: Medicham|brn\n|\n|-heal|p2a: Jellicent|88\/100 par|[from] item: Leftovers\n|-damage|p1a: Medicham|51\/100 brn|[from] brn\n|upkeep\n|turn|55\n|c|+blarghlfarghl|lmao\n|c|\u2606knexhawk2|yeah i had nothing capable of killing jelli lol\n|c|+blarghlfarghl|bailed by the set \n|\n|t:|1666550306\n|move|p1a: Medicham|Ice Punch|p2a: Jellicent\n|-resisted|p2a: Jellicent\n|-damage|p2a: Jellicent|80\/100 par\n|cant|p2a: Jellicent|par\n|\n|-heal|p2a: Jellicent|86\/100 par|[from] item: Leftovers\n|-damage|p1a: Medicham|39\/100 brn|[from] brn\n|upkeep\n|turn|56\n|c|\u2606knexhawk2|never really played this tier\n|c|\u2606knexhawk2|pretty sure this is a sample team\n|\n|t:|1666550316\n|move|p1a: Medicham|Ice Punch|p2a: Jellicent\n|-resisted|p2a: Jellicent\n|-damage|p2a: Jellicent|78\/100 par\n|cant|p2a: Jellicent|par\n|\n|-heal|p2a: Jellicent|84\/100 par|[from] item: Leftovers\n|-damage|p1a: Medicham|27\/100 brn|[from] brn\n|upkeep\n|turn|57\n|\n|t:|1666550321\n|move|p1a: Medicham|Ice Punch|p2a: Jellicent\n|-resisted|p2a: Jellicent\n|-damage|p2a: Jellicent|75\/100 par\n|move|p2a: Jellicent|Recover|p2a: Jellicent\n|-heal|p2a: Jellicent|100\/100 par\n|\n|-damage|p1a: Medicham|15\/100 brn|[from] brn\n|upkeep\n|turn|58\n|c|+blarghlfarghl|except u put pup over zen fsr\n|c|\u2606knexhawk2|a garbage one at that\n|c|\u2606knexhawk2|yeah idk why it doesnt have zen or tpunch\n|\n|t:|1666550331\n|move|p1a: Medicham|Ice Punch|p2a: Jellicent\n|-resisted|p2a: Jellicent\n|-damage|p2a: Jellicent|91\/100 par\n|move|p2a: Jellicent|Recover|p2a: Jellicent\n|-heal|p2a: Jellicent|100\/100 par\n|\n|-damage|p1a: Medicham|2\/100 brn|[from] brn\n|upkeep\n|turn|59\n|\n|t:|1666550336\n|move|p2a: Jellicent|Protect|p2a: Jellicent\n|-singleturn|p2a: Jellicent|Protect\n|move|p1a: Medicham|Ice Punch|p2a: Jellicent\n|-activate|p2a: Jellicent|move: Protect\n|\n|-damage|p1a: Medicham|0 fnt|[from] brn\n|faint|p1a: Medicham\n|upkeep\n|\n|t:|1666550337\n|switch|p1a: Keldeo|Keldeo-Resolute|24\/100\n|-damage|p1a: Keldeo|18\/100|[from] Stealth Rock\n|turn|60\n|\n|t:|1666550340\n|move|p1a: Keldeo|Hydro Pump|p2a: Jellicent\n|-immune|p2a: Jellicent|[from] ability: Water Absorb\n|move|p2a: Jellicent|Will-O-Wisp|p1a: Keldeo\n|-status|p1a: Keldeo|brn\n|\n|-damage|p1a: Keldeo|5\/100 brn|[from] brn\n|upkeep\n|turn|61\n|c|\u2606knexhawk2|gg \n|c|\u2606Leftiez|gg\n|c|\u2606knexhawk2|gl\n|c|+blarghlfarghl|theres no way it had pup on when u got it\n|\n|t:|1666550344\n|cant|p2a: Jellicent|par\n|move|p1a: Keldeo|Hydro Pump|p2a: Jellicent\n|-immune|p2a: Jellicent|[from] ability: Water Absorb\n|\n|-damage|p1a: Keldeo|0 fnt|[from] brn\n|faint|p1a: Keldeo\n|\n|win|Leftiez\n|upkeep\n","uploadtime":1666550346,"views":14,"p1id":"knexhawk2","p2id":"leftiez","formatid":"gen6ou","rating":0,"private":0,"password":null}