{"id":"smogtours-gen4ou-647869","p1":"gilbert arenas(","p2":"Mimikyu Stardust","format":"gen4ou","log":"|inactive|Battle timer is ON: inactive players will automatically lose when time's up.\n|t:|1662915881\n|gametype|singles\n|player|p1|gilbert arenas(|#splxiiityrants|\n|player|p2|Mimikyu Stardust|#mimikyustardust|\n|teamsize|p1|6\n|teamsize|p2|6\n|gen|4\n|tier|[Gen 4] OU\n|rule|Sleep Clause Mod: Limit one foe put to sleep\n|rule|Species Clause: Limit one of each Pok\u00e9mon\n|rule|OHKO Clause: OHKO moves are banned\n|rule|Evasion Items Clause: Evasion items are banned\n|rule|Evasion Moves Clause: Evasion moves are banned\n|rule|Endless Battle Clause: Forcing endless battles is banned\n|rule|HP Percentage Mod: HP is shown in percentages\n|rule|Freeze Clause Mod: Limit one foe frozen\n|\n|t:|1662915881\n|start\n|switch|p1a: Zapdos|Zapdos|100\/100\n|switch|p2a: Duck|Empoleon, F|100\/100\n|-ability|p1a: Zapdos|Pressure\n|turn|1\n|c|\u2606Mimikyu Stardust|hf\n|\n|t:|1662915895\n|move|p1a: Zapdos|Discharge|p2a: Duck\n|-supereffective|p2a: Duck\n|-damage|p2a: Duck|26\/100\n|move|p2a: Duck|Stealth Rock|p1a: Zapdos\n|-sidestart|p1: gilbert arenas(|move: Stealth Rock\n|\n|upkeep\n|turn|2\n|\n|t:|1662915908\n|switch|p2a: zzz|Roserade, F|100\/100\n|move|p1a: Zapdos|Discharge|p2a: zzz\n|-resisted|p2a: zzz\n|-damage|p2a: zzz|80\/100\n|\n|-heal|p2a: zzz|86\/100|[from] item: Black Sludge\n|upkeep\n|turn|3\n|\n|t:|1662915912\n|move|p2a: zzz|Sleep Powder|p1a: Zapdos\n|-status|p1a: Zapdos|slp|[from] move: Sleep Powder\n|cant|p1a: Zapdos|slp\n|\n|-heal|p2a: zzz|92\/100|[from] item: Black Sludge\n|upkeep\n|turn|4\n|\n|t:|1662915916\n|switch|p1a: Jirachi|Jirachi|100\/100\n|-damage|p1a: Jirachi|95\/100|[from] Stealth Rock\n|move|p2a: zzz|Toxic Spikes|p1a: Jirachi\n|-sidestart|p1: gilbert arenas(|move: Toxic Spikes\n|\n|-heal|p2a: zzz|98\/100|[from] item: Black Sludge\n|-heal|p1a: Jirachi|100\/100|[from] item: Leftovers\n|upkeep\n|turn|5\n|\n|t:|1662915919\n|switch|p2a: Duck|Empoleon, F|26\/100\n|move|p1a: Jirachi|Body Slam|p2a: Duck\n|-resisted|p2a: Duck\n|-damage|p2a: Duck|10\/100\n|-status|p2a: Duck|par\n|\n|upkeep\n|turn|6\n|\n|t:|1662915923\n|move|p2a: Duck|Aqua Jet|p1a: Jirachi\n|-damage|p1a: Jirachi|84\/100\n|move|p1a: Jirachi|Body Slam|p2a: Duck\n|-resisted|p2a: Duck\n|-damage|p2a: Duck|0 fnt\n|faint|p2a: Duck\n|\n|-heal|p1a: Jirachi|90\/100|[from] item: Leftovers\n|upkeep\n|\n|t:|1662915931\n|switch|p2a: Dream|Heatran, M|100\/100\n|turn|7\n|\n|t:|1662915933\n|switch|p1a: Tyranitar|Tyranitar, M|100\/100\n|-damage|p1a: Tyranitar|88\/100|[from] Stealth Rock\n|-status|p1a: Tyranitar|psn\n|-enditem|p1a: Tyranitar|Lum Berry|[eat]\n|-curestatus|p1a: Tyranitar|psn|[msg]\n|-weather|Sandstorm|[from] ability: Sand Stream|[of] p1a: Tyranitar\n|move|p2a: Dream|Lava Plume|p1a: Tyranitar\n|-resisted|p1a: Tyranitar\n|-damage|p1a: Tyranitar|78\/100\n|\n|-weather|Sandstorm|[upkeep]\n|upkeep\n|turn|8\n|\n|t:|1662915943\n|switch|p2a: Mercury|Suicune|100\/100\n|-ability|p2a: Mercury|Pressure\n|move|p1a: Tyranitar|Stealth Rock|p2a: Mercury\n|-sidestart|p2: Mimikyu Stardust|move: Stealth Rock\n|\n|-weather|Sandstorm|[upkeep]\n|-damage|p2a: Mercury|94\/100|[from] Sandstorm\n|-heal|p2a: Mercury|100\/100|[from] item: Leftovers\n|upkeep\n|turn|9\n|\n|t:|1662915946\n|move|p2a: Mercury|Calm Mind|p2a: Mercury\n|-boost|p2a: Mercury|spa|1\n|-boost|p2a: Mercury|spd|1\n|move|p1a: Tyranitar|Toxic|p2a: Mercury\n|-status|p2a: Mercury|tox\n|\n|-weather|Sandstorm|[upkeep]\n|-damage|p2a: Mercury|94\/100 tox|[from] Sandstorm\n|-heal|p2a: Mercury|100\/100 tox|[from] item: Leftovers\n|-damage|p2a: Mercury|94\/100 tox|[from] psn\n|upkeep\n|turn|10\n|\n|t:|1662915948\n|move|p2a: Mercury|Hydro Pump|p1a: Tyranitar\n|-supereffective|p1a: Tyranitar\n|-damage|p1a: Tyranitar|0 fnt\n|faint|p1a: Tyranitar\n|\n|-weather|Sandstorm|[upkeep]\n|-damage|p2a: Mercury|88\/100 tox|[from] Sandstorm\n|-heal|p2a: Mercury|94\/100 tox|[from] item: Leftovers\n|-damage|p2a: Mercury|82\/100 tox|[from] psn\n|upkeep\n|\n|t:|1662915950\n|switch|p1a: Starmie|Starmie|100\/100\n|-damage|p1a: Starmie|88\/100|[from] Stealth Rock\n|-status|p1a: Starmie|psn\n|turn|11\n|\n|t:|1662915954\n|move|p1a: Starmie|Rapid Spin|p2a: Mercury\n|-damage|p2a: Mercury|79\/100 tox\n|-sideend|p1: gilbert arenas(|Toxic Spikes|[from] move: Rapid Spin|[of] p1a: Starmie\n|-sideend|p1: gilbert arenas(|Stealth Rock|[from] move: Rapid Spin|[of] p1a: Starmie\n|move|p2a: Mercury|Hidden Power|p1a: Starmie\n|-supereffective|p1a: Starmie\n|-damage|p1a: Starmie|15\/100 psn\n|\n|-weather|Sandstorm|[upkeep]\n|-damage|p1a: Starmie|9\/100 psn|[from] Sandstorm\n|-damage|p2a: Mercury|73\/100 tox|[from] Sandstorm\n|-heal|p1a: Starmie|15\/100 psn|[from] item: Leftovers\n|-damage|p1a: Starmie|3\/100 psn|[from] psn\n|-heal|p2a: Mercury|79\/100 tox|[from] item: Leftovers\n|-damage|p2a: Mercury|61\/100 tox|[from] psn\n|upkeep\n|turn|12\n|\n|t:|1662915958\n|move|p1a: Starmie|Psychic|p2a: Mercury\n|-damage|p2a: Mercury|43\/100 tox\n|move|p2a: Mercury|Hidden Power|p1a: Starmie\n|-supereffective|p1a: Starmie\n|-damage|p1a: Starmie|0 fnt\n|faint|p1a: Starmie\n|\n|-weather|Sandstorm|[upkeep]\n|-damage|p2a: Mercury|37\/100 tox|[from] Sandstorm\n|-heal|p2a: Mercury|43\/100 tox|[from] item: Leftovers\n|-damage|p2a: Mercury|18\/100 tox|[from] psn\n|upkeep\n|\n|t:|1662915960\n|switch|p1a: Jirachi|Jirachi|90\/100\n|turn|13\n|\n|t:|1662915962\n|move|p1a: Jirachi|Body Slam|p2a: Mercury\n|-damage|p2a: Mercury|0 fnt\n|faint|p2a: Mercury\n|\n|-weather|Sandstorm|[upkeep]\n|-heal|p1a: Jirachi|96\/100|[from] item: Leftovers\n|upkeep\n|\n|t:|1662915964\n|switch|p2a: Dream|Heatran, M|100\/100\n|-damage|p2a: Dream|88\/100|[from] Stealth Rock\n|turn|14\n|\n|t:|1662915968\n|switch|p1a: Heatran|Heatran, M|100\/100\n|move|p2a: Dream|Stealth Rock|p1a: Heatran\n|-sidestart|p1: gilbert arenas(|move: Stealth Rock\n|\n|-weather|Sandstorm|[upkeep]\n|-heal|p2a: Dream|94\/100|[from] item: Leftovers\n|upkeep\n|turn|15\n|\n|t:|1662915978\n|switch|p2a: Potato Bird|Latias, F|100\/100\n|-damage|p2a: Potato Bird|88\/100|[from] Stealth Rock\n|move|p1a: Heatran|Earth Power|p2a: Potato Bird\n|-immune|p2a: Potato Bird|[from] ability: Levitate\n|\n|-weather|Sandstorm|[upkeep]\n|-damage|p2a: Potato Bird|82\/100|[from] Sandstorm\n|upkeep\n|turn|16\n|\n|t:|1662915981\n|switch|p1a: Jirachi|Jirachi|96\/100\n|-damage|p1a: Jirachi|90\/100|[from] Stealth Rock\n|move|p2a: Potato Bird|Trick|p1a: Jirachi\n|-activate|p2a: Potato Bird|move: Trick|[of] p1a: Jirachi\n|-item|p1a: Jirachi|Choice Scarf|[from] move: Trick\n|-item|p2a: Potato Bird|Leftovers|[from] move: Trick\n|\n|-weather|Sandstorm|[upkeep]\n|-damage|p2a: Potato Bird|76\/100|[from] Sandstorm\n|-heal|p2a: Potato Bird|82\/100|[from] item: Leftovers\n|upkeep\n|turn|17\n|\n|t:|1662915984\n|switch|p2a: Dream|Heatran, M|94\/100\n|-damage|p2a: Dream|82\/100|[from] Stealth Rock\n|move|p1a: Jirachi|Body Slam|p2a: Dream\n|-resisted|p2a: Dream\n|-damage|p2a: Dream|72\/100\n|-status|p2a: Dream|par\n|\n|-weather|Sandstorm|[upkeep]\n|-heal|p2a: Dream|78\/100 par|[from] item: Leftovers\n|upkeep\n|turn|18\n|\n|t:|1662915995\n|switch|p1a: Heatran|Heatran, M|100\/100\n|-damage|p1a: Heatran|88\/100|[from] Stealth Rock\n|move|p2a: Dream|Roar|p1a: Heatran\n|drag|p1a: Jirachi|Jirachi|90\/100\n|-damage|p1a: Jirachi|84\/100|[from] Stealth Rock\n|\n|-weather|Sandstorm|[upkeep]\n|-heal|p2a: Dream|84\/100 par|[from] item: Leftovers\n|upkeep\n|turn|19\n|\n|t:|1662916000\n|switch|p1a: Heatran|Heatran, M|88\/100\n|-damage|p1a: Heatran|76\/100|[from] Stealth Rock\n|cant|p2a: Dream|par\n|\n|-weather|Sandstorm|[upkeep]\n|-heal|p2a: Dream|91\/100 par|[from] item: Leftovers\n|upkeep\n|turn|20\n|\n|t:|1662916003\n|switch|p1a: Breloom|Breloom, M|100\/100\n|-damage|p1a: Breloom|94\/100|[from] Stealth Rock\n|move|p2a: Dream|Roar|p1a: Breloom\n|drag|p1a: Zapdos|Zapdos|100\/100 slp\n|-damage|p1a: Zapdos|76\/100 slp|[from] Stealth Rock\n|-ability|p1a: Zapdos|Pressure\n|\n|-weather|Sandstorm|[upkeep]\n|-damage|p1a: Zapdos|70\/100 slp|[from] Sandstorm\n|-heal|p1a: Zapdos|76\/100 slp|[from] item: Leftovers\n|-heal|p2a: Dream|97\/100 par|[from] item: Leftovers\n|upkeep\n|turn|21\n|\n|t:|1662916008\n|cant|p1a: Zapdos|slp\n|move|p2a: Dream|Roar|p1a: Zapdos\n|drag|p1a: Jirachi|Jirachi|84\/100\n|-damage|p1a: Jirachi|78\/100|[from] Stealth Rock\n|\n|-weather|Sandstorm|[upkeep]\n|-heal|p2a: Dream|100\/100 par|[from] item: Leftovers\n|upkeep\n|turn|22\n|\n|t:|1662916012\n|switch|p1a: Heatran|Heatran, M|76\/100\n|-damage|p1a: Heatran|63\/100|[from] Stealth Rock\n|cant|p2a: Dream|par\n|\n|-weather|Sandstorm|[upkeep]\n|upkeep\n|turn|23\n|\n|t:|1662916014\n|switch|p2a: Potato Bird|Latias, F|82\/100\n|-damage|p2a: Potato Bird|70\/100|[from] Stealth Rock\n|move|p1a: Heatran|Earth Power|p2a: Potato Bird\n|-immune|p2a: Potato Bird|[from] ability: Levitate\n|\n|-weather|Sandstorm|[upkeep]\n|-damage|p2a: Potato Bird|64\/100|[from] Sandstorm\n|-heal|p2a: Potato Bird|70\/100|[from] item: Leftovers\n|upkeep\n|turn|24\n|\n|t:|1662916019\n|switch|p1a: Jirachi|Jirachi|78\/100\n|-damage|p1a: Jirachi|72\/100|[from] Stealth Rock\n|move|p2a: Potato Bird|Thunderbolt|p1a: Jirachi\n|-damage|p1a: Jirachi|45\/100\n|\n|-weather|Sandstorm|[upkeep]\n|-damage|p2a: Potato Bird|64\/100|[from] Sandstorm\n|-heal|p2a: Potato Bird|70\/100|[from] item: Leftovers\n|upkeep\n|turn|25\n|\n|t:|1662916023\n|switch|p1a: Breloom|Breloom, M|94\/100\n|-damage|p1a: Breloom|88\/100|[from] Stealth Rock\n|switch|p2a: Dream|Heatran, M|100\/100 par\n|-damage|p2a: Dream|88\/100 par|[from] Stealth Rock\n|\n|-weather|Sandstorm|[upkeep]\n|-damage|p1a: Breloom|82\/100|[from] Sandstorm\n|-status|p1a: Breloom|tox|[from] item: Toxic Orb\n|-heal|p2a: Dream|94\/100 par|[from] item: Leftovers\n|upkeep\n|turn|26\n|\n|t:|1662916027\n|move|p1a: Breloom|Superpower|p2a: Dream\n|-supereffective|p2a: Dream\n|-damage|p2a: Dream|0 fnt\n|-unboost|p1a: Breloom|atk|1\n|-unboost|p1a: Breloom|def|1\n|faint|p2a: Dream\n|\n|-weather|Sandstorm|[upkeep]\n|-damage|p1a: Breloom|76\/100 tox|[from] Sandstorm\n|-heal|p1a: Breloom|88\/100 tox|[from] ability: Poison Heal\n|upkeep\n|\n|t:|1662916030\n|switch|p2a: Vengeful|Gengar, F|100\/100\n|-damage|p2a: Vengeful|88\/100|[from] Stealth Rock\n|turn|27\n|\n|t:|1662916045\n|move|p2a: Vengeful|Substitute|p2a: Vengeful\n|-start|p2a: Vengeful|Substitute\n|-damage|p2a: Vengeful|63\/100\n|move|p1a: Breloom|Seed Bomb|p2a: Vengeful\n|-resisted|p2a: Vengeful\n|-end|p2a: Vengeful|Substitute\n|\n|-weather|Sandstorm|[upkeep]\n|-damage|p2a: Vengeful|57\/100|[from] Sandstorm\n|-damage|p1a: Breloom|82\/100 tox|[from] Sandstorm\n|-heal|p1a: Breloom|94\/100 tox|[from] ability: Poison Heal\n|upkeep\n|turn|28\n|\n|t:|1662916054\n|move|p2a: Vengeful|Pain Split|p1a: Breloom\n|-sethp|p1a: Breloom|70\/100 tox|[from] move: Pain Split|[silent]\n|-sethp|p2a: Vengeful|87\/100|[from] move: Pain Split\n|move|p1a: Breloom|Seed Bomb|p2a: Vengeful\n|-resisted|p2a: Vengeful\n|-damage|p2a: Vengeful|60\/100\n|\n|-weather|Sandstorm|[upkeep]\n|-damage|p2a: Vengeful|54\/100|[from] Sandstorm\n|-damage|p1a: Breloom|64\/100 tox|[from] Sandstorm\n|-heal|p1a: Breloom|76\/100 tox|[from] ability: Poison Heal\n|upkeep\n|turn|29\n|\n|t:|1662916062\n|move|p2a: Vengeful|Shadow Ball|p1a: Breloom\n|-damage|p1a: Breloom|0 fnt\n|faint|p1a: Breloom\n|-damage|p2a: Vengeful|44\/100|[from] item: Life Orb\n|\n|-weather|Sandstorm|[upkeep]\n|-damage|p2a: Vengeful|38\/100|[from] Sandstorm\n|upkeep\n|\n|t:|1662916069\n|switch|p1a: Heatran|Heatran, M|63\/100\n|-damage|p1a: Heatran|51\/100|[from] Stealth Rock\n|turn|30\n|\n|t:|1662916085\n|move|p1a: Heatran|Dragon Pulse|p2a: Vengeful\n|-damage|p2a: Vengeful|0 fnt\n|faint|p2a: Vengeful\n|\n|-weather|Sandstorm|[upkeep]\n|upkeep\n|inactive|Mimikyu Stardust has 270 seconds left.\n|inactive|Mimikyu Stardust disconnected and has 300 seconds to reconnect!\n|player|p2|\n|inactive|Mimikyu Stardust reconnected and has 270 seconds left.\n|player|p2|Mimikyu Stardust|#mimikyustardust\n|\n|t:|1662916118\n|switch|p2a: Potato Bird|Latias, F|70\/100\n|-damage|p2a: Potato Bird|58\/100|[from] Stealth Rock\n|turn|31\n|\n|t:|1662916129\n|move|p1a: Heatran|Dragon Pulse|p2a: Potato Bird\n|-supereffective|p2a: Potato Bird\n|-damage|p2a: Potato Bird|2\/100\n|move|p2a: Potato Bird|Thunderbolt|p1a: Heatran\n|-damage|p1a: Heatran|20\/100\n|\n|-weather|Sandstorm|[upkeep]\n|-damage|p2a: Potato Bird|0 fnt|[from] Sandstorm\n|faint|p2a: Potato Bird\n|upkeep\n|\n|t:|1662916132\n|switch|p2a: zzz|Roserade, F|98\/100\n|-damage|p2a: zzz|86\/100|[from] Stealth Rock\n|turn|32\n|c|\u2606gilbert arenas(|gg\n|\n|t:|1662916136\n|move|p1a: Heatran|Dragon Pulse|p2a: zzz\n|-damage|p2a: zzz|45\/100\n|move|p2a: zzz|Leaf Storm|p1a: Heatran\n|-resisted|p1a: Heatran\n|-damage|p1a: Heatran|1\/100\n|-unboost|p2a: zzz|spa|2\n|\n|-weather|Sandstorm|[upkeep]\n|-damage|p2a: zzz|39\/100|[from] Sandstorm\n|-heal|p2a: zzz|45\/100|[from] item: Black Sludge\n|upkeep\n|turn|33\n|c|\u2606Mimikyu Stardust|gg\n|\n|t:|1662916140\n|move|p1a: Heatran|Dragon Pulse|p2a: zzz\n|-damage|p2a: zzz|5\/100\n|move|p2a: zzz|Leaf Storm|p1a: Heatran\n|-resisted|p1a: Heatran\n|-damage|p1a: Heatran|0 fnt\n|-unboost|p2a: zzz|spa|2\n|faint|p1a: Heatran\n|\n|-weather|Sandstorm|[upkeep]\n|-damage|p2a: zzz|0 fnt|[from] Sandstorm\n|faint|p2a: zzz\n|\n|win|gilbert arenas(\n|upkeep\n","uploadtime":1662916141,"views":15,"p1id":"gilbertarenas","p2id":"mimikyustardust","formatid":"gen4ou","rating":0,"private":0,"password":null}