{"id":"smogtours-gen8randombattle-584765","p1":"freeflyonhigh","p2":"Buhrito","format":"gen8randombattle","log":"|inactive|Battle timer is ON: inactive players will automatically lose when time's up.\n|t:|1633737134\n|gametype|singles\n|player|p1|freeflyonhigh|169|\n|player|p2|Buhrito|preschooler|\n|teamsize|p1|6\n|teamsize|p2|6\n|gen|8\n|tier|[Gen 8] Random Battle\n|rule|Species Clause: Limit one of each Pok\u00e9mon\n|rule|HP Percentage Mod: HP is shown in percentages\n|rule|Sleep Clause Mod: Limit one foe put to sleep\n|\n|t:|1633737134\n|start\n|switch|p1a: Glastrier|Glastrier, L82|298\/298\n|switch|p2a: Snorlax|Snorlax, L82, M|397\/397\n|turn|1\n|c|\u2606freeflyonhigh|glhf\n|c|\u2606Buhrito|gl\n|inactive|Buhrito has 270 seconds left.\n|inactive|Buhrito has 240 seconds left.\n|\n|t:|1633737207\n|switch|p2a: Bewear|Bewear, L82, F|331\/331\n|move|p1a: Glastrier|Swords Dance|p1a: Glastrier\n|-boost|p1a: Glastrier|atk|2\n|\n|upkeep\n|turn|2\n|\n|t:|1633737215\n|move|p2a: Bewear|Close Combat|p1a: Glastrier\n|-supereffective|p1a: Glastrier\n|-damage|p1a: Glastrier|2\/298\n|-unboost|p2a: Bewear|def|1\n|-unboost|p2a: Bewear|spd|1\n|-damage|p2a: Bewear|298\/331|[from] item: Life Orb\n|move|p1a: Glastrier|Close Combat|p2a: Bewear\n|-supereffective|p2a: Bewear\n|-damage|p2a: Bewear|0 fnt\n|-unboost|p1a: Glastrier|def|1\n|-unboost|p1a: Glastrier|spd|1\n|faint|p2a: Bewear\n|-ability|p1a: Glastrier|Chilling Neigh|boost\n|-boost|p1a: Glastrier|atk|1\n|\n|upkeep\n|\n|t:|1633737230\n|switch|p2a: Sudowoodo|Sudowoodo, L86, M|261\/261\n|turn|3\n|\n|t:|1633737241\n|move|p2a: Sudowoodo|Earthquake|p1a: Glastrier\n|-damage|p1a: Glastrier|0 fnt\n|faint|p1a: Glastrier\n|\n|upkeep\n|\n|t:|1633737246\n|switch|p1a: Terrakion|Terrakion, L78|270\/270\n|turn|4\n|\n|t:|1633737271\n|move|p1a: Terrakion|Close Combat|p2a: Sudowoodo\n|-supereffective|p2a: Sudowoodo\n|-damage|p2a: Sudowoodo|0 fnt\n|-unboost|p1a: Terrakion|def|1\n|-unboost|p1a: Terrakion|spd|1\n|faint|p2a: Sudowoodo\n|\n|upkeep\n|\n|t:|1633737275\n|switch|p2a: Raichu|Raichu-Alola, L84, M|238\/238\n|turn|5\n|\n|t:|1633737284\n|switch|p1a: Mew|Mew, L80|291\/291\n|move|p2a: Raichu|Psyshock|p1a: Mew\n|-resisted|p1a: Mew\n|-damage|p1a: Mew|243\/291\n|-damage|p2a: Raichu|215\/238|[from] item: Life Orb\n|\n|upkeep\n|turn|6\n|inactive|Buhrito has 270 seconds left.\n|\n|t:|1633737342\n|move|p2a: Raichu|Nasty Plot|p2a: Raichu\n|-boost|p2a: Raichu|spa|2\n|move|p1a: Mew|Dragon Dance|p1a: Mew\n|-boost|p1a: Mew|atk|1\n|-boost|p1a: Mew|spe|1\n|\n|upkeep\n|turn|7\n|\n|t:|1633737360\n|-start|p1a: Mew|Dynamax\n|-heal|p1a: Mew|486\/582|[silent]\n|-start|p2a: Raichu|Dynamax\n|-heal|p2a: Raichu|430\/476|[silent]\n|move|p1a: Mew|Max Flare|p2a: Raichu\n|-damage|p2a: Raichu|238\/476\n|-weather|SunnyDay\n|move|p2a: Raichu|Max Lightning|p1a: Mew\n|-damage|p1a: Mew|149\/582\n|-fieldstart|move: Electric Terrain\n|-damage|p2a: Raichu|215\/476|[from] item: Life Orb\n|\n|-weather|SunnyDay|[upkeep]\n|upkeep\n|turn|8\n|\n|t:|1633737372\n|move|p1a: Mew|Max Guard|p1a: Mew\n|-singleturn|p1a: Mew|Max Guard\n|move|p2a: Raichu|Max Lightning|p1a: Mew\n|-activate|p1a: Mew|move: Max Guard\n|\n|-weather|SunnyDay|[upkeep]\n|upkeep\n|turn|9\n|\n|t:|1633737375\n|-end|p1a: Mew|Dynamax\n|-heal|p1a: Mew|75\/291|[silent]\n|switch|p1a: Virizion|Virizion, L82|283\/283\n|move|p2a: Raichu|Max Lightning|p1a: Virizion\n|-resisted|p1a: Virizion\n|-damage|p1a: Virizion|167\/283\n|-damage|p2a: Raichu|192\/476|[from] item: Life Orb\n|\n|-weather|SunnyDay|[upkeep]\n|-end|p2a: Raichu|Dynamax\n|-heal|p2a: Raichu|96\/238|[silent]\n|upkeep\n|turn|10\n|inactive|freeflyonhigh has 270 seconds left.\n|\n|t:|1633737406\n|switch|p1a: Mew|Mew, L80|75\/291\n|move|p2a: Raichu|Psyshock|p1a: Mew\n|-resisted|p1a: Mew\n|-damage|p1a: Mew|0 fnt\n|faint|p1a: Mew\n|-damage|p2a: Raichu|73\/238|[from] item: Life Orb\n|\n|-weather|SunnyDay|[upkeep]\n|upkeep\n|\n|t:|1633737410\n|switch|p1a: Lickilicky|Lickilicky, L86, M|329\/329\n|turn|11\n|inactive|Buhrito has 270 seconds left.\n|\n|t:|1633737436\n|move|p2a: Raichu|Thunderbolt|p1a: Lickilicky\n|-damage|p1a: Lickilicky|48\/329\n|-status|p1a: Lickilicky|par\n|-damage|p2a: Raichu|50\/238|[from] item: Life Orb\n|cant|p1a: Lickilicky|par\n|\n|-weather|none\n|-heal|p1a: Lickilicky|68\/329 par|[from] item: Leftovers\n|-fieldend|move: Electric Terrain\n|upkeep\n|turn|12\n|c|+august|buhrito\n|c|+august|big fan\n|\n|t:|1633737450\n|move|p2a: Raichu|Psyshock|p1a: Lickilicky\n|-damage|p1a: Lickilicky|0 fnt\n|faint|p1a: Lickilicky\n|-damage|p2a: Raichu|27\/238|[from] item: Life Orb\n|\n|upkeep\n|c|+dekzeh|august whats up\n|c|+august|big dek :pray:\n|\n|t:|1633737461\n|switch|p1a: Chandelure|Chandelure, L82, F|233\/233\n|turn|13\n|c|+august|hows it going boys\n|c|\u2606Buhrito|whats up august\n|\n|t:|1633737469\n|move|p2a: Raichu|Thunderbolt|p1a: Chandelure\n|-damage|p1a: Chandelure|0 fnt\n|faint|p1a: Chandelure\n|-damage|p2a: Raichu|4\/238|[from] item: Life Orb\n|\n|upkeep\n|\n|t:|1633737474\n|switch|p1a: Virizion|Virizion, L82|167\/283\n|turn|14\n|\n|t:|1633737480\n|move|p2a: Raichu|Psyshock|p1a: Virizion\n|-supereffective|p1a: Virizion\n|-damage|p1a: Virizion|0 fnt\n|faint|p1a: Virizion\n|-damage|p2a: Raichu|0 fnt|[from] item: Life Orb\n|faint|p2a: Raichu\n|\n|upkeep\n|\n|t:|1633737484\n|switch|p2a: Snorlax|Snorlax, L82, M|397\/397\n|switch|p1a: Terrakion|Terrakion, L78|270\/270\n|turn|15\n|\n|t:|1633737489\n|move|p1a: Terrakion|Close Combat|p2a: Snorlax\n|-supereffective|p2a: Snorlax\n|-damage|p2a: Snorlax|0 fnt\n|-unboost|p1a: Terrakion|def|1\n|-unboost|p1a: Terrakion|spd|1\n|faint|p2a: Snorlax\n|\n|upkeep\n|\n|t:|1633737491\n|switch|p2a: Slowking|Slowking-Galar, L84, M|297\/297\n|turn|16\n|\n|t:|1633737494\n|move|p1a: Terrakion|Close Combat|p2a: Slowking\n|-resisted|p2a: Slowking\n|-damage|p2a: Slowking|244\/297\n|-unboost|p1a: Terrakion|def|1\n|-unboost|p1a: Terrakion|spd|1\n|move|p2a: Slowking|Psyshock|p1a: Terrakion\n|-supereffective|p1a: Terrakion\n|-damage|p1a: Terrakion|0 fnt\n|faint|p1a: Terrakion\n|\n|win|Buhrito\n","inputlog":">version 8151ffca2a6be5be4e1eb17ce0154f90b9ec3bd9\n>start {\"formatid\":\"gen8randombattle\",\"seed\":[15692,36556,24233,31241]}\n>player p1 {\"name\":\"freeflyonhigh\",\"avatar\":\"169\",\"rating\":0,\"seed\":[51930,63104,19357,30706]}\n>player p2 {\"name\":\"Buhrito\",\"avatar\":\"preschooler\",\"rating\":0,\"seed\":[10705,58995,12528,6301]}\n>chat \u2606freeflyonhigh|glhf\n>chat \u2606Buhrito|gl\n>p1 move swordsdance\n>p2 switch 5\n>p1 move closecombat\n>p2 move closecombat\n>p2 switch 2\n>p1 move highhorsepower\n>p2 move earthquake\n>p1 switch 6\n>p1 move closecombat\n>p2 move earthquake\n>p2 switch 6\n>p1 switch 2\n>p2 move psyshock\n>p1 move dragondance\n>p2 move nastyplot\n>p1 move flareblitz dynamax\n>p2 move thunderbolt dynamax\n>p1 move dragondance dynamax\n>p2 move thunderbolt dynamax\n>p1 switch 4\n>p2 move thunderbolt dynamax\n>p1 switch 4\n>p2 move psyshock\n>p1 switch 5\n>p1 move knockoff\n>p2 move thunderbolt\n>chat +august|buhrito\n>chat +august|big fan\n>p1 move knockoff\n>p2 move psyshock\n>chat +dekzeh|august whats up\n>chat +august|big dek :pray:\n>p1 switch 3\n>chat +august|hows it going boys\n>chat \u2606Buhrito|whats up august\n>p1 move energyball\n>p2 move thunderbolt\n>p1 switch 4\n>p1 move airslash\n>p2 move psyshock\n>p1 switch 2\n>p2 switch 5\n>p1 move closecombat\n>p2 move earthquake\n>p2 switch 4\n>p1 move closecombat\n>p2 move psyshock","uploadtime":1633737495,"views":13,"p1id":"freeflyonhigh","p2id":"buhrito","formatid":"gen8randombattle","rating":0,"private":0,"password":null}