{"id":"smogtours-gen7ou-296588","p1":"Candice","p2":"autumn leaves","format":"gen7ou","log":"|J|Candice\n|J|autumn leaves\n|player|p1|Candice|36\n|teamsize|p1|6\n|player|p2|autumn leaves|166\n|teamsize|p2|6\n|gametype|singles\n|gen|7\n|tier|[Gen 7] OU\n|seed|5277,28490,39246,19855\n|clearpoke\n|poke|p1|Landorus-Therian, M|item\n|poke|p1|Mawile, F|item\n|poke|p1|Keldeo|item\n|poke|p1|Zygarde|item\n|poke|p1|Tapu Bulu|item\n|poke|p1|Heatran, F|item\n|poke|p2|Manectric, M|item\n|poke|p2|Kartana|item\n|poke|p2|Zygarde|item\n|poke|p2|Greninja, M|item\n|poke|p2|Magearna|item\n|poke|p2|Landorus-Therian, M|item\n|rule|Sleep Clause Mod: Limit one foe put to sleep\n|rule|Species Clause: Limit one of each Pok\u00e9mon\n|rule|OHKO Clause: OHKO moves are banned\n|rule|Moody Clause: Moody is banned\n|rule|Evasion Moves Clause: Evasion moves are banned\n|rule|Endless Battle Clause: Forcing endless battles is banned\n|rule|HP Percentage Mod: HP is shown in percentages\n|teampreview\n|c|\u2606autumn leaves|gl\n|c|\u2606Candice|you too !\n|choice|team 1, team 2, team 3, team 4, team 5, team 6|team 1, team 2, team 3, team 4, team 5, team 6\n|\n|start\n|switch|p1a: Meow Meow|Landorus-Therian, M|382\/382\n|switch|p2a: Manectric|Manectric, M|281\/281\n|-ability|p1a: Meow Meow|Intimidate|boost\n|-unboost|p2a: Manectric|atk|1\n|turn|1\n|choice|switch 6|switch 6\n|\n|switch|p2a: Landorus|Landorus-Therian, M|381\/381\n|-ability|p2a: Landorus|Intimidate|boost\n|-unboost|p1a: Meow Meow|atk|1\n|switch|p1a: Merupi|Heatran, F|385\/385\n|\n|upkeep\n|turn|2\n|choice|switch 6|move stealthrock\n|\n|switch|p1a: Meow Meow|Landorus-Therian, M|382\/382\n|-ability|p1a: Meow Meow|Intimidate|boost\n|-unboost|p2a: Landorus|atk|1\n|move|p2a: Landorus|Stealth Rock|p1a: Meow Meow\n|-sidestart|p1: Candice|move: Stealth Rock\n|\n|upkeep\n|turn|3\n|choice|move stealthrock|move hiddenpower\n|\n|move|p2a: Landorus|Hidden Power|p1a: Meow Meow\n|-supereffective|p1a: Meow Meow\n|-crit|p1a: Meow Meow\n|-damage|p1a: Meow Meow|86\/382\n|move|p1a: Meow Meow|Stealth Rock|p2a: Landorus\n|-sidestart|p2: autumn leaves|move: Stealth Rock\n|\n|upkeep\n|turn|4\n|choice|switch 3|move uturn\n|\n|switch|p1a: Marquise|Keldeo|323\/323\n|-damage|p1a: Marquise|303\/323|[from] Stealth Rock\n|move|p2a: Landorus|U-turn|p1a: Marquise\n|-resisted|p1a: Marquise\n|-damage|p1a: Marquise|274\/323\n|choice||switch 2\n|\n|switch|p2a: Kartana|Kartana|259\/259\n|-damage|p2a: Kartana|243\/259|[from] Stealth Rock\n|\n|upkeep\n|turn|5\n|choice|switch 5|switch 6\n|\n|switch|p2a: Manectric|Manectric, M|281\/281\n|-damage|p2a: Manectric|246\/281|[from] Stealth Rock\n|switch|p1a: Lonlon Ranch|Tapu Bulu|282\/282\n|-damage|p1a: Lonlon Ranch|247\/282|[from] Stealth Rock\n|-fieldstart|move: Grassy Terrain|[from] ability: Grassy Surge|[of] p1a: Lonlon Ranch\n|\n|-heal|p1a: Lonlon Ranch|264\/282|[from] Grassy Terrain\n|-heal|p2a: Manectric|263\/281|[from] Grassy Terrain\n|upkeep\n|turn|6\n|choice|move woodhammer|switch 6\n|\n|switch|p2a: Kartana|Kartana|243\/259\n|-damage|p2a: Kartana|227\/259|[from] Stealth Rock\n|move|p1a: Lonlon Ranch|Wood Hammer|p2a: Kartana\n|-resisted|p2a: Kartana\n|-damage|p2a: Kartana|167\/259\n|-damage|p1a: Lonlon Ranch|244\/282|[from] Recoil|[of] p2a: Kartana\n|\n|-heal|p2a: Kartana|183\/259|[from] Grassy Terrain\n|-heal|p1a: Lonlon Ranch|261\/282|[from] Grassy Terrain\n|upkeep\n|turn|7\n|choice|switch 6|move leafblade\n|\n|switch|p1a: Merupi|Heatran, F|385\/385\n|-damage|p1a: Merupi|337\/385|[from] Stealth Rock\n|move|p2a: Kartana|Leaf Blade|p1a: Merupi\n|-resisted|p1a: Merupi\n|-damage|p1a: Merupi|270\/385\n|\n|-heal|p1a: Merupi|294\/385|[from] item: Leftovers\n|-heal|p2a: Kartana|199\/259|[from] Grassy Terrain\n|-heal|p1a: Merupi|318\/385|[from] Grassy Terrain\n|upkeep\n|turn|8\n|choice|move toxic|switch 3\n|\n|switch|p2a: Zygarde|Zygarde|357\/357\n|-damage|p2a: Zygarde|335\/357|[from] Stealth Rock\n|-ability|p2a: Zygarde|Aura Break\n|move|p1a: Merupi|Toxic|p2a: Zygarde\n|-status|p2a: Zygarde|tox\n|\n|-heal|p1a: Merupi|342\/385|[from] item: Leftovers\n|-heal|p2a: Zygarde|357\/357 tox|[from] Grassy Terrain\n|-heal|p1a: Merupi|366\/385|[from] Grassy Terrain\n|-damage|p2a: Zygarde|335\/357 tox|[from] psn\n|upkeep\n|turn|9\n|choice|switch 6|move thousandarrows\n|\n|switch|p1a: Lonlon Ranch|Tapu Bulu|261\/282\n|-damage|p1a: Lonlon Ranch|226\/282|[from] Stealth Rock\n|move|p2a: Zygarde|Thousand Arrows|p1a: Lonlon Ranch\n|-resisted|p1a: Lonlon Ranch\n|-damage|p1a: Lonlon Ranch|137\/282\n|\n|-heal|p1a: Lonlon Ranch|154\/282|[from] Grassy Terrain\n|-heal|p2a: Zygarde|357\/357 tox|[from] Grassy Terrain\n|-fieldend|move: Grassy Terrain\n|-damage|p2a: Zygarde|313\/357 tox|[from] psn\n|upkeep\n|turn|10\n|choice|move hornleech|switch 2\n|\n|switch|p2a: Landorus|Landorus-Therian, M|381\/381\n|-damage|p2a: Landorus|334\/381|[from] Stealth Rock\n|-ability|p2a: Landorus|Intimidate|boost\n|-unboost|p1a: Lonlon Ranch|atk|1\n|move|p1a: Lonlon Ranch|Horn Leech|p2a: Landorus\n|-damage|p2a: Landorus|256\/381\n|-heal|p1a: Lonlon Ranch|193\/282|[from] drain|[of] p2a: Landorus\n|-damage|p1a: Lonlon Ranch|146\/282|[from] item: Rocky Helmet|[of] p2a: Landorus\n|\n|upkeep\n|turn|11\n|choice|switch 5|switch 3\n|\n|switch|p1a: Marquise|Keldeo|274\/323\n|-damage|p1a: Marquise|254\/323|[from] Stealth Rock\n|switch|p2a: Kartana|Kartana|199\/259\n|-damage|p2a: Kartana|183\/259|[from] Stealth Rock\n|\n|upkeep\n|turn|12\n|choice|move secretsword|move leafblade\n|\n|move|p2a: Kartana|Leaf Blade|p1a: Marquise\n|-supereffective|p1a: Marquise\n|-crit|p1a: Marquise\n|-damage|p1a: Marquise|0 fnt\n|faint|p1a: Marquise\n|-ability|p2a: Kartana|Beast Boost|boost\n|-boost|p2a: Kartana|atk|1\n|\n|upkeep\n|choice|switch 6|\n|\n|switch|p1a: Merupi|Heatran, F|366\/385\n|-damage|p1a: Merupi|318\/385|[from] Stealth Rock\n|turn|13\n|choice|move substitute|switch 2\n|\n|switch|p2a: Zygarde|Zygarde|313\/357 tox\n|-damage|p2a: Zygarde|291\/357 tox|[from] Stealth Rock\n|-ability|p2a: Zygarde|Aura Break\n|move|p1a: Merupi|Substitute|p1a: Merupi\n|-start|p1a: Merupi|Substitute\n|-damage|p1a: Merupi|222\/385\n|\n|-heal|p1a: Merupi|246\/385|[from] item: Leftovers\n|-damage|p2a: Zygarde|269\/357 tox|[from] psn\n|upkeep\n|turn|14\n|choice|move substitute|move thousandarrows\n|\n|move|p2a: Zygarde|Thousand Arrows|p1a: Merupi\n|-supereffective|p1a: Merupi\n|-end|p1a: Merupi|Substitute\n|move|p1a: Merupi|Substitute|p1a: Merupi\n|-start|p1a: Merupi|Substitute\n|-damage|p1a: Merupi|150\/385\n|\n|-heal|p1a: Merupi|174\/385|[from] item: Leftovers\n|-damage|p2a: Zygarde|225\/357 tox|[from] psn\n|upkeep\n|turn|15\n|choice|switch 5|move thousandarrows\n|\n|switch|p1a: Lonlon Ranch|Tapu Bulu|146\/282\n|-damage|p1a: Lonlon Ranch|111\/282|[from] Stealth Rock\n|-fieldstart|move: Grassy Terrain|[from] ability: Grassy Surge|[of] p1a: Lonlon Ranch\n|move|p2a: Zygarde|Thousand Arrows|p1a: Lonlon Ranch\n|-resisted|p1a: Lonlon Ranch\n|-damage|p1a: Lonlon Ranch|13\/282\n|\n|-heal|p1a: Lonlon Ranch|30\/282|[from] Grassy Terrain\n|-heal|p2a: Zygarde|247\/357 tox|[from] Grassy Terrain\n|-damage|p2a: Zygarde|181\/357 tox|[from] psn\n|upkeep\n|turn|16\n|choice|move hornleech|switch 2\n|\n|switch|p2a: Kartana|Kartana|183\/259\n|-damage|p2a: Kartana|167\/259|[from] Stealth Rock\n|move|p1a: Lonlon Ranch|Horn Leech|p2a: Kartana\n|-resisted|p2a: Kartana\n|-damage|p2a: Kartana|130\/259\n|-heal|p1a: Lonlon Ranch|49\/282|[from] drain|[of] p2a: Kartana\n|\n|-heal|p2a: Kartana|146\/259|[from] Grassy Terrain\n|-heal|p1a: Lonlon Ranch|66\/282|[from] Grassy Terrain\n|upkeep\n|turn|17\n|choice|move hornleech|move leafblade\n|\n|move|p2a: Kartana|Leaf Blade|p1a: Lonlon Ranch\n|-resisted|p1a: Lonlon Ranch\n|-damage|p1a: Lonlon Ranch|0 fnt\n|faint|p1a: Lonlon Ranch\n|-ability|p2a: Kartana|Beast Boost|boost\n|-boost|p2a: Kartana|atk|1\n|\n|-heal|p2a: Kartana|162\/259|[from] Grassy Terrain\n|upkeep\n|choice|switch 2|\n|\n|switch|p1a: Miss Marshmallow|Mawile, F|264\/264\n|-damage|p1a: Miss Marshmallow|248\/264|[from] Stealth Rock\n|turn|18\n|choice|move swordsdance mega|move leafblade\n|\n|detailschange|p1a: Miss Marshmallow|Mawile-Mega, F\n|-mega|p1a: Miss Marshmallow|Mawile|Mawilite\n|move|p2a: Kartana|Leaf Blade|p1a: Miss Marshmallow\n|-resisted|p1a: Miss Marshmallow\n|-damage|p1a: Miss Marshmallow|74\/264\n|move|p1a: Miss Marshmallow|Swords Dance|p1a: Miss Marshmallow\n|-boost|p1a: Miss Marshmallow|atk|2\n|\n|-heal|p2a: Kartana|178\/259|[from] Grassy Terrain\n|-heal|p1a: Miss Marshmallow|90\/264|[from] Grassy Terrain\n|upkeep\n|turn|19\n|choice|move knockoff|switch 3\n|\n|switch|p2a: Landorus|Landorus-Therian, M|256\/381\n|-damage|p2a: Landorus|209\/381|[from] Stealth Rock\n|-ability|p2a: Landorus|Intimidate|boost\n|-unboost|p1a: Miss Marshmallow|atk|1\n|move|p1a: Miss Marshmallow|Knock Off|p2a: Landorus\n|-damage|p2a: Landorus|0 fnt\n|-damage|p1a: Miss Marshmallow|46\/264|[from] item: Rocky Helmet|[of] p2a: Landorus\n|-enditem|p2a: Landorus|Rocky Helmet|[from] move: Knock Off|[of] p1a: Miss Marshmallow\n|faint|p2a: Landorus\n|\n|-heal|p1a: Miss Marshmallow|62\/264|[from] Grassy Terrain\n|-fieldend|move: Grassy Terrain\n|upkeep\n|choice||switch 4\n|\n|switch|p2a: Greninja|Greninja, M|285\/285\n|-damage|p2a: Greninja|250\/285|[from] Stealth Rock\n|turn|20\n|choice|switch 3|move watershuriken\n|\n|switch|p1a: Meow Meow|Landorus-Therian, M|86\/382\n|-damage|p1a: Meow Meow|39\/382|[from] Stealth Rock\n|-ability|p1a: Meow Meow|Intimidate|boost\n|-unboost|p2a: Greninja|atk|1\n|move|p2a: Greninja|Water Shuriken|p1a: Meow Meow\n|-supereffective|p1a: Meow Meow\n|-damage|p1a: Meow Meow|0 fnt\n|-hitcount|p1a: Meow Meow|1\n|faint|p1a: Meow Meow\n|-activate|p2a: Greninja|ability: Battle Bond\n|detailschange|p2a: Greninja|Greninja-Ash, M\n|\n|upkeep\n|choice|switch 4|\n|\n|switch|p1a: Zygod|Zygarde|365\/365\n|-damage|p1a: Zygod|343\/365|[from] Stealth Rock\n|-ability|p1a: Zygod|Aura Break\n|turn|21\n|choice|move dragondance|switch 2\n|\n|switch|p2a: Zygarde|Zygarde|181\/357 tox\n|-damage|p2a: Zygarde|159\/357 tox|[from] Stealth Rock\n|-ability|p2a: Zygarde|Aura Break\n|move|p1a: Zygod|Dragon Dance|p1a: Zygod\n|-boost|p1a: Zygod|atk|1\n|-boost|p1a: Zygod|spe|1\n|\n|-damage|p2a: Zygarde|137\/357 tox|[from] psn\n|upkeep\n|turn|22\n|choice|move thousandarrows|move extremespeed\n|\n|move|p2a: Zygarde|Extreme Speed|p1a: Zygod\n|-damage|p1a: Zygod|233\/365\n|move|p1a: Zygod|Thousand Arrows|p2a: Zygarde\n|-damage|p2a: Zygarde|0 fnt\n|faint|p2a: Zygarde\n|\n|upkeep\n|choice||switch 6\n|\n|switch|p2a: Manectric|Manectric, M|263\/281\n|-damage|p2a: Manectric|228\/281|[from] Stealth Rock\n|turn|23\n|choice|move thousandarrows|move hiddenpower mega\n|\n|detailschange|p2a: Manectric|Manectric-Mega, M\n|-mega|p2a: Manectric|Manectric|Manectite\n|-ability|p2a: Manectric|Intimidate|boost\n|-unboost|p1a: Zygod|atk|1\n|move|p1a: Zygod|Thousand Arrows|p2a: Manectric\n|-supereffective|p2a: Manectric\n|-damage|p2a: Manectric|0 fnt\n|faint|p2a: Manectric\n|\n|upkeep\n|choice||switch 5\n|\n|switch|p2a: Magearna|Magearna|363\/363\n|-damage|p2a: Magearna|341\/363|[from] Stealth Rock\n|turn|24\n|choice|move dragondance|move fleurcannon\n|\n|move|p1a: Zygod|Dragon Dance|p1a: Zygod\n|-boost|p1a: Zygod|atk|1\n|-boost|p1a: Zygod|spe|1\n|move|p2a: Magearna|Fleur Cannon|p1a: Zygod\n|-supereffective|p1a: Zygod\n|-damage|p1a: Zygod|0 fnt\n|-unboost|p2a: Magearna|spa|2\n|faint|p1a: Zygod\n|-ability|p2a: Magearna|Soul-Heart|boost\n|-boost|p2a: Magearna|spa|1\n|\n|upkeep\n|choice|switch 5|\n|\n|switch|p1a: Merupi|Heatran, F|174\/385\n|-damage|p1a: Merupi|126\/385|[from] Stealth Rock\n|turn|25\n|c|\u2606Candice|gg\n|c|\u2606autumn leaves|gg\n|choice|move substitute|move voltswitch\n|\n|move|p1a: Merupi|Substitute|p1a: Merupi\n|-start|p1a: Merupi|Substitute\n|-damage|p1a: Merupi|30\/385\n|move|p2a: Magearna|Volt Switch|p1a: Merupi\n|-activate|p1a: Merupi|move: Substitute|[damage]\n|choice||switch 3\n|\n|switch|p2a: Kartana|Kartana|178\/259\n|-damage|p2a: Kartana|162\/259|[from] Stealth Rock\n|\n|-heal|p1a: Merupi|54\/385|[from] item: Leftovers\n|upkeep\n|turn|26\n|choice|move magmastorm|move sacredsword\n|\n|move|p2a: Kartana|Sacred Sword|p1a: Merupi\n|-supereffective|p1a: Merupi\n|-end|p1a: Merupi|Substitute\n|move|p1a: Merupi|Magma Storm|p2a: Kartana\n|-supereffective|p2a: Kartana\n|-damage|p2a: Kartana|0 fnt\n|faint|p2a: Kartana\n|\n|-heal|p1a: Merupi|78\/385|[from] item: Leftovers\n|upkeep\n|J|don't reply\n|choice||switch 2\n|\n|switch|p2a: Greninja|Greninja-Ash, M|250\/285\n|-damage|p2a: Greninja|215\/285|[from] Stealth Rock\n|turn|27\n|choice|move magmastorm|move watershuriken\n|\n|move|p2a: Greninja|Water Shuriken|p1a: Merupi\n|-supereffective|p1a: Merupi\n|-damage|p1a: Merupi|0 fnt\n|-hitcount|p1a: Merupi|1\n|faint|p1a: Merupi\n|\n|upkeep\n|choice|switch 3|\n|\n|switch|p1a: Miss Marshmallow|Mawile-Mega, F|62\/264\n|-damage|p1a: Miss Marshmallow|46\/264|[from] Stealth Rock\n|turn|28\n|choice|move playrough|move watershuriken\n|\n|move|p2a: Greninja|Water Shuriken|p1a: Miss Marshmallow\n|-damage|p1a: Miss Marshmallow|0 fnt\n|-hitcount|p1a: Miss Marshmallow|1\n|faint|p1a: Miss Marshmallow\n|\n|win|autumn leaves","inputlog":null,"uploadtime":1498377135,"views":74,"p1id":"candice","p2id":"autumnleaves","formatid":"gen7ou","rating":0,"private":0,"password":null}