{"id":"smogtours-gen3ou-56583","p1":"Pokebasket","p2":"Alf","format":"gen3ou","log":"|inactive|Battle timer is ON: inactive players will automatically lose when time's up.\n|J|Pokebasket\n|J|Alf\n|player|p1|Pokebasket|278\n|player|p2|Alf|44\n|gametype|singles\n|gen|3\n|tier|[Gen 3] OU\n|rule|Sleep Clause Mod: Limit one foe put to sleep\n|rule|Species Clause: Limit one of each Pok\u00e9mon\n|rule|OHKO Clause: OHKO moves are banned\n|rule|Moody Clause: Moody is banned\n|rule|Evasion Moves Clause: Evasion moves are banned\n|rule|Endless Battle Clause: Forcing endless battles is banned\n|rule|HP Percentage Mod: HP is shown in percentages\n|\n|start\n|switch|p1a: Hill|Salamence, M|331\/331\n|switch|p2a: Salamence|Salamence, M|331\/331\n|-ability|p1a: Hill|Intimidate|[of] p2a: Salamence\n|-unboost|p2a: Salamence|atk|1\n|-ability|p2a: Salamence|Intimidate|[of] p1a: Hill\n|-unboost|p1a: Hill|atk|1\n|turn|1\n|J|Da Raikage\n|J|IZANAGI-N0-0KAMI\n|J|Tesung\n|J|Malekith\n|\n|switch|p1a: Lutra|Milotic, F|394\/394\n|move|p2a: Salamence|Dragon Claw|p1a: Lutra\n|-damage|p1a: Lutra|267\/394\n|\n|-heal|p1a: Lutra|291\/394|[from] item: Leftovers\n|turn|2\n|\n|switch|p2a: Snorlax|Snorlax, M|497\/497\n|move|p1a: Lutra|Recover|p1a: Lutra\n|-heal|p1a: Lutra|394\/394\n|\n|turn|3\n|\n|switch|p1a: Conflict|Skarmory, F|334\/334\n|move|p2a: Snorlax|Body Slam|p1a: Conflict\n|-resisted|p1a: Conflict\n|-damage|p1a: Conflict|283\/334\n|\n|-heal|p1a: Conflict|303\/334|[from] item: Leftovers\n|turn|4\n|\n|switch|p2a: Salamence|Salamence, M|331\/331\n|-ability|p2a: Salamence|Intimidate|[of] p1a: Conflict\n|-unboost|p1a: Conflict|atk|1\n|move|p1a: Conflict|Spikes|p2a: Salamence\n|-sidestart|p2: Alf|Spikes\n|\n|-heal|p1a: Conflict|323\/334|[from] item: Leftovers\n|turn|5\n|J|Sken\n|\n|switch|p1a: Lutra|Milotic, F|394\/394\n|move|p2a: Salamence|Dragon Claw|p1a: Lutra\n|-crit|p1a: Lutra\n|-damage|p1a: Lutra|151\/394\n|\n|-heal|p1a: Lutra|175\/394|[from] item: Leftovers\n|turn|6\n|\n|switch|p2a: Snorlax|Snorlax, M|497\/497\n|-damage|p2a: Snorlax|435\/497|[from] Spikes\n|move|p1a: Lutra|Recover|p1a: Lutra\n|-heal|p1a: Lutra|372\/394\n|\n|-heal|p1a: Lutra|394\/394|[from] item: Leftovers\n|-heal|p2a: Snorlax|466\/497|[from] item: Leftovers\n|turn|7\n|\n|switch|p1a: Conflict|Skarmory, F|323\/334\n|move|p2a: Snorlax|Curse|p2a: Snorlax\n|-boost|p2a: Snorlax|atk|1\n|-boost|p2a: Snorlax|def|1\n|-unboost|p2a: Snorlax|spe|1\n|\n|-heal|p1a: Conflict|334\/334|[from] item: Leftovers\n|-heal|p2a: Snorlax|497\/497|[from] item: Leftovers\n|turn|8\n|J|Jirachee\n|\n|move|p1a: Conflict|Spikes|p2a: Snorlax\n|-sidestart|p2: Alf|Spikes\n|move|p2a: Snorlax|Self-Destruct|p1a: Conflict\n|-resisted|p1a: Conflict\n|-damage|p1a: Conflict|28\/334\n|faint|p2a: Snorlax\n|L|Jirachee\n|\n|switch|p2a: Swampert|Swampert, M|341\/341\n|-damage|p2a: Swampert|285\/341|[from] Spikes\n|\n|-heal|p1a: Conflict|48\/334|[from] item: Leftovers\n|turn|9\n|J|avaawa\n|\n|move|p1a: Conflict|Spikes|p2a: Swampert\n|-sidestart|p2: Alf|Spikes\n|move|p2a: Swampert|Ice Beam|p1a: Conflict\n|-damage|p1a: Conflict|0 fnt\n|faint|p1a: Conflict\n|\n|switch|p1a: Lutra|Milotic, F|394\/394\n|\n|turn|10\n|\n|switch|p2a: Salamence|Salamence, M|331\/331\n|-ability|p2a: Salamence|Intimidate|[of] p1a: Lutra\n|-unboost|p1a: Lutra|atk|1\n|move|p1a: Lutra|Surf|p2a: Salamence\n|-resisted|p2a: Salamence\n|-damage|p2a: Salamence|253\/331\n|\n|turn|11\n|\n|switch|p2a: Metagross|Metagross|347\/347\n|-damage|p2a: Metagross|261\/347|[from] Spikes\n|move|p1a: Lutra|Ice Beam|p2a: Metagross\n|-resisted|p2a: Metagross\n|-damage|p2a: Metagross|220\/347\n|\n|-heal|p2a: Metagross|241\/347|[from] item: Leftovers\n|turn|12\n|\n|switch|p1a: Hill|Salamence, M|331\/331\n|-ability|p1a: Hill|Intimidate|[of] p2a: Metagross\n|-fail|p2a: Metagross|unboost|[from] ability: Clear Body|[of] p2a: Metagross\n|move|p2a: Metagross|Psychic|p1a: Hill\n|-damage|p1a: Hill|163\/331\n|\n|-heal|p1a: Hill|183\/331|[from] item: Leftovers\n|-heal|p2a: Metagross|262\/347|[from] item: Leftovers\n|turn|13\n|\n|switch|p2a: Salamence|Salamence, M|253\/331\n|-ability|p2a: Salamence|Intimidate|[of] p1a: Hill\n|-unboost|p1a: Hill|atk|1\n|move|p1a: Hill|Fire Blast|p2a: Salamence\n|-resisted|p2a: Salamence\n|-damage|p2a: Salamence|158\/331\n|\n|-heal|p1a: Hill|203\/331|[from] item: Leftovers\n|turn|14\n|\n|switch|p1a: Lutra|Milotic, F|394\/394\n|move|p2a: Salamence|Dragon Claw|p1a: Lutra\n|-damage|p1a: Lutra|280\/394\n|\n|-heal|p1a: Lutra|304\/394|[from] item: Leftovers\n|turn|15\n|\n|move|p2a: Salamence|Hidden Power|p1a: Lutra\n|-supereffective|p1a: Lutra\n|-damage|p1a: Lutra|182\/394\n|move|p1a: Lutra|Recover|p1a: Lutra\n|-heal|p1a: Lutra|379\/394\n|\n|-heal|p1a: Lutra|394\/394|[from] item: Leftovers\n|turn|16\n|\n|switch|p2a: Tyranitar|Tyranitar, M|345\/345\n|-damage|p2a: Tyranitar|259\/345|[from] Spikes\n|-weather|Sandstorm|[from] ability: Sand Stream|[of] p2a: Tyranitar\n|move|p1a: Lutra|Surf|p2a: Tyranitar\n|-supereffective|p2a: Tyranitar\n|-damage|p2a: Tyranitar|47\/345\n|\n|-weather|Sandstorm|[upkeep]\n|-damage|p1a: Lutra|370\/394|[from] sandstorm\n|-heal|p2a: Tyranitar|68\/345|[from] item: Leftovers\n|-heal|p1a: Lutra|394\/394|[from] item: Leftovers\n|turn|17\n|\n|move|p2a: Tyranitar|Rock Slide|p1a: Lutra\n|-damage|p1a: Lutra|262\/394\n|move|p1a: Lutra|Surf|p2a: Tyranitar\n|-supereffective|p2a: Tyranitar\n|-damage|p2a: Tyranitar|0 fnt\n|faint|p2a: Tyranitar\n|\n|switch|p2a: Metagross|Metagross|262\/347\n|-damage|p2a: Metagross|176\/347|[from] Spikes\n|\n|-weather|Sandstorm|[upkeep]\n|-damage|p1a: Lutra|238\/394|[from] sandstorm\n|-heal|p1a: Lutra|262\/394|[from] item: Leftovers\n|-heal|p2a: Metagross|197\/347|[from] item: Leftovers\n|turn|18\n|\n|switch|p1a: Reik|Raikou|322\/322\n|move|p2a: Metagross|Explosion|p1a: Reik\n|-damage|p1a: Reik|0 fnt\n|faint|p2a: Metagross\n|faint|p1a: Reik\n|\n|switch|p2a: Aerodactyl|Aerodactyl, F|300\/300\n|switch|p1a: Lutra|Milotic, F|262\/394\n|\n|-weather|Sandstorm|[upkeep]\n|-damage|p1a: Lutra|238\/394|[from] sandstorm\n|-heal|p1a: Lutra|262\/394|[from] item: Leftovers\n|turn|19\n|\n|move|p2a: Aerodactyl|Rock Slide|p1a: Lutra\n|-miss|p2a: Aerodactyl|p1a: Lutra\n|move|p1a: Lutra|Recover|p1a: Lutra\n|-heal|p1a: Lutra|394\/394\n|\n|-weather|Sandstorm|[upkeep]\n|-damage|p1a: Lutra|370\/394|[from] sandstorm\n|-heal|p1a: Lutra|394\/394|[from] item: Leftovers\n|turn|20\n|\n|move|p2a: Aerodactyl|Rock Slide|p1a: Lutra\n|-damage|p1a: Lutra|240\/394\n|cant|p1a: Lutra|flinch\n|\n|-weather|Sandstorm|[upkeep]\n|-damage|p1a: Lutra|216\/394|[from] sandstorm\n|-heal|p1a: Lutra|240\/394|[from] item: Leftovers\n|turn|21\n|\n|move|p2a: Aerodactyl|Rock Slide|p1a: Lutra\n|-damage|p1a: Lutra|96\/394\n|cant|p1a: Lutra|flinch\n|\n|-weather|Sandstorm|[upkeep]\n|-damage|p1a: Lutra|72\/394|[from] sandstorm\n|-heal|p1a: Lutra|96\/394|[from] item: Leftovers\n|turn|22\n|c|\u2605Pokebasket|ah\n|c|\u2605Pokebasket|xD\n|J|Cat B1ack\n|\n|switch|p1a: Hill|Salamence, M|203\/331\n|-ability|p1a: Hill|Intimidate|[of] p2a: Aerodactyl\n|-unboost|p2a: Aerodactyl|atk|1\n|move|p2a: Aerodactyl|Rock Slide|p1a: Hill\n|-supereffective|p1a: Hill\n|-damage|p1a: Hill|0 fnt\n|faint|p1a: Hill\n|\n|switch|p1a: PROBLEMS|Tyranitar, M|345\/345\n|\n|-weather|Sandstorm|[upkeep]\n|turn|23\n|\n|switch|p2a: Salamence|Salamence, M|158\/331\n|-ability|p2a: Salamence|Intimidate|[of] p1a: PROBLEMS\n|-unboost|p1a: PROBLEMS|atk|1\n|move|p1a: PROBLEMS|Dragon Dance|p1a: PROBLEMS\n|-boost|p1a: PROBLEMS|atk|1\n|-boost|p1a: PROBLEMS|spe|1\n|\n|-weather|Sandstorm|[upkeep]\n|-damage|p2a: Salamence|138\/331|[from] sandstorm\n|turn|24\n|\n|move|p1a: PROBLEMS|Rock Slide|p2a: Salamence\n|-supereffective|p2a: Salamence\n|-damage|p2a: Salamence|0 fnt\n|faint|p2a: Salamence\n|\n|switch|p2a: Swampert|Swampert, M|285\/341\n|-damage|p2a: Swampert|200\/341|[from] Spikes\n|\n|-weather|Sandstorm|[upkeep]\n|turn|25\n|\n|move|p1a: PROBLEMS|Dragon Dance|p1a: PROBLEMS\n|-boost|p1a: PROBLEMS|atk|1\n|-boost|p1a: PROBLEMS|spe|1\n|move|p2a: Swampert|Surf|p1a: PROBLEMS\n|-supereffective|p1a: PROBLEMS\n|-damage|p1a: PROBLEMS|79\/345\n|\n|-weather|Sandstorm|[upkeep]\n|-heal|p1a: PROBLEMS|100\/345|[from] item: Leftovers\n|turn|26\n|\n|move|p1a: PROBLEMS|Earthquake|p2a: Swampert\n|-damage|p2a: Swampert|0 fnt\n|faint|p2a: Swampert\n|\n|switch|p2a: Aerodactyl|Aerodactyl, F|300\/300\n|\n|-weather|Sandstorm|[upkeep]\n|-heal|p1a: PROBLEMS|121\/345|[from] item: Leftovers\n|turn|27\n|\n|move|p1a: PROBLEMS|Rock Slide|p2a: Aerodactyl\n|-supereffective|p2a: Aerodactyl\n|-damage|p2a: Aerodactyl|0 fnt\n|faint|p2a: Aerodactyl\n|\n|win|Pokebasket","inputlog":null,"uploadtime":1430604786,"views":829,"p1id":"pokebasket","p2id":"alf","formatid":"gen3ou","rating":0,"private":0,"password":null}