{"id":"smogtours-gen8bdsplc-623780","p1":"Lokifan","p2":"Laroxyl","format":"gen8bdsplc","log":"|inactive|Battle timer is ON: inactive players will automatically lose when time's up.\n|t:|1651605090\n|gametype|singles\n|player|p1|Lokifan|#stt4toxicboys|\n|player|p2|Laroxyl|#scl1spartans|\n|teamsize|p1|6\n|teamsize|p2|6\n|gen|8\n|tier|[Gen 8 BDSP] LC\n|rule|Sleep Clause Mod: Limit one foe put to sleep\n|rule|Species Clause: Limit one of each Pok\u00e9mon\n|rule|OHKO Clause: OHKO moves are banned\n|rule|Evasion Moves Clause: Evasion moves are banned\n|rule|Endless Battle Clause: Forcing endless battles is banned\n|rule|HP Percentage Mod: HP is shown in percentages\n|clearpoke\n|poke|p1|Anorith, L5, M|\n|poke|p1|Magby, L5, M|\n|poke|p1|Trapinch, L5, F|\n|poke|p1|Diglett, L5, F|\n|poke|p1|Croagunk, L5, M|\n|poke|p1|Munchlax, L5, M|\n|poke|p2|Diglett, L5, M|\n|poke|p2|Bellsprout, L5, M|\n|poke|p2|Oddish, L5, F|\n|poke|p2|Torchic, L5, F|\n|poke|p2|Drifloon, L5, M|\n|poke|p2|Riolu, L5, M|\n|teampreview\n|inactive|Laroxyl has 270 seconds left.\n|\n|t:|1651605125\n|start\n|switch|p1a: R|Anorith, L5, M|100\/100\n|switch|p2a: Diglett|Diglett, L5, M|100\/100\n|turn|1\n|\n|t:|1651605133\n|move|p2a: Diglett|Rock Slide|p1a: R\n|-supereffective|p1a: R\n|-damage|p1a: R|15\/100\n|-enditem|p1a: R|Berry Juice\n|-heal|p1a: R|100\/100|[from] item: Berry Juice\n|move|p1a: R|Rapid Spin|p2a: Diglett\n|-damage|p2a: Diglett|50\/100\n|-boost|p1a: R|spe|1\n|\n|upkeep\n|turn|2\n|\n|t:|1651605157\n|move|p1a: R|Knock Off|p2a: Diglett\n|-damage|p2a: Diglett|0 fnt\n|-enditem|p2a: Diglett|Focus Sash|[from] move: Knock Off|[of] p1a: R\n|faint|p2a: Diglett\n|\n|upkeep\n|inactive|Laroxyl has 270 seconds left.\n|\n|t:|1651605185\n|switch|p2a: Riolu|Riolu, L5, M|100\/100\n|turn|3\n|\n|t:|1651605194\n|move|p2a: Riolu|Sunny Day|p2a: Riolu\n|-weather|SunnyDay\n|move|p1a: R|Knock Off|p2a: Riolu\n|-resisted|p2a: Riolu\n|-damage|p2a: Riolu|67\/100\n|-enditem|p2a: Riolu|Heat Rock|[from] move: Knock Off|[of] p1a: R\n|\n|-weather|SunnyDay|[upkeep]\n|upkeep\n|turn|4\n|inactive|Laroxyl has 270 seconds left.\n|\n|t:|1651605204\n|move|p1a: R|Stealth Rock|p2a: Riolu\n|-sidestart|p2: Laroxyl|move: Stealth Rock\n|move|p2a: Riolu|Crunch|p1a: R\n|-damage|p1a: R|53\/100\n|-unboost|p1a: R|def|1\n|\n|-weather|SunnyDay|[upkeep]\n|upkeep\n|turn|5\n|inactive|Laroxyl has 270 seconds left.\n|\n|t:|1651605216\n|switch|p1a: O|Croagunk, L5, M|100\/100\n|move|p2a: Riolu|Copycat|p2a: Riolu\n|move|p2a: Riolu|Crunch|p1a: O|[from]move: Copycat\n|-resisted|p1a: O\n|-damage|p1a: O|82\/100\n|\n|-weather|SunnyDay|[upkeep]\n|-damage|p1a: O|73\/100|[from] ability: Dry Skin|[of] p1a: O\n|upkeep\n|turn|6\n|inactive|Laroxyl has 270 seconds left.\n|\n|t:|1651605228\n|switch|p2a: Drifloon|Drifloon, L5, M|100\/100\n|-damage|p2a: Drifloon|78\/100|[from] Stealth Rock\n|move|p1a: O|Shadow Ball|p2a: Drifloon\n|-supereffective|p2a: Drifloon\n|-damage|p2a: Drifloon|26\/100\n|-enditem|p2a: Drifloon|Berry Juice\n|-heal|p2a: Drifloon|100\/100|[from] item: Berry Juice\n|\n|-weather|SunnyDay|[upkeep]\n|-damage|p1a: O|64\/100|[from] ability: Dry Skin|[of] p1a: O\n|upkeep\n|turn|7\n|inactive|Laroxyl has 270 seconds left.\n|\n|t:|1651605244\n|switch|p1a: <3|Munchlax, L5, M|100\/100\n|move|p2a: Drifloon|Substitute|p2a: Drifloon\n|-start|p2a: Drifloon|Substitute\n|-damage|p2a: Drifloon|78\/100\n|\n|-weather|SunnyDay|[upkeep]\n|upkeep\n|turn|8\n|\n|t:|1651605251\n|move|p2a: Drifloon|Thief|p1a: <3\n|-damage|p1a: <3|87\/100\n|-enditem|p1a: <3|Berry Juice|[silent]|[from] move: Thief|[of] p2a: Drifloon\n|-item|p2a: Drifloon|Berry Juice|[from] move: Thief|[of] p1a: <3\n|move|p1a: <3|Bite|p2a: Drifloon\n|-supereffective|p2a: Drifloon\n|-end|p2a: Drifloon|Substitute\n|\n|-weather|SunnyDay|[upkeep]\n|upkeep\n|turn|9\n|\n|t:|1651605263\n|move|p2a: Drifloon|Substitute|p2a: Drifloon\n|-start|p2a: Drifloon|Substitute\n|-damage|p2a: Drifloon|56\/100\n|move|p1a: <3|Curse|p1a: <3\n|-unboost|p1a: <3|spe|1\n|-boost|p1a: <3|atk|1\n|-boost|p1a: <3|def|1\n|\n|-weather|SunnyDay|[upkeep]\n|upkeep\n|turn|10\n|\n|t:|1651605272\n|move|p2a: Drifloon|Thunderbolt|p1a: <3\n|-damage|p1a: <3|67\/100\n|move|p1a: <3|Bite|p2a: Drifloon\n|-supereffective|p2a: Drifloon\n|-end|p2a: Drifloon|Substitute\n|\n|-weather|none\n|upkeep\n|turn|11\n|c|+eu|lokifan, i am the bigger lokifan\n|inactive|Laroxyl has 270 seconds left.\n|inactive|Laroxyl disconnected and has 300 seconds to reconnect!\n|player|p2|\n|c|+Dunoks|LokiF4N\n|c|\u2606Lokifan|You can be the biggest lok fan but I'm the only real Lokifan\n|inactive|Laroxyl has 270 seconds to reconnect!\n|inactive|Laroxyl reconnected and has 260 seconds left.\n|player|p2|Laroxyl|#scl1spartans\n|\n|t:|1651605346\n|switch|p2a: Riolu|Riolu, L5, M|67\/100\n|-damage|p2a: Riolu|62\/100|[from] Stealth Rock\n|move|p1a: <3|Bite|p2a: Riolu\n|-resisted|p2a: Riolu\n|-damage|p2a: Riolu|39\/100\n|\n|upkeep\n|turn|12\n|inactive|Laroxyl has 240 seconds left.\n|\n|t:|1651605392\n|switch|p1a: O|Croagunk, L5, M|64\/100\n|move|p2a: Riolu|Sunny Day|p2a: Riolu\n|-weather|SunnyDay\n|\n|-weather|SunnyDay|[upkeep]\n|-damage|p1a: O|55\/100|[from] ability: Dry Skin|[of] p1a: O\n|upkeep\n|turn|13\n|inactive|Laroxyl has 210 seconds left.\n|\n|t:|1651605415\n|move|p2a: Riolu|Drain Punch|p1a: O\n|-resisted|p1a: O\n|-damage|p1a: O|28\/100\n|-heal|p2a: Riolu|53\/100|[from] drain|[of] p1a: O\n|-enditem|p1a: O|Berry Juice\n|-heal|p1a: O|100\/100|[from] item: Berry Juice\n|move|p1a: O|Nasty Plot|p1a: O\n|-boost|p1a: O|spa|2\n|\n|-weather|SunnyDay|[upkeep]\n|-damage|p1a: O|91\/100|[from] ability: Dry Skin|[of] p1a: O\n|upkeep\n|turn|14\n|inactive|Laroxyl has 210 seconds left.\n|\n|t:|1651605436\n|move|p1a: O|Vacuum Wave|p2a: Riolu\n|-damage|p2a: Riolu|0 fnt\n|faint|p2a: Riolu\n|\n|-weather|SunnyDay|[upkeep]\n|-damage|p1a: O|82\/100|[from] ability: Dry Skin|[of] p1a: O\n|upkeep\n|inactive|Laroxyl has 180 seconds left.\n|\n|t:|1651605477\n|switch|p2a: Drifloon|Drifloon, L5, M|56\/100\n|-damage|p2a: Drifloon|34\/100|[from] Stealth Rock\n|-enditem|p2a: Drifloon|Berry Juice\n|-heal|p2a: Drifloon|100\/100|[from] item: Berry Juice\n|turn|15\n|\n|t:|1651605490\n|move|p2a: Drifloon|Substitute|p2a: Drifloon\n|-start|p2a: Drifloon|Substitute\n|-damage|p2a: Drifloon|78\/100\n|move|p1a: O|Shadow Ball|p2a: Drifloon\n|-supereffective|p2a: Drifloon\n|-end|p2a: Drifloon|Substitute\n|\n|-weather|SunnyDay|[upkeep]\n|-damage|p1a: O|73\/100|[from] ability: Dry Skin|[of] p1a: O\n|upkeep\n|turn|16\n|\n|t:|1651605499\n|move|p2a: Drifloon|Shadow Ball|p1a: O\n|-damage|p1a: O|19\/100\n|move|p1a: O|Shadow Ball|p2a: Drifloon\n|-supereffective|p2a: Drifloon\n|-damage|p2a: Drifloon|0 fnt\n|faint|p2a: Drifloon\n|\n|-weather|none\n|upkeep\n|inactive|Laroxyl has 150 seconds left.\n|inactive|Laroxyl has 120 seconds left.\n|inactive|Laroxyl has 90 seconds left.\n|inactive|Laroxyl has 60 seconds left.\n|inactive|Laroxyl has 30 seconds left.\n|inactive|Laroxyl has 20 seconds left.\n|inactive|Laroxyl has 15 seconds left.\n|\n|t:|1651605656\n|switch|p2a: Torchic|Torchic, L5, F|100\/100\n|-damage|p2a: Torchic|77\/100|[from] Stealth Rock\n|turn|17\n|inactive|Laroxyl has 25 seconds left this turn.\n|c|\u2606Lokifan|timer\n|inactive|Laroxyl has 20 seconds left.\n|\n|t:|1651605662\n|move|p2a: Torchic|Protect|p2a: Torchic\n|-singleturn|p2a: Torchic|Protect\n|move|p1a: O|Vacuum Wave|p2a: Torchic\n|-activate|p2a: Torchic|move: Protect\n|\n|-ability|p2a: Torchic|Speed Boost|boost\n|-boost|p2a: Torchic|spe|1\n|upkeep\n|turn|18\n|inactive|Laroxyl has 30 seconds left this turn.\n|\n|t:|1651605670\n|move|p1a: O|Vacuum Wave|p2a: Torchic\n|-damage|p2a: Torchic|15\/100\n|-enditem|p2a: Torchic|Berry Juice\n|-heal|p2a: Torchic|100\/100|[from] item: Berry Juice\n|move|p2a: Torchic|Flare Blitz|p1a: O\n|-damage|p1a: O|0 fnt\n|faint|p1a: O\n|-damage|p2a: Torchic|96\/100|[from] Recoil\n|\n|-ability|p2a: Torchic|Speed Boost|boost\n|-boost|p2a: Torchic|spe|1\n|upkeep\n|inactive|Laroxyl has 30 seconds left this turn.\n|\n|t:|1651605678\n|switch|p1a: I|Diglett, L5, F|100\/100\n|turn|19\n|inactive|Laroxyl has 30 seconds left.\n|\n|t:|1651605696\n|move|p2a: Torchic|Protect|p2a: Torchic\n|-singleturn|p2a: Torchic|Protect\n|move|p1a: I|Earthquake|p2a: Torchic\n|-activate|p2a: Torchic|move: Protect\n|\n|-ability|p2a: Torchic|Speed Boost|boost\n|-boost|p2a: Torchic|spe|1\n|upkeep\n|turn|20\n|inactive|Laroxyl has 30 seconds left.\n|\n|t:|1651605702\n|move|p2a: Torchic|Flare Blitz|p1a: I\n|-enditem|p1a: I|Focus Sash\n|-damage|p1a: I|6\/100\n|-damage|p2a: Torchic|67\/100|[from] Recoil\n|move|p1a: I|Earthquake|p2a: Torchic\n|-supereffective|p2a: Torchic\n|-damage|p2a: Torchic|0 fnt\n|faint|p2a: Torchic\n|\n|upkeep\n|inactive|Laroxyl has 30 seconds left.\n|inactive|Laroxyl has 20 seconds left.\n|\n|t:|1651605718\n|switch|p2a: Oddish|Oddish, L5, F|100\/100\n|-damage|p2a: Oddish|91\/100|[from] Stealth Rock\n|turn|21\n|inactive|Laroxyl has 30 seconds left this turn.\n|\n|t:|1651605722\n|move|p1a: I|Memento|p2a: Oddish\n|-unboost|p2a: Oddish|atk|2\n|-unboost|p2a: Oddish|spa|2\n|faint|p1a: I\n|move|p2a: Oddish|Giga Drain|p1: I|[notarget]\n|-fail|p2a: Oddish\n|\n|upkeep\n|\n|t:|1651605729\n|switch|p1a: A|Magby, L5, M|100\/100\n|turn|22\n|inactive|Laroxyl has 30 seconds left.\n|inactive|Lokifan has 270 seconds left.\n|\n|t:|1651605784\n|move|p1a: A|Belly Drum|p1a: A\n|-damage|p1a: A|50\/100\n|-setboost|p1a: A|atk|6|[from] move: Belly Drum\n|-enditem|p1a: A|Berry Juice\n|-heal|p1a: A|100\/100|[from] item: Berry Juice\n|move|p2a: Oddish|Sleep Powder|p1a: A\n|-status|p1a: A|slp|[from] move: Sleep Powder\n|\n|upkeep\n|turn|23\n|inactive|Laroxyl has 30 seconds left.\n|inactive|Laroxyl has 20 seconds left.\n|inactive|Laroxyl has 15 seconds left.\n|\n|t:|1651605809\n|cant|p1a: A|slp\n|move|p2a: Oddish|Growth|p2a: Oddish\n|-boost|p2a: Oddish|atk|1\n|-boost|p2a: Oddish|spa|1\n|\n|upkeep\n|turn|24\n|inactive|Laroxyl has 25 seconds left this turn.\n|\n|t:|1651605815\n|cant|p1a: A|slp\n|move|p2a: Oddish|Growth|p2a: Oddish\n|-boost|p2a: Oddish|atk|1\n|-boost|p2a: Oddish|spa|1\n|\n|upkeep\n|turn|25\n|\n|t:|1651605816\n|-curestatus|p1a: A|slp|[msg]\n|move|p1a: A|Fire Punch|p2a: Oddish\n|-supereffective|p2a: Oddish\n|-damage|p2a: Oddish|0 fnt\n|faint|p2a: Oddish\n|\n|upkeep\n|\n|t:|1651605818\n|switch|p2a: Bellsprout|Bellsprout, L5, M|100\/100\n|-damage|p2a: Bellsprout|91\/100|[from] Stealth Rock\n|turn|26\n|c|\u2606Lokifan|gg\n|c|\u2606Laroxyl|gg\n|-message|Laroxyl forfeited.\n|\n|win|Lokifan\n","uploadtime":1651605826,"views":807,"p1id":"lokifan","p2id":"laroxyl","formatid":"gen8bdsplc","rating":0,"private":0,"password":null}