{"id":"smogtours-gen7zu-660126","p1":"pinorska","p2":"ayevon","format":"gen7zu","log":"|inactive|Battle timer is ON: inactive players will automatically lose when time's up.\n|t:|1667780859\n|gametype|singles\n|player|p1|pinorska|jasmine-masters|\n|player|p2|ayevon|265|\n|teamsize|p1|6\n|teamsize|p2|6\n|gen|7\n|tier|[Gen 7] ZU\n|rule|Sleep Clause Mod: Limit one foe put to sleep\n|rule|Species Clause: Limit one of each Pok\u00e9mon\n|rule|OHKO Clause: OHKO moves are banned\n|rule|Moody Clause: Moody is banned\n|rule|Evasion Items Clause: Evasion items are banned\n|rule|Evasion Moves Clause: Evasion moves are banned\n|rule|Endless Battle Clause: Forcing endless battles is banned\n|rule|HP Percentage Mod: HP is shown in percentages\n|clearpoke\n|poke|p1|Simisage, F|item\n|poke|p1|Komala, M|item\n|poke|p1|Furfrou, M|item\n|poke|p1|Crustle, F|item\n|poke|p1|Swanna, M|item\n|poke|p1|Golem, M|item\n|poke|p2|Silvally-*|item\n|poke|p2|Combusken, F|item\n|poke|p2|Golem, F|item\n|poke|p2|Toucannon, F|item\n|poke|p2|Simisage, F|item\n|poke|p2|Muk, M|item\n|teampreview\n|inactive|pinorska also wants the timer to be on.\n|inactive|ayevon also wants the timer to be on.\n|c|\u2606pinorska|not him\n|\n|t:|1667780881\n|start\n|switch|p1a: Furfrou|Furfrou, M|100\/100\n|switch|p2a: Silvally|Silvally-Water|100\/100\n|turn|1\n|\n|t:|1667780892\n|move|p1a: Furfrou|U-turn|p2a: Silvally\n|-damage|p2a: Silvally|81\/100\n|\n|t:|1667780897\n|switch|p1a: Simisage|Simisage, F|100\/100|[from]move: U-turn\n|move|p2a: Silvally|U-turn|p1a: Simisage\n|-supereffective|p1a: Simisage\n|-damage|p1a: Simisage|47\/100\n|\n|t:|1667780901\n|switch|p2a: Toucannon|Toucannon, F|100\/100|[from]move: U-turn\n|\n|upkeep\n|turn|2\n|\n|t:|1667780909\n|switch|p1a: Furfrou|Furfrou, M|100\/100\n|move|p2a: Toucannon|U-turn|p1a: Furfrou\n|-damage|p1a: Furfrou|80\/100\n|\n|t:|1667780912\n|switch|p2a: Golem|Golem, F|100\/100|[from]move: U-turn\n|\n|upkeep\n|turn|3\n|\n|t:|1667780915\n|move|p1a: Furfrou|Surf|p2a: Golem\n|-supereffective|p2a: Golem\n|-damage|p2a: Golem|29\/100\n|move|p2a: Golem|Stealth Rock|p1a: Furfrou\n|-sidestart|p1: pinorska|move: Stealth Rock\n|\n|-heal|p2a: Golem|35\/100|[from] item: Leftovers\n|upkeep\n|turn|4\n|\n|t:|1667780927\n|switch|p1a: Komala|Komala, M|100\/100\n|-damage|p1a: Komala|88\/100|[from] Stealth Rock\n|-ability|p1a: Komala|Comatose\n|switch|p2a: Simisage|Simisage, F|100\/100\n|\n|upkeep\n|turn|5\n|\n|t:|1667780934\n|switch|p2a: Muk|Muk, M|100\/100\n|move|p1a: Komala|Rapid Spin|p2a: Muk\n|-damage|p2a: Muk|92\/100\n|-sideend|p1: pinorska|Stealth Rock|[from] move: Rapid Spin|[of] p1a: Komala\n|\n|-heal|p2a: Muk|98\/100|[from] item: Leftovers\n|upkeep\n|turn|6\n|\n|t:|1667780940\n|move|p1a: Komala|Return|p2a: Muk\n|-damage|p2a: Muk|56\/100\n|move|p2a: Muk|Gunk Shot|p1a: Komala|[miss]\n|-miss|p2a: Muk|p1a: Komala\n|\n|-heal|p2a: Muk|62\/100|[from] item: Leftovers\n|upkeep\n|turn|7\n|\n|t:|1667780944\n|move|p1a: Komala|U-turn|p2a: Muk\n|-resisted|p2a: Muk\n|-damage|p2a: Muk|52\/100\n|\n|t:|1667780946\n|switch|p1a: Golem|Golem, M|100\/100|[from]move: U-turn\n|move|p2a: Muk|Gunk Shot|p1a: Golem\n|-resisted|p1a: Golem\n|-damage|p1a: Golem|94\/100\n|\n|-heal|p2a: Muk|58\/100|[from] item: Leftovers\n|-heal|p1a: Golem|99\/100|[from] item: Leftovers\n|upkeep\n|turn|8\n|\n|t:|1667780954\n|move|p2a: Muk|Giga Drain|p1a: Golem\n|-supereffective|p1a: Golem\n|-damage|p1a: Golem|40\/100\n|-heal|p2a: Muk|85\/100|[from] drain|[of] p1a: Golem\n|move|p1a: Golem|Earthquake|p2a: Muk\n|-supereffective|p2a: Muk\n|-damage|p2a: Muk|5\/100\n|\n|-heal|p2a: Muk|11\/100|[from] item: Leftovers\n|-heal|p1a: Golem|46\/100|[from] item: Leftovers\n|upkeep\n|turn|9\n|\n|t:|1667780959\n|switch|p1a: Komala|Komala, M|88\/100\n|-ability|p1a: Komala|Comatose\n|move|p2a: Muk|Gunk Shot|p1a: Komala\n|-damage|p1a: Komala|13\/100\n|-enditem|p1a: Komala|Figy Berry|[eat]\n|-heal|p1a: Komala|63\/100|[from] item: Figy Berry\n|\n|-heal|p2a: Muk|17\/100|[from] item: Leftovers\n|upkeep\n|turn|10\n|\n|t:|1667780965\n|switch|p2a: Golem|Golem, F|35\/100\n|move|p1a: Komala|Return|p2a: Golem\n|-resisted|p2a: Golem\n|-damage|p2a: Golem|24\/100\n|\n|-heal|p2a: Golem|30\/100|[from] item: Leftovers\n|upkeep\n|turn|11\n|\n|t:|1667780968\n|move|p1a: Komala|Knock Off|p2a: Golem\n|-damage|p2a: Golem|17\/100\n|-enditem|p2a: Golem|Leftovers|[from] move: Knock Off|[of] p1a: Komala\n|move|p2a: Golem|Stealth Rock|p1a: Komala\n|-sidestart|p1: pinorska|move: Stealth Rock\n|\n|upkeep\n|turn|12\n|\n|t:|1667780973\n|move|p1a: Komala|Rapid Spin|p2a: Golem\n|-resisted|p2a: Golem\n|-damage|p2a: Golem|15\/100\n|-sideend|p1: pinorska|Stealth Rock|[from] move: Rapid Spin|[of] p1a: Komala\n|move|p2a: Golem|Earthquake|p1a: Komala\n|-damage|p1a: Komala|1\/100\n|\n|upkeep\n|turn|13\n|\n|t:|1667780981\n|move|p1a: Komala|Return|p2a: Golem\n|-resisted|p2a: Golem\n|-damage|p2a: Golem|4\/100\n|move|p2a: Golem|Stealth Rock|p1a: Komala\n|-sidestart|p1: pinorska|move: Stealth Rock\n|\n|upkeep\n|turn|14\n|\n|t:|1667780984\n|move|p2a: Golem|Sucker Punch|p1a: Komala\n|-damage|p1a: Komala|0 fnt\n|faint|p1a: Komala\n|\n|upkeep\n|c|\u2606pinorska|countere teamed\n|\n|t:|1667780991\n|switch|p1a: Golem|Golem, M|46\/100\n|-damage|p1a: Golem|40\/100|[from] Stealth Rock\n|turn|15\n|\n|t:|1667780993\n|move|p2a: Golem|Earthquake|p1a: Golem\n|-supereffective|p1a: Golem\n|-damage|p1a: Golem|0 fnt\n|faint|p1a: Golem\n|\n|upkeep\n|\n|t:|1667781004\n|switch|p1a: Furfrou|Furfrou, M|80\/100\n|-damage|p1a: Furfrou|68\/100|[from] Stealth Rock\n|turn|16\n|\n|t:|1667781008\n|move|p2a: Golem|Sucker Punch|p1a: Furfrou\n|-damage|p1a: Furfrou|50\/100\n|move|p1a: Furfrou|Return|p2a: Golem\n|-resisted|p2a: Golem\n|-damage|p2a: Golem|0 fnt\n|faint|p2a: Golem\n|\n|upkeep\n|\n|t:|1667781016\n|switch|p2a: Toucannon|Toucannon, F|100\/100\n|turn|17\n|\n|t:|1667781020\n|move|p2a: Toucannon|U-turn|p1a: Furfrou\n|-damage|p1a: Furfrou|28\/100\n|\n|t:|1667781021\n|switch|p2a: Muk|Muk, M|17\/100|[from]move: U-turn\n|move|p1a: Furfrou|Return|p2a: Muk\n|-damage|p2a: Muk|0 fnt\n|faint|p2a: Muk\n|\n|upkeep\n|\n|t:|1667781024\n|switch|p2a: Toucannon|Toucannon, F|100\/100\n|turn|18\n|\n|t:|1667781029\n|move|p2a: Toucannon|Brave Bird|p1a: Furfrou\n|-damage|p1a: Furfrou|0 fnt\n|faint|p1a: Furfrou\n|-damage|p2a: Toucannon|92\/100|[from] Recoil\n|\n|upkeep\n|\n|t:|1667781034\n|switch|p1a: Crustle|Crustle, F|100\/100\n|-damage|p1a: Crustle|75\/100|[from] Stealth Rock\n|turn|19\n|\n|t:|1667781047\n|switch|p2a: Silvally|Silvally-Water|81\/100\n|move|p1a: Crustle|Shell Smash|p1a: Crustle\n|-unboost|p1a: Crustle|def|1\n|-unboost|p1a: Crustle|spd|1\n|-boost|p1a: Crustle|atk|2\n|-boost|p1a: Crustle|spa|2\n|-boost|p1a: Crustle|spe|2\n|\n|upkeep\n|turn|20\n|\n|t:|1667781050\n|move|p1a: Crustle|Stone Edge|p2a: Silvally\n|-damage|p2a: Silvally|10\/100\n|move|p2a: Silvally|Surf|p1a: Crustle\n|-supereffective|p1a: Crustle\n|-damage|p1a: Crustle|0 fnt\n|faint|p1a: Crustle\n|\n|upkeep\n|\n|t:|1667781053\n|switch|p1a: Swanna|Swanna, M|100\/100\n|-damage|p1a: Swanna|76\/100|[from] Stealth Rock\n|turn|21\n|\n|t:|1667781057\n|-zpower|p1a: Swanna\n|move|p1a: Swanna|Z-Rain Dance|p1a: Swanna|[anim]Rain Dance\n|-boost|p1a: Swanna|spe|1|[zeffect]\n|-weather|RainDance\n|move|p2a: Silvally|Thunderbolt|p1a: Swanna\n|-supereffective|p1a: Swanna\n|-damage|p1a: Swanna|0 fnt\n|faint|p1a: Swanna\n|\n|-weather|RainDance|[upkeep]\n|upkeep\n|c|\u2606pinorska|gg\n|\n|t:|1667781062\n|switch|p1a: Simisage|Simisage, F|47\/100\n|-damage|p1a: Simisage|35\/100|[from] Stealth Rock\n|turn|22\n|c|\u2606ayevon|gg\n|\n|t:|1667781065\n|move|p1a: Simisage|Leaf Storm|p2a: Silvally\n|-supereffective|p2a: Silvally\n|-damage|p2a: Silvally|0 fnt\n|-unboost|p1a: Simisage|spa|2\n|faint|p2a: Silvally\n|-damage|p1a: Simisage|25\/100|[from] item: Life Orb\n|\n|-weather|RainDance|[upkeep]\n|upkeep\n|\n|t:|1667781068\n|switch|p2a: Toucannon|Toucannon, F|92\/100\n|turn|23\n|\n|t:|1667781071\n|move|p2a: Toucannon|Brave Bird|p1a: Simisage\n|-supereffective|p1a: Simisage\n|-damage|p1a: Simisage|0 fnt\n|faint|p1a: Simisage\n|-damage|p2a: Toucannon|84\/100|[from] Recoil\n|\n|win|ayevon\n","uploadtime":1667781072,"views":6,"p1id":"pinorska","p2id":"ayevon","formatid":"gen7zu","rating":0,"private":0,"password":null}