{"id":"smogtours-gen4ou-647880","p1":"gilbert arenas(","p2":"Mimikyu Stardust","format":"gen4ou","log":"|inactive|Battle timer is ON: inactive players will automatically lose when time's up.\n|t:|1662916406\n|gametype|singles\n|player|p1|gilbert arenas(|#splxiiityrants|\n|player|p2|Mimikyu Stardust|#mimikyustardust|\n|teamsize|p1|6\n|teamsize|p2|6\n|gen|4\n|tier|[Gen 4] OU\n|rule|Sleep Clause Mod: Limit one foe put to sleep\n|rule|Species Clause: Limit one of each Pok\u00e9mon\n|rule|OHKO Clause: OHKO moves are banned\n|rule|Evasion Items Clause: Evasion items are banned\n|rule|Evasion Moves Clause: Evasion moves are banned\n|rule|Endless Battle Clause: Forcing endless battles is banned\n|rule|HP Percentage Mod: HP is shown in percentages\n|rule|Freeze Clause Mod: Limit one foe frozen\n|\n|t:|1662916406\n|start\n|switch|p1a: Gyarados|Gyarados, M|100\/100\n|switch|p2a: Azelf|Azelf|100\/100\n|-ability|p1a: Gyarados|Intimidate|boost\n|-unboost|p2a: Azelf|atk|1\n|turn|1\n|c|\u2606Mimikyu Stardust|hf\n|\n|t:|1662916418\n|move|p2a: Azelf|Thunder Wave|p1a: Gyarados\n|-status|p1a: Gyarados|par\n|move|p1a: Gyarados|Waterfall|p2a: Azelf\n|-damage|p2a: Azelf|1\/100\n|\n|upkeep\n|turn|2\n|\n|t:|1662916433\n|move|p2a: Azelf|Stealth Rock|p1a: Gyarados\n|-sidestart|p1: gilbert arenas(|move: Stealth Rock\n|move|p1a: Gyarados|Waterfall|p2a: Azelf\n|-crit|p2a: Azelf\n|-damage|p2a: Azelf|0 fnt\n|faint|p2a: Azelf\n|\n|upkeep\n|\n|t:|1662916437\n|switch|p2a: Milotic|Milotic, F|100\/100\n|turn|3\n|\n|t:|1662916445\n|move|p2a: Milotic|Hidden Power|p1a: Gyarados\n|-supereffective|p1a: Gyarados\n|-damage|p1a: Gyarados|32\/100 par\n|cant|p1a: Gyarados|par\n|\n|upkeep\n|turn|4\n|\n|t:|1662916449\n|switch|p1a: Latias|Latias, F|100\/100\n|-damage|p1a: Latias|88\/100|[from] Stealth Rock\n|move|p2a: Milotic|Hidden Power|p1a: Latias\n|-resisted|p1a: Latias\n|-damage|p1a: Latias|81\/100\n|\n|-heal|p1a: Latias|88\/100|[from] item: Leftovers\n|upkeep\n|turn|5\n|\n|t:|1662916453\n|switch|p1a: Tyranitar|Tyranitar, M|100\/100\n|-damage|p1a: Tyranitar|88\/100|[from] Stealth Rock\n|-weather|Sandstorm|[from] ability: Sand Stream|[of] p1a: Tyranitar\n|move|p2a: Milotic|Ice Beam|p1a: Tyranitar\n|-damage|p1a: Tyranitar|75\/100\n|\n|-weather|Sandstorm|[upkeep]\n|-damage|p2a: Milotic|94\/100|[from] Sandstorm\n|-heal|p2a: Milotic|100\/100|[from] item: Leftovers\n|upkeep\n|turn|6\n|\n|t:|1662916456\n|move|p2a: Milotic|Hydro Pump|p1a: Tyranitar\n|-supereffective|p1a: Tyranitar\n|-enditem|p1a: Tyranitar|Passho Berry|[eat]\n|-enditem|p1a: Tyranitar|Passho Berry|[weaken]\n|-damage|p1a: Tyranitar|53\/100\n|move|p1a: Tyranitar|Stealth Rock|p2a: Milotic\n|-sidestart|p2: Mimikyu Stardust|move: Stealth Rock\n|\n|-weather|Sandstorm|[upkeep]\n|-damage|p2a: Milotic|94\/100|[from] Sandstorm\n|-heal|p2a: Milotic|100\/100|[from] item: Leftovers\n|upkeep\n|turn|7\n|\n|t:|1662916461\n|switch|p1a: Gyarados|Gyarados, M|32\/100 par\n|-damage|p1a: Gyarados|7\/100 par|[from] Stealth Rock\n|-ability|p1a: Gyarados|Intimidate|boost\n|-unboost|p2a: Milotic|atk|1\n|move|p2a: Milotic|Hydro Pump|p1a: Gyarados\n|-resisted|p1a: Gyarados\n|-damage|p1a: Gyarados|0 fnt\n|faint|p1a: Gyarados\n|\n|-weather|Sandstorm|[upkeep]\n|-damage|p2a: Milotic|94\/100|[from] Sandstorm\n|-heal|p2a: Milotic|100\/100|[from] item: Leftovers\n|upkeep\n|\n|t:|1662916463\n|switch|p1a: Rotom|Rotom-Mow|100\/100\n|-damage|p1a: Rotom|88\/100|[from] Stealth Rock\n|turn|8\n|\n|t:|1662916466\n|switch|p2a: Tyranitar|Tyranitar, M|100\/100\n|-damage|p2a: Tyranitar|88\/100|[from] Stealth Rock\n|move|p1a: Rotom|Thunderbolt|p2a: Tyranitar\n|-damage|p2a: Tyranitar|63\/100\n|-status|p2a: Tyranitar|par\n|\n|-weather|Sandstorm|[upkeep]\n|-damage|p1a: Rotom|82\/100|[from] Sandstorm\n|upkeep\n|turn|9\n|\n|t:|1662916470\n|move|p1a: Rotom|Leaf Storm|p2a: Tyranitar\n|-supereffective|p2a: Tyranitar\n|-crit|p2a: Tyranitar\n|-damage|p2a: Tyranitar|0 fnt\n|-unboost|p1a: Rotom|spa|2\n|faint|p2a: Tyranitar\n|\n|-weather|Sandstorm|[upkeep]\n|-damage|p1a: Rotom|76\/100|[from] Sandstorm\n|upkeep\n|c|\u2606gilbert arenas(|were u\n|c|\u2606gilbert arenas(|scarf?\n|c|\u2606Mimikyu Stardust|nope\n|inactive|Mimikyu Stardust has 270 seconds left.\n|\n|t:|1662916505\n|switch|p2a: Flygon|Flygon, F|100\/100\n|-damage|p2a: Flygon|95\/100|[from] Stealth Rock\n|turn|10\n|\n|t:|1662916509\n|switch|p1a: Tyranitar|Tyranitar, M|53\/100\n|-damage|p1a: Tyranitar|40\/100|[from] Stealth Rock\n|move|p2a: Flygon|Draco Meteor|p1a: Tyranitar|[miss]\n|-miss|p2a: Flygon|p1a: Tyranitar\n|\n|-weather|Sandstorm|[upkeep]\n|upkeep\n|turn|11\n|\n|t:|1662916513\n|move|p2a: Flygon|Earthquake|p1a: Tyranitar\n|-supereffective|p1a: Tyranitar\n|-damage|p1a: Tyranitar|0 fnt\n|faint|p1a: Tyranitar\n|-damage|p2a: Flygon|85\/100|[from] item: Life Orb\n|\n|-weather|Sandstorm|[upkeep]\n|upkeep\n|\n|t:|1662916516\n|switch|p1a: Latias|Latias, F|88\/100\n|-damage|p1a: Latias|75\/100|[from] Stealth Rock\n|turn|12\n|\n|t:|1662916519\n|switch|p2a: Milotic|Milotic, F|100\/100\n|-damage|p2a: Milotic|88\/100|[from] Stealth Rock\n|move|p1a: Latias|Dragon Pulse|p2a: Milotic\n|-damage|p2a: Milotic|59\/100\n|\n|-weather|Sandstorm|[upkeep]\n|-damage|p1a: Latias|69\/100|[from] Sandstorm\n|-damage|p2a: Milotic|53\/100|[from] Sandstorm\n|-heal|p1a: Latias|75\/100|[from] item: Leftovers\n|-heal|p2a: Milotic|59\/100|[from] item: Leftovers\n|upkeep\n|turn|13\n|\n|t:|1662916522\n|move|p1a: Latias|Calm Mind|p1a: Latias\n|-boost|p1a: Latias|spa|1\n|-boost|p1a: Latias|spd|1\n|move|p2a: Milotic|Recover|p2a: Milotic\n|-heal|p2a: Milotic|100\/100\n|\n|-weather|Sandstorm|[upkeep]\n|-damage|p1a: Latias|69\/100|[from] Sandstorm\n|-damage|p2a: Milotic|94\/100|[from] Sandstorm\n|-heal|p1a: Latias|75\/100|[from] item: Leftovers\n|-heal|p2a: Milotic|100\/100|[from] item: Leftovers\n|upkeep\n|turn|14\n|\n|t:|1662916524\n|move|p1a: Latias|Dragon Pulse|p2a: Milotic\n|-damage|p2a: Milotic|57\/100\n|move|p2a: Milotic|Ice Beam|p1a: Latias\n|-supereffective|p1a: Latias\n|-damage|p1a: Latias|54\/100\n|\n|-weather|Sandstorm|[upkeep]\n|-damage|p1a: Latias|48\/100|[from] Sandstorm\n|-damage|p2a: Milotic|51\/100|[from] Sandstorm\n|-heal|p1a: Latias|54\/100|[from] item: Leftovers\n|-heal|p2a: Milotic|57\/100|[from] item: Leftovers\n|upkeep\n|turn|15\n|\n|t:|1662916528\n|move|p1a: Latias|Recover|p1a: Latias\n|-heal|p1a: Latias|100\/100\n|move|p2a: Milotic|Ice Beam|p1a: Latias\n|-supereffective|p1a: Latias\n|-damage|p1a: Latias|76\/100\n|\n|-weather|Sandstorm|[upkeep]\n|-damage|p1a: Latias|70\/100|[from] Sandstorm\n|-damage|p2a: Milotic|51\/100|[from] Sandstorm\n|-heal|p1a: Latias|76\/100|[from] item: Leftovers\n|-heal|p2a: Milotic|57\/100|[from] item: Leftovers\n|upkeep\n|turn|16\n|\n|t:|1662916530\n|move|p1a: Latias|Dragon Pulse|p2a: Milotic\n|-damage|p2a: Milotic|18\/100\n|move|p2a: Milotic|Recover|p2a: Milotic\n|-heal|p2a: Milotic|68\/100\n|\n|-weather|Sandstorm|[upkeep]\n|-damage|p1a: Latias|70\/100|[from] Sandstorm\n|-damage|p2a: Milotic|62\/100|[from] Sandstorm\n|-heal|p1a: Latias|76\/100|[from] item: Leftovers\n|-heal|p2a: Milotic|68\/100|[from] item: Leftovers\n|upkeep\n|turn|17\n|\n|t:|1662916534\n|move|p1a: Latias|Calm Mind|p1a: Latias\n|-boost|p1a: Latias|spa|1\n|-boost|p1a: Latias|spd|1\n|move|p2a: Milotic|Ice Beam|p1a: Latias\n|-supereffective|p1a: Latias\n|-damage|p1a: Latias|60\/100\n|\n|-weather|Sandstorm|[upkeep]\n|-damage|p1a: Latias|54\/100|[from] Sandstorm\n|-damage|p2a: Milotic|62\/100|[from] Sandstorm\n|-heal|p1a: Latias|60\/100|[from] item: Leftovers\n|-heal|p2a: Milotic|68\/100|[from] item: Leftovers\n|upkeep\n|turn|18\n|\n|t:|1662916536\n|move|p1a: Latias|Dragon Pulse|p2a: Milotic\n|-damage|p2a: Milotic|13\/100\n|move|p2a: Milotic|Ice Beam|p1a: Latias\n|-supereffective|p1a: Latias\n|-damage|p1a: Latias|42\/100\n|\n|-weather|Sandstorm|[upkeep]\n|-damage|p1a: Latias|36\/100|[from] Sandstorm\n|-damage|p2a: Milotic|7\/100|[from] Sandstorm\n|-heal|p1a: Latias|42\/100|[from] item: Leftovers\n|-heal|p2a: Milotic|13\/100|[from] item: Leftovers\n|upkeep\n|turn|19\n|\n|t:|1662916538\n|move|p1a: Latias|Recover|p1a: Latias\n|-heal|p1a: Latias|92\/100\n|move|p2a: Milotic|Ice Beam|p1a: Latias\n|-supereffective|p1a: Latias\n|-damage|p1a: Latias|76\/100\n|\n|-weather|Sandstorm|[upkeep]\n|-damage|p1a: Latias|70\/100|[from] Sandstorm\n|-damage|p2a: Milotic|7\/100|[from] Sandstorm\n|-heal|p1a: Latias|76\/100|[from] item: Leftovers\n|-heal|p2a: Milotic|13\/100|[from] item: Leftovers\n|upkeep\n|turn|20\n|\n|t:|1662916540\n|move|p1a: Latias|Dragon Pulse|p2a: Milotic\n|-damage|p2a: Milotic|0 fnt\n|faint|p2a: Milotic\n|\n|-weather|Sandstorm|[upkeep]\n|-damage|p1a: Latias|70\/100|[from] Sandstorm\n|-heal|p1a: Latias|76\/100|[from] item: Leftovers\n|upkeep\n|\n|t:|1662916544\n|switch|p2a: Rotom|Rotom-Heat|100\/100\n|-damage|p2a: Rotom|88\/100|[from] Stealth Rock\n|turn|21\n|\n|t:|1662916545\n|move|p2a: Rotom|Shadow Ball|p1a: Latias\n|-supereffective|p1a: Latias\n|-crit|p1a: Latias\n|-damage|p1a: Latias|0 fnt\n|faint|p1a: Latias\n|\n|-weather|Sandstorm|[upkeep]\n|-damage|p2a: Rotom|82\/100|[from] Sandstorm\n|upkeep\n|c|\u2606Mimikyu Stardust|mb\n|\n|t:|1662916550\n|switch|p1a: Jirachi|Jirachi|100\/100\n|-damage|p1a: Jirachi|95\/100|[from] Stealth Rock\n|turn|22\n|\n|t:|1662916562\n|move|p2a: Rotom|Shadow Ball|p1a: Jirachi\n|-damage|p1a: Jirachi|60\/100\n|move|p1a: Jirachi|Fire Punch|p2a: Rotom\n|-damage|p2a: Rotom|54\/100\n|\n|-weather|Sandstorm|[upkeep]\n|-damage|p2a: Rotom|48\/100|[from] Sandstorm\n|-heal|p1a: Jirachi|66\/100|[from] item: Leftovers\n|upkeep\n|turn|23\n|\n|t:|1662916567\n|move|p2a: Rotom|Shadow Ball|p1a: Jirachi\n|-crit|p1a: Jirachi\n|-damage|p1a: Jirachi|0 fnt\n|faint|p1a: Jirachi\n|\n|-weather|Sandstorm|[upkeep]\n|-damage|p2a: Rotom|41\/100|[from] Sandstorm\n|upkeep\n|\n|t:|1662916571\n|switch|p1a: Lucario|Lucario, F|100\/100\n|-damage|p1a: Lucario|98\/100|[from] Stealth Rock\n|turn|24\n|\n|t:|1662916579\n|switch|p2a: Roserade|Roserade, F|100\/100\n|-damage|p2a: Roserade|88\/100|[from] Stealth Rock\n|move|p1a: Lucario|Ice Punch|p2a: Roserade\n|-supereffective|p2a: Roserade\n|-damage|p2a: Roserade|24\/100\n|\n|-weather|Sandstorm|[upkeep]\n|-damage|p2a: Roserade|18\/100|[from] Sandstorm\n|-heal|p2a: Roserade|24\/100|[from] item: Black Sludge\n|upkeep\n|turn|25\n|\n|t:|1662916582\n|move|p1a: Lucario|Ice Punch|p2a: Roserade\n|-supereffective|p2a: Roserade\n|-damage|p2a: Roserade|0 fnt\n|faint|p2a: Roserade\n|\n|-weather|Sandstorm|[upkeep]\n|upkeep\n|\n|t:|1662916585\n|switch|p2a: Rotom|Rotom-Heat|41\/100\n|-damage|p2a: Rotom|29\/100|[from] Stealth Rock\n|turn|26\n|\n|t:|1662916588\n|switch|p1a: Rotom|Rotom-Mow|76\/100\n|-damage|p1a: Rotom|63\/100|[from] Stealth Rock\n|move|p2a: Rotom|Overheat|p1a: Rotom\n|-damage|p1a: Rotom|10\/100\n|-unboost|p2a: Rotom|spa|2\n|\n|-weather|Sandstorm|[upkeep]\n|-damage|p2a: Rotom|23\/100|[from] Sandstorm\n|-damage|p1a: Rotom|4\/100|[from] Sandstorm\n|upkeep\n|turn|27\n|\n|t:|1662916596\n|switch|p2a: Flygon|Flygon, F|85\/100\n|-damage|p2a: Flygon|79\/100|[from] Stealth Rock\n|switch|p1a: Lucario|Lucario, F|98\/100\n|-damage|p1a: Lucario|95\/100|[from] Stealth Rock\n|\n|-weather|Sandstorm|[upkeep]\n|upkeep\n|turn|28\n|\n|t:|1662916600\n|move|p1a: Lucario|Ice Punch|p2a: Flygon\n|-supereffective|p2a: Flygon\n|-damage|p2a: Flygon|0 fnt\n|faint|p2a: Flygon\n|\n|-weather|Sandstorm|[upkeep]\n|upkeep\n|\n|t:|1662916601\n|switch|p2a: Rotom|Rotom-Heat|23\/100\n|-damage|p2a: Rotom|10\/100|[from] Stealth Rock\n|turn|29\n|\n|t:|1662916607\n|switch|p1a: Rotom|Rotom-Mow|4\/100\n|-damage|p1a: Rotom|0 fnt|[from] Stealth Rock\n|faint|p1a: Rotom\n|move|p2a: Rotom|Overheat|p1: Rotom|[notarget]\n|-notarget|p2a: Rotom\n|\n|-weather|Sandstorm|[upkeep]\n|-damage|p2a: Rotom|4\/100|[from] Sandstorm\n|upkeep\n|\n|t:|1662916609\n|switch|p1a: Lucario|Lucario, F|95\/100\n|-damage|p1a: Lucario|92\/100|[from] Stealth Rock\n|turn|30\n|\n|t:|1662916611\n|move|p1a: Lucario|Ice Punch|p2a: Rotom\n|-damage|p2a: Rotom|0 fnt\n|faint|p2a: Rotom\n|\n|win|gilbert arenas(\n|c|\u2606Mimikyu Stardust|gg\n|c|\u2606gilbert arenas(|gg\n","uploadtime":1662916612,"views":24,"p1id":"gilbertarenas","p2id":"mimikyustardust","formatid":"gen4ou","rating":0,"private":0,"password":null}