{"id":"smogtours-gen8nationaldex-646630","p1":"Faygos","p2":"hump","format":"gen8nationaldex","log":"|inactive|Battle timer is ON: inactive players will automatically lose when time's up.\n|t:|1662327737\n|gametype|singles\n|player|p1|Faygos|265|\n|player|p2|hump|dawn-masters|\n|teamsize|p1|6\n|teamsize|p2|6\n|gen|8\n|tier|[Gen 8] National Dex\n|rule|HP Percentage Mod: HP is shown in percentages\n|rule|Endless Battle Clause: Forcing endless battles is banned\n|rule|OHKO Clause: OHKO moves are banned\n|rule|Evasion Moves Clause: Evasion moves are banned\n|rule|Species Clause: Limit one of each Pok\u00e9mon\n|rule|Dynamax Clause: You cannot dynamax\n|rule|Sleep Clause Mod: Limit one foe put to sleep\n|clearpoke\n|poke|p1|Serperior, M|\n|poke|p1|Ampharos, M|\n|poke|p1|Tapu Fini|\n|poke|p1|Heatran, F|\n|poke|p1|Landorus-Therian, M|\n|poke|p1|Bisharp, M|\n|poke|p2|Charizard, F|\n|poke|p2|Ditto|\n|poke|p2|Chansey, F|\n|poke|p2|Pyukumuku, L96, F|\n|poke|p2|Excadrill, F|\n|poke|p2|Skarmory, M|\n|teampreview\n|inactive|Faygos also wants the timer to be on.\n|inactive|hump also wants the timer to be on.\n|\n|t:|1662327764\n|start\n|switch|p1a: pextrap|Heatran, F|100\/100\n|switch|p2a: Charizard|Charizard, F|100\/100\n|turn|1\n|\n|t:|1662327769\n|switch|p2a: Ditto|Ditto, shiny|100\/100\n|-transform|p2a: Ditto|p1a: pextrap|[from] ability: Imposter\n|switch|p1a: free oculars|Serperior, M|100\/100\n|\n|upkeep\n|turn|2\n|\n|t:|1662327776\n|switch|p2a: Charizard|Charizard, F|100\/100\n|move|p1a: free oculars|Mirror Coat||[still]\n|-fail|p1a: free oculars\n|\n|upkeep\n|turn|3\n|\n|t:|1662327780\n|switch|p1a: Tapu Fini|Tapu Fini|100\/100\n|-fieldstart|move: Misty Terrain|[from] ability: Misty Surge|[of] p1a: Tapu Fini\n|detailschange|p2a: Charizard|Charizard-Mega-Y, F\n|-mega|p2a: Charizard|Charizard|Charizardite Y\n|-weather|SunnyDay|[from] ability: Drought|[of] p2a: Charizard\n|move|p2a: Charizard|Solar Beam||[still]\n|-prepare|p2a: Charizard|Solar Beam\n|-anim|p2a: Charizard|Solar Beam|p1a: Tapu Fini\n|-supereffective|p1a: Tapu Fini\n|-damage|p1a: Tapu Fini|33\/100\n|\n|-weather|SunnyDay|[upkeep]\n|-heal|p1a: Tapu Fini|39\/100|[from] item: Leftovers\n|upkeep\n|turn|4\n|\n|t:|1662327790\n|switch|p2a: Excadrill|Excadrill, F|100\/100\n|-ability|p2a: Excadrill|Mold Breaker\n|move|p1a: Tapu Fini|Scald|p2a: Excadrill\n|-supereffective|p2a: Excadrill\n|-crit|p2a: Excadrill\n|-damage|p2a: Excadrill|63\/100\n|\n|-weather|SunnyDay|[upkeep]\n|-heal|p2a: Excadrill|69\/100|[from] item: Leftovers\n|-heal|p1a: Tapu Fini|45\/100|[from] item: Leftovers\n|upkeep\n|turn|5\n|\n|t:|1662327793\n|switch|p1a: Landorus|Landorus-Therian, M|100\/100\n|-ability|p1a: Landorus|Intimidate|boost\n|-unboost|p2a: Excadrill|atk|1\n|move|p2a: Excadrill|Earthquake|p1a: Landorus\n|-immune|p1a: Landorus\n|\n|-weather|SunnyDay|[upkeep]\n|-heal|p2a: Excadrill|75\/100|[from] item: Leftovers\n|upkeep\n|turn|6\n|\n|t:|1662327799\n|switch|p2a: Ditto|Ditto, shiny|100\/100\n|-transform|p2a: Ditto|p1a: Landorus|[from] ability: Imposter\n|-ability|p2a: Ditto|Intimidate|boost\n|-unboost|p1a: Landorus|atk|1\n|move|p1a: Landorus|U-turn|p2a: Ditto\n|-resisted|p2a: Ditto\n|-damage|p2a: Ditto|94\/100\n|\n|t:|1662327806\n|switch|p1a: pextrap|Heatran, F|100\/100|[from]move: U-turn\n|\n|-weather|SunnyDay|[upkeep]\n|upkeep\n|turn|7\n|\n|t:|1662327808\n|switch|p1a: Landorus|Landorus-Therian, M|100\/100\n|-ability|p1a: Landorus|Intimidate|boost\n|-unboost|p2a: Ditto|atk|1\n|move|p2a: Ditto|Earthquake|p1a: Landorus\n|-immune|p1a: Landorus\n|\n|-weather|none\n|-fieldend|Misty Terrain\n|upkeep\n|turn|8\n|\n|t:|1662327812\n|switch|p2a: Charizard|Charizard-Mega-Y, F|100\/100\n|-weather|SunnyDay|[from] ability: Drought|[of] p2a: Charizard\n|move|p1a: Landorus|U-turn|p2a: Charizard\n|-resisted|p2a: Charizard\n|-damage|p2a: Charizard|93\/100\n|\n|t:|1662327815\n|switch|p1a: Fabio foreign|Ampharos, M|100\/100|[from]move: U-turn\n|\n|-weather|SunnyDay|[upkeep]\n|upkeep\n|turn|9\n|\n|t:|1662327818\n|switch|p2a: Excadrill|Excadrill, F|75\/100\n|-ability|p2a: Excadrill|Mold Breaker\n|detailschange|p1a: Fabio foreign|Ampharos-Mega, M\n|-mega|p1a: Fabio foreign|Ampharos|Ampharosite\n|-ability|p1a: Fabio foreign|Mold Breaker\n|move|p1a: Fabio foreign|Volt Switch|p2a: Excadrill\n|-immune|p2a: Excadrill\n|\n|-weather|SunnyDay|[upkeep]\n|-heal|p2a: Excadrill|82\/100|[from] item: Leftovers\n|upkeep\n|turn|10\n|\n|t:|1662327820\n|switch|p1a: Landorus|Landorus-Therian, M|100\/100\n|-ability|p1a: Landorus|Intimidate|boost\n|-unboost|p2a: Excadrill|atk|1\n|move|p2a: Excadrill|Stealth Rock|p1a: Landorus\n|-sidestart|p1: Faygos|move: Stealth Rock\n|\n|-weather|SunnyDay|[upkeep]\n|-heal|p2a: Excadrill|88\/100|[from] item: Leftovers\n|upkeep\n|turn|11\n|\n|t:|1662327823\n|switch|p2a: Charizard|Charizard-Mega-Y, F|93\/100\n|move|p1a: Landorus|Stealth Rock|p2a: Charizard\n|-sidestart|p2: hump|move: Stealth Rock\n|\n|-weather|SunnyDay|[upkeep]\n|upkeep\n|turn|12\n|\n|t:|1662327825\n|switch|p1a: pextrap|Heatran, F|100\/100\n|-damage|p1a: pextrap|88\/100|[from] Stealth Rock\n|move|p2a: Charizard|Flamethrower|p1a: pextrap\n|-start|p1a: pextrap|ability: Flash Fire\n|\n|-weather|none\n|upkeep\n|turn|13\n|\n|t:|1662327835\n|switch|p2a: Chansey|Chansey, F|100\/100\n|-damage|p2a: Chansey|88\/100|[from] Stealth Rock\n|-zpower|p1a: pextrap\n|move|p1a: pextrap|Corkscrew Crash|p2a: Chansey|[zeffect]\n|-damage|p2a: Chansey|57\/100\n|\n|upkeep\n|turn|14\n|\n|t:|1662327837\n|move|p1a: pextrap|Magma Storm|p2a: Chansey\n|-damage|p2a: Chansey|35\/100\n|-activate|p2a: Chansey|move: Magma Storm|[of] p1a: pextrap\n|move|p2a: Chansey|Soft-Boiled|p2a: Chansey\n|-heal|p2a: Chansey|85\/100\n|\n|-damage|p2a: Chansey|72\/100|[from] move: Magma Storm|[partiallytrapped]\n|upkeep\n|turn|15\n|\n|t:|1662327841\n|-end|p1a: pextrap|ability: Flash Fire|[silent]\n|switch|p1a: Bisharp|Bisharp, M|100\/100\n|-damage|p1a: Bisharp|95\/100|[from] Stealth Rock\n|move|p2a: Chansey|Seismic Toss|p1a: Bisharp\n|-damage|p1a: Bisharp|58\/100\n|\n|-end|p2a: Chansey|Magma Storm|[partiallytrapped]|[silent]\n|upkeep\n|turn|16\n|\n|t:|1662327844\n|switch|p2a: Skarmory|Skarmory, M|100\/100\n|-damage|p2a: Skarmory|88\/100|[from] Stealth Rock\n|move|p1a: Bisharp|Knock Off|p2a: Skarmory\n|-damage|p2a: Skarmory|60\/100\n|-damage|p1a: Bisharp|41\/100|[from] item: Rocky Helmet|[of] p2a: Skarmory\n|-enditem|p2a: Skarmory|Rocky Helmet|[from] move: Knock Off|[of] p1a: Bisharp\n|\n|upkeep\n|turn|17\n|\n|t:|1662327846\n|switch|p1a: pextrap|Heatran, F|88\/100\n|-damage|p1a: pextrap|76\/100|[from] Stealth Rock\n|move|p2a: Skarmory|Roost|p2a: Skarmory\n|-heal|p2a: Skarmory|100\/100\n|-singleturn|p2a: Skarmory|move: Roost\n|\n|upkeep\n|turn|18\n|\n|t:|1662327848\n|switch|p1a: free oculars|Serperior, M|100\/100\n|-damage|p1a: free oculars|88\/100|[from] Stealth Rock\n|switch|p2a: Chansey|Chansey, F|72\/100\n|-damage|p2a: Chansey|60\/100|[from] Stealth Rock\n|\n|upkeep\n|turn|19\n|\n|t:|1662327851\n|move|p1a: free oculars|Giga Drain|p2a: Chansey\n|-damage|p2a: Chansey|54\/100\n|-heal|p1a: free oculars|94\/100|[from] drain|[of] p2a: Chansey\n|move|p2a: Chansey|Toxic|p1a: free oculars\n|-status|p1a: free oculars|tox\n|\n|-damage|p1a: free oculars|88\/100 tox|[from] psn\n|upkeep\n|turn|20\n|\n|t:|1662327855\n|switch|p1a: pextrap|Heatran, F|76\/100\n|-damage|p1a: pextrap|63\/100|[from] Stealth Rock\n|move|p2a: Chansey|Soft-Boiled|p2a: Chansey\n|-heal|p2a: Chansey|100\/100\n|\n|upkeep\n|turn|21\n|\n|t:|1662327857\n|move|p1a: pextrap|Magma Storm|p2a: Chansey\n|-damage|p2a: Chansey|85\/100\n|-activate|p2a: Chansey|move: Magma Storm|[of] p1a: pextrap\n|move|p2a: Chansey|Seismic Toss|p1a: pextrap\n|-damage|p1a: pextrap|32\/100\n|\n|-damage|p2a: Chansey|73\/100|[from] move: Magma Storm|[partiallytrapped]\n|upkeep\n|turn|22\n|\n|t:|1662327863\n|move|p1a: pextrap|Steel Beam|p2a: Chansey\n|-damage|p2a: Chansey|49\/100\n|-damage|p1a: pextrap|0 fnt|[from] mindblown\n|faint|p1a: pextrap\n|move|p2a: Chansey|Seismic Toss|p1: pextrap|[notarget]\n|-fail|p2a: Chansey\n|\n|-end|p2a: Chansey|Magma Storm|[partiallytrapped]|[silent]\n|upkeep\n|\n|t:|1662327865\n|switch|p1a: Bisharp|Bisharp, M|41\/100\n|-damage|p1a: Bisharp|35\/100|[from] Stealth Rock\n|turn|23\n|\n|t:|1662327872\n|switch|p1a: Tapu Fini|Tapu Fini|45\/100\n|-damage|p1a: Tapu Fini|33\/100|[from] Stealth Rock\n|-fieldstart|move: Misty Terrain|[from] ability: Misty Surge|[of] p1a: Tapu Fini\n|switch|p2a: Pyukumuku|Pyukumuku, L96, F|100\/100\n|-damage|p2a: Pyukumuku|88\/100|[from] Stealth Rock\n|\n|-heal|p1a: Tapu Fini|39\/100|[from] item: Leftovers\n|upkeep\n|turn|24\n|\n|t:|1662327875\n|switch|p2a: Chansey|Chansey, F|49\/100\n|-damage|p2a: Chansey|37\/100|[from] Stealth Rock\n|move|p1a: Tapu Fini|Taunt|p2a: Chansey\n|-start|p2a: Chansey|move: Taunt\n|\n|-heal|p1a: Tapu Fini|45\/100|[from] item: Leftovers\n|upkeep\n|turn|25\n|\n|t:|1662327881\n|switch|p2a: Charizard|Charizard-Mega-Y, F|93\/100\n|-damage|p2a: Charizard|43\/100|[from] Stealth Rock\n|-weather|SunnyDay|[from] ability: Drought|[of] p2a: Charizard\n|move|p1a: Tapu Fini|Moonblast|p2a: Charizard\n|-resisted|p2a: Charizard\n|-damage|p2a: Charizard|28\/100\n|\n|-weather|SunnyDay|[upkeep]\n|-heal|p1a: Tapu Fini|51\/100|[from] item: Leftovers\n|upkeep\n|turn|26\n|\n|t:|1662327885\n|move|p2a: Charizard|Roost|p2a: Charizard\n|-heal|p2a: Charizard|78\/100\n|-singleturn|p2a: Charizard|move: Roost\n|move|p1a: Tapu Fini|Scald|p2a: Charizard\n|-supereffective|p2a: Charizard\n|-damage|p2a: Charizard|52\/100\n|\n|-weather|SunnyDay|[upkeep]\n|-heal|p1a: Tapu Fini|57\/100|[from] item: Leftovers\n|upkeep\n|turn|27\n|\n|t:|1662327888\n|switch|p1a: Fabio foreign|Ampharos-Mega, M|100\/100\n|-damage|p1a: Fabio foreign|88\/100|[from] Stealth Rock\n|-ability|p1a: Fabio foreign|Mold Breaker\n|move|p2a: Charizard|Solar Beam||[still]\n|-prepare|p2a: Charizard|Solar Beam\n|-anim|p2a: Charizard|Solar Beam|p1a: Fabio foreign\n|-resisted|p1a: Fabio foreign\n|-damage|p1a: Fabio foreign|70\/100\n|\n|-weather|SunnyDay|[upkeep]\n|-fieldend|Misty Terrain\n|upkeep\n|turn|28\n|\n|t:|1662327891\n|switch|p2a: Excadrill|Excadrill, F|88\/100\n|-damage|p2a: Excadrill|85\/100|[from] Stealth Rock\n|-ability|p2a: Excadrill|Mold Breaker\n|switch|p1a: Landorus|Landorus-Therian, M|100\/100\n|-damage|p1a: Landorus|88\/100|[from] Stealth Rock\n|-ability|p1a: Landorus|Intimidate|boost\n|-unboost|p2a: Excadrill|atk|1\n|\n|-weather|SunnyDay|[upkeep]\n|-heal|p2a: Excadrill|91\/100|[from] item: Leftovers\n|upkeep\n|turn|29\n|\n|t:|1662327896\n|move|p2a: Excadrill|Rapid Spin|p1a: Landorus\n|-damage|p1a: Landorus|82\/100\n|-boost|p2a: Excadrill|spe|1\n|-damage|p2a: Excadrill|74\/100|[from] item: Rocky Helmet|[of] p1a: Landorus\n|-sideend|p2: hump|Stealth Rock|[from] move: Rapid Spin|[of] p2a: Excadrill\n|move|p1a: Landorus|U-turn|p2a: Excadrill\n|-resisted|p2a: Excadrill\n|-damage|p2a: Excadrill|61\/100\n|\n|t:|1662327900\n|switch|p1a: Fabio foreign|Ampharos-Mega, M|70\/100|[from]move: U-turn\n|-damage|p1a: Fabio foreign|58\/100|[from] Stealth Rock\n|-ability|p1a: Fabio foreign|Mold Breaker\n|\n|-weather|none\n|-heal|p2a: Excadrill|67\/100|[from] item: Leftovers\n|upkeep\n|turn|30\n|\n|t:|1662327903\n|switch|p1a: Landorus|Landorus-Therian, M|82\/100\n|-damage|p1a: Landorus|69\/100|[from] Stealth Rock\n|-ability|p1a: Landorus|Intimidate|boost\n|-unboost|p2a: Excadrill|atk|1\n|move|p2a: Excadrill|Earthquake|p1a: Landorus\n|-immune|p1a: Landorus\n|\n|-heal|p2a: Excadrill|73\/100|[from] item: Leftovers\n|upkeep\n|turn|31\n|\n|t:|1662327906\n|switch|p2a: Charizard|Charizard-Mega-Y, F|52\/100\n|-weather|SunnyDay|[from] ability: Drought|[of] p2a: Charizard\n|move|p1a: Landorus|Earthquake|p2a: Charizard\n|-immune|p2a: Charizard\n|\n|-weather|SunnyDay|[upkeep]\n|upkeep\n|turn|32\n|\n|t:|1662327909\n|switch|p1a: Fabio foreign|Ampharos-Mega, M|58\/100\n|-damage|p1a: Fabio foreign|45\/100|[from] Stealth Rock\n|-ability|p1a: Fabio foreign|Mold Breaker\n|move|p2a: Charizard|Flamethrower|p1a: Fabio foreign\n|-resisted|p1a: Fabio foreign\n|-damage|p1a: Fabio foreign|12\/100\n|\n|-weather|SunnyDay|[upkeep]\n|upkeep\n|turn|33\n|\n|t:|1662327914\n|move|p2a: Charizard|Flamethrower|p1a: Fabio foreign\n|-resisted|p1a: Fabio foreign\n|-damage|p1a: Fabio foreign|0 fnt\n|faint|p1a: Fabio foreign\n|\n|-weather|SunnyDay|[upkeep]\n|upkeep\n|\n|t:|1662327917\n|switch|p1a: Bisharp|Bisharp, M|35\/100\n|-damage|p1a: Bisharp|29\/100|[from] Stealth Rock\n|turn|34\n|\n|t:|1662327919\n|move|p1a: Bisharp|Pursuit|p2a: Charizard\n|-damage|p2a: Charizard|20\/100\n|move|p2a: Charizard|Roost|p2a: Charizard\n|-heal|p2a: Charizard|71\/100\n|-singleturn|p2a: Charizard|move: Roost\n|\n|-weather|SunnyDay|[upkeep]\n|upkeep\n|turn|35\n|\n|t:|1662327938\n|switch|p1a: Landorus|Landorus-Therian, M|69\/100\n|-damage|p1a: Landorus|57\/100|[from] Stealth Rock\n|-ability|p1a: Landorus|Intimidate|boost\n|-unboost|p2a: Charizard|atk|1\n|move|p2a: Charizard|Roost|p2a: Charizard\n|-heal|p2a: Charizard|100\/100\n|-singleturn|p2a: Charizard|move: Roost\n|\n|-weather|none\n|upkeep\n|turn|36\n|\n|t:|1662327941\n|switch|p1a: free oculars|Serperior, M|88\/100 tox\n|-damage|p1a: free oculars|75\/100 tox|[from] Stealth Rock\n|move|p2a: Charizard|Flamethrower|p1a: free oculars\n|-supereffective|p1a: free oculars\n|-damage|p1a: free oculars|19\/100 tox\n|\n|-damage|p1a: free oculars|12\/100 tox|[from] psn\n|upkeep\n|turn|37\n|\n|t:|1662327947\n|move|p2a: Charizard|Flamethrower|p1a: free oculars\n|-supereffective|p1a: free oculars\n|-damage|p1a: free oculars|0 fnt\n|faint|p1a: free oculars\n|\n|upkeep\n|\n|t:|1662327949\n|switch|p1a: Bisharp|Bisharp, M|29\/100\n|-damage|p1a: Bisharp|23\/100|[from] Stealth Rock\n|turn|38\n|\n|t:|1662327952\n|move|p1a: Bisharp|Iron Head|p2a: Charizard\n|-resisted|p2a: Charizard\n|-damage|p2a: Charizard|71\/100\n|cant|p2a: Charizard|flinch\n|\n|upkeep\n|turn|39\n|\n|t:|1662327955\n|switch|p2a: Pyukumuku|Pyukumuku, L96, F|88\/100\n|move|p1a: Bisharp|Iron Head|p2a: Pyukumuku\n|-resisted|p2a: Pyukumuku\n|-damage|p2a: Pyukumuku|64\/100\n|-damage|p1a: Bisharp|7\/100|[from] item: Rocky Helmet|[of] p2a: Pyukumuku\n|\n|upkeep\n|turn|40\n|\n|t:|1662327960\n|switch|p2a: Excadrill|Excadrill, F|73\/100\n|-ability|p2a: Excadrill|Mold Breaker\n|move|p1a: Bisharp|Iron Head|p2a: Excadrill\n|-resisted|p2a: Excadrill\n|-damage|p2a: Excadrill|48\/100\n|\n|-heal|p2a: Excadrill|54\/100|[from] item: Leftovers\n|upkeep\n|turn|41\n|\n|t:|1662327963\n|move|p1a: Bisharp|Iron Head|p2a: Excadrill\n|-resisted|p2a: Excadrill\n|-damage|p2a: Excadrill|30\/100\n|move|p2a: Excadrill|Iron Head|p1a: Bisharp\n|-resisted|p1a: Bisharp\n|-damage|p1a: Bisharp|0 fnt\n|faint|p1a: Bisharp\n|\n|-heal|p2a: Excadrill|36\/100|[from] item: Leftovers\n|upkeep\n|\n|t:|1662327965\n|switch|p1a: Tapu Fini|Tapu Fini|57\/100\n|-damage|p1a: Tapu Fini|45\/100|[from] Stealth Rock\n|-fieldstart|move: Misty Terrain|[from] ability: Misty Surge|[of] p1a: Tapu Fini\n|turn|42\n|\n|t:|1662327968\n|switch|p2a: Charizard|Charizard-Mega-Y, F|71\/100\n|-weather|SunnyDay|[from] ability: Drought|[of] p2a: Charizard\n|move|p1a: Tapu Fini|Defog|p2a: Charizard\n|-unboost|p2a: Charizard|evasion|1\n|-sideend|p1: Faygos|Stealth Rock|[from] move: Defog|[of] p1a: Tapu Fini\n|-fieldend|Misty Terrain\n|\n|-weather|SunnyDay|[upkeep]\n|-heal|p1a: Tapu Fini|51\/100|[from] item: Leftovers\n|upkeep\n|turn|43\n|\n|t:|1662327970\n|move|p2a: Charizard|Solar Beam||[still]\n|-prepare|p2a: Charizard|Solar Beam\n|-anim|p2a: Charizard|Solar Beam|p1a: Tapu Fini\n|-supereffective|p1a: Tapu Fini\n|-damage|p1a: Tapu Fini|0 fnt\n|faint|p1a: Tapu Fini\n|\n|-weather|SunnyDay|[upkeep]\n|upkeep\n|\n|t:|1662327972\n|switch|p1a: Landorus|Landorus-Therian, M|57\/100\n|-ability|p1a: Landorus|Intimidate|boost\n|-unboost|p2a: Charizard|atk|1\n|turn|44\n|\n|t:|1662327974\n|move|p2a: Charizard|Flamethrower|p1a: Landorus\n|-damage|p1a: Landorus|0 fnt\n|faint|p1a: Landorus\n|\n|win|hump\n","uploadtime":1662327975,"views":30,"p1id":"faygos","p2id":"hump","formatid":"gen8nationaldex","rating":0,"private":0,"password":null}