{"id":"smogtours-gen6ou-652491","p1":"Mendeez","p2":"NeoNaruto\u00ae++","format":"gen6ou","log":"|inactive|Battle timer is ON: inactive players will automatically lose when time's up.\n|t:|1664734218\n|gametype|singles\n|player|p1|Mendeez|unknown|\n|player|p2|NeoNaruto\u00ae++|burglar-gen1rb|\n|teamsize|p1|6\n|teamsize|p2|6\n|gen|6\n|tier|[Gen 6] OU\n|rule|Sleep Clause Mod: Limit one foe put to sleep\n|rule|Species Clause: Limit one of each Pok\u00e9mon\n|rule|OHKO Clause: OHKO moves are banned\n|rule|Moody Clause: Moody is banned\n|rule|Evasion Items Clause: Evasion items are banned\n|rule|Evasion Moves Clause: Evasion moves are banned\n|rule|Endless Battle Clause: Forcing endless battles is banned\n|rule|HP Percentage Mod: HP is shown in percentages\n|rule|Swagger Clause: Swagger is banned\n|clearpoke\n|poke|p1|Gliscor, F|item\n|poke|p1|Ferrothorn, F|item\n|poke|p1|Manectric, F|item\n|poke|p1|Weavile, F|item\n|poke|p1|Talonflame, F|item\n|poke|p1|Starmie|item\n|poke|p2|Excadrill, M|item\n|poke|p2|Keldeo|item\n|poke|p2|Alakazam, M|item\n|poke|p2|Garchomp, M|item\n|poke|p2|Skarmory, M|item\n|poke|p2|Landorus-Therian, M|item\n|teampreview\n|inactive|NeoNaruto\u00ae++ also wants the timer to be on.\n|inactive|Mendeez has 270 seconds left.\n|\n|t:|1664734272\n|start\n|switch|p1a: Gliscor|Gliscor, F|100\/100\n|switch|p2a: Alakazam|Alakazam, M|100\/100\n|turn|1\n|\n|t:|1664734285\n|switch|p1a: Ferrothorn|Ferrothorn, F|100\/100\n|move|p2a: Alakazam|Hidden Power|p1a: Ferrothorn\n|-damage|p1a: Ferrothorn|81\/100\n|\n|upkeep\n|turn|2\n|\n|t:|1664734300\n|switch|p2a: Landorus|Landorus-Therian, M|100\/100\n|-ability|p2a: Landorus|Intimidate|boost\n|-unboost|p1a: Ferrothorn|atk|1\n|move|p1a: Ferrothorn|Thunder Wave|p2a: Landorus\n|-immune|p2a: Landorus\n|\n|upkeep\n|turn|3\n|\n|t:|1664734306\n|move|p2a: Landorus|Knock Off|p1a: Ferrothorn\n|-damage|p1a: Ferrothorn|60\/100\n|-damage|p2a: Landorus|88\/100|[from] ability: Iron Barbs|[of] p1a: Ferrothorn\n|-damage|p2a: Landorus|71\/100|[from] item: Rocky Helmet|[of] p1a: Ferrothorn\n|-enditem|p1a: Ferrothorn|Rocky Helmet|[from] move: Knock Off|[of] p2a: Landorus\n|move|p1a: Ferrothorn|Spikes|p2a: Landorus\n|-sidestart|p2: NeoNaruto\u00ae++|Spikes\n|\n|upkeep\n|turn|4\n|\n|t:|1664734322\n|switch|p2a: Excadrill|Excadrill, M|100\/100\n|-ability|p2a: Excadrill|Mold Breaker\n|-item|p2a: Excadrill|Air Balloon\n|move|p1a: Ferrothorn|Spikes|p2a: Excadrill\n|-sidestart|p2: NeoNaruto\u00ae++|Spikes\n|\n|upkeep\n|turn|5\n|\n|t:|1664734329\n|move|p2a: Excadrill|Rapid Spin|p1a: Ferrothorn\n|-resisted|p1a: Ferrothorn\n|-damage|p1a: Ferrothorn|58\/100\n|-damage|p2a: Excadrill|88\/100|[from] ability: Iron Barbs|[of] p1a: Ferrothorn\n|-sideend|p2: NeoNaruto\u00ae++|Spikes|[from] move: Rapid Spin|[of] p2a: Excadrill\n|move|p1a: Ferrothorn|Knock Off|p2a: Excadrill\n|-damage|p2a: Excadrill|68\/100\n|-enditem|p2a: Excadrill|Air Balloon\n|\n|upkeep\n|turn|6\n|\n|t:|1664734336\n|switch|p1a: Gliscor|Gliscor, F|100\/100\n|move|p2a: Excadrill|Earthquake|p1a: Gliscor\n|-immune|p1a: Gliscor\n|\n|-status|p1a: Gliscor|tox|[from] item: Toxic Orb\n|upkeep\n|turn|7\n|\n|t:|1664734343\n|switch|p2a: Skarmory|Skarmory, M|100\/100\n|move|p1a: Gliscor|Stealth Rock|p2a: Skarmory\n|-sidestart|p2: NeoNaruto\u00ae++|move: Stealth Rock\n|\n|upkeep\n|turn|8\n|\n|t:|1664734346\n|move|p1a: Gliscor|U-turn|p2a: Skarmory\n|-resisted|p2a: Skarmory\n|-damage|p2a: Skarmory|98\/100\n|\n|t:|1664734349\n|switch|p1a: Starmie|Starmie|100\/100|[from]move: U-turn\n|move|p2a: Skarmory|Spikes|p1a: Starmie\n|-sidestart|p1: Mendeez|Spikes\n|\n|-heal|p2a: Skarmory|100\/100|[from] item: Leftovers\n|upkeep\n|turn|9\n|\n|t:|1664734355\n|move|p1a: Starmie|Rapid Spin|p2a: Skarmory\n|-resisted|p2a: Skarmory\n|-damage|p2a: Skarmory|99\/100\n|-sideend|p1: Mendeez|Spikes|[from] move: Rapid Spin|[of] p1a: Starmie\n|move|p2a: Skarmory|Roost|p2a: Skarmory\n|-heal|p2a: Skarmory|100\/100\n|-singleturn|p2a: Skarmory|move: Roost\n|\n|upkeep\n|turn|10\n|\n|t:|1664734363\n|move|p1a: Starmie|Scald|p2a: Skarmory\n|-damage|p2a: Skarmory|73\/100\n|move|p2a: Skarmory|Brave Bird|p1a: Starmie\n|-damage|p1a: Starmie|61\/100\n|-damage|p2a: Skarmory|60\/100|[from] Recoil\n|\n|-heal|p1a: Starmie|67\/100|[from] item: Leftovers\n|-heal|p2a: Skarmory|66\/100|[from] item: Leftovers\n|upkeep\n|turn|11\n|\n|t:|1664734369\n|move|p1a: Starmie|Scald|p2a: Skarmory\n|-damage|p2a: Skarmory|42\/100\n|move|p2a: Skarmory|Roost|p2a: Skarmory\n|-heal|p2a: Skarmory|92\/100\n|-singleturn|p2a: Skarmory|move: Roost\n|\n|-heal|p1a: Starmie|74\/100|[from] item: Leftovers\n|-heal|p2a: Skarmory|98\/100|[from] item: Leftovers\n|upkeep\n|turn|12\n|\n|t:|1664734375\n|move|p1a: Starmie|Scald|p2a: Skarmory\n|-damage|p2a: Skarmory|73\/100\n|move|p2a: Skarmory|Whirlwind|p1a: Starmie\n|drag|p1a: Manectric|Manectric, F|100\/100\n|\n|-heal|p2a: Skarmory|79\/100|[from] item: Leftovers\n|upkeep\n|turn|13\n|\n|t:|1664734389\n|switch|p2a: Landorus|Landorus-Therian, M|71\/100\n|-damage|p2a: Landorus|59\/100|[from] Stealth Rock\n|-ability|p2a: Landorus|Intimidate|boost\n|-unboost|p1a: Manectric|atk|1\n|detailschange|p1a: Manectric|Manectric-Mega, F\n|-mega|p1a: Manectric|Manectric|Manectite\n|-ability|p1a: Manectric|Intimidate|boost\n|-unboost|p2a: Landorus|atk|1\n|move|p1a: Manectric|Flamethrower|p2a: Landorus\n|-damage|p2a: Landorus|22\/100\n|-status|p2a: Landorus|brn\n|\n|-damage|p2a: Landorus|9\/100 brn|[from] brn\n|upkeep\n|turn|14\n|inactive|NeoNaruto\u00ae++ disconnected and has 300 seconds to reconnect!\n|player|p2|\n|inactive|NeoNaruto\u00ae++ reconnected and has 300 seconds left.\n|player|p2|NeoNaruto\u00ae++|burglar-gen1rb\n|\n|t:|1664734402\n|switch|p1a: Gliscor|Gliscor, F|100\/100 tox\n|move|p2a: Landorus|Knock Off|p1a: Gliscor\n|-crit|p1a: Gliscor\n|-damage|p1a: Gliscor|78\/100 tox\n|-enditem|p1a: Gliscor|Toxic Orb|[from] move: Knock Off|[of] p2a: Landorus\n|\n|-heal|p1a: Gliscor|90\/100 tox|[from] ability: Poison Heal\n|-damage|p2a: Landorus|0 fnt|[from] brn\n|faint|p2a: Landorus\n|upkeep\n|\n|t:|1664734405\n|switch|p2a: Alakazam|Alakazam, M|100\/100\n|turn|15\n|\n|t:|1664734419\n|move|p2a: Alakazam|Hidden Power|p1a: Gliscor\n|-supereffective|p1a: Gliscor\n|-damage|p1a: Gliscor|11\/100 tox\n|move|p1a: Gliscor|U-turn|p2a: Alakazam\n|-supereffective|p2a: Alakazam\n|-damage|p2a: Alakazam|18\/100\n|\n|t:|1664734430\n|switch|p1a: Manectric|Manectric-Mega, F|100\/100|[from]move: U-turn\n|-ability|p1a: Manectric|Intimidate|boost\n|-unboost|p2a: Alakazam|atk|1\n|\n|upkeep\n|turn|16\n|\n|t:|1664734439\n|switch|p2a: Skarmory|Skarmory, M|79\/100\n|-damage|p2a: Skarmory|67\/100|[from] Stealth Rock\n|move|p1a: Manectric|Hidden Power|p2a: Skarmory\n|-damage|p2a: Skarmory|46\/100\n|\n|-heal|p2a: Skarmory|52\/100|[from] item: Leftovers\n|upkeep\n|turn|17\n|\n|t:|1664734443\n|move|p1a: Manectric|Flamethrower|p2a: Skarmory\n|-supereffective|p2a: Skarmory\n|-damage|p2a: Skarmory|0 fnt\n|faint|p2a: Skarmory\n|\n|upkeep\n|\n|t:|1664734445\n|switch|p2a: Garchomp|Garchomp, M|100\/100\n|-damage|p2a: Garchomp|94\/100|[from] Stealth Rock\n|turn|18\n|\n|t:|1664734453\n|switch|p1a: Gliscor|Gliscor, F|11\/100 tox\n|move|p2a: Garchomp|Earthquake|p1a: Gliscor\n|-immune|p1a: Gliscor\n|\n|-heal|p1a: Gliscor|23\/100 tox|[from] ability: Poison Heal\n|upkeep\n|turn|19\n|\n|t:|1664734458\n|move|p2a: Garchomp|Fire Blast|p1a: Gliscor\n|-damage|p1a: Gliscor|6\/100 tox\n|move|p1a: Gliscor|Roost|p1a: Gliscor\n|-heal|p1a: Gliscor|56\/100 tox\n|-singleturn|p1a: Gliscor|move: Roost\n|\n|-heal|p1a: Gliscor|69\/100 tox|[from] ability: Poison Heal\n|upkeep\n|turn|20\n|-message|NeoNaruto\u00ae++ forfeited.\n|\n|win|Mendeez\n","uploadtime":1664734464,"views":6,"p1id":"mendeez","p2id":"neonaruto","formatid":"gen6ou","rating":0,"private":0,"password":null}