{"id":"smogtours-gen2ubers-630107","p1":"tolstoy","p2":"Amaranth","format":"gen2ubers","log":"|inactive|Battle timer is ON: inactive players will automatically lose when time's up.\n|t:|1654437597\n|gametype|singles\n|player|p1|tolstoy|may|\n|player|p2|Amaranth|#amaranth|\n|teamsize|p1|6\n|teamsize|p2|6\n|gen|2\n|tier|[Gen 2] Ubers\n|rule|Sleep Clause Mod: Limit one foe put to sleep\n|rule|Freeze Clause Mod: Limit one foe frozen\n|rule|Species Clause: Limit one of each Pok\u00e9mon\n|rule|OHKO Clause: OHKO moves are banned\n|rule|Evasion Moves Clause: Evasion moves are banned\n|rule|Endless Battle Clause: Forcing endless battles is banned\n|rule|HP Percentage Mod: HP is shown in percentages\n|\n|t:|1654437597\n|start\n|switch|p1a: imigos|Exeggutor, M|100\/100\n|switch|p2a: Zapdos|Zapdos|100\/100\n|turn|1\n|c|\u2606Amaranth|hf\n|c|\u2606tolstoy|u2\n|\n|t:|1654437614\n|move|p2a: Zapdos|Thunder|p1a: imigos\n|-resisted|p1a: imigos\n|-damage|p1a: imigos|73\/100\n|move|p1a: imigos|Sleep Powder|p2a: Zapdos\n|-status|p2a: Zapdos|slp|[from] move: Sleep Powder\n|\n|upkeep\n|turn|2\n|\n|t:|1654437623\n|switch|p2a: Snorlax|Snorlax, M|100\/100\n|switch|p1a: pif|Jolteon, M|100\/100\n|\n|upkeep\n|turn|3\n|\n|t:|1654437640\n|switch|p1a: imigos|Exeggutor, M|73\/100\n|move|p2a: Snorlax|Lovely Kiss|p1a: imigos\n|-status|p1a: imigos|slp|[from] move: Lovely Kiss\n|-enditem|p1a: imigos|Miracle Berry|[eat]\n|-curestatus|p1a: imigos|slp|[msg]\n|\n|upkeep\n|turn|4\n|\n|t:|1654437665\n|switch|p2a: Tyranitar|Tyranitar, M|100\/100\n|move|p1a: imigos|Psychic|p2a: Tyranitar\n|-immune|p2a: Tyranitar\n|\n|upkeep\n|turn|5\n|inactive|tolstoy has 270 seconds left.\n|inactive|Amaranth has 270 seconds left.\n|inactive|Amaranth has 240 seconds left.\n|\n|t:|1654437752\n|switch|p1a: ceo of swag|Snorlax, M|100\/100\n|move|p2a: Tyranitar|Rock Slide|p1a: ceo of swag\n|-damage|p1a: ceo of swag|75\/100\n|\n|-heal|p1a: ceo of swag|81\/100|[from] item: Leftovers\n|upkeep\n|turn|6\n|\n|t:|1654437757\n|switch|p2a: Forretress|Forretress, M|100\/100\n|move|p1a: ceo of swag|Earthquake|p2a: Forretress\n|-damage|p2a: Forretress|80\/100\n|\n|-heal|p2a: Forretress|86\/100|[from] item: Leftovers\n|-heal|p1a: ceo of swag|87\/100|[from] item: Leftovers\n|upkeep\n|turn|7\n|\n|t:|1654437778\n|switch|p1a: pif|Jolteon, M|100\/100\n|move|p2a: Forretress|Spikes|p1a: pif\n|-sidestart|p1: tolstoy|Spikes\n|\n|-heal|p2a: Forretress|92\/100|[from] item: Leftovers\n|upkeep\n|turn|8\n|\n|t:|1654437789\n|switch|p2a: Snorlax|Snorlax, M|100\/100\n|move|p1a: pif|Thunder|p2a: Snorlax\n|-damage|p2a: Snorlax|74\/100\n|-status|p2a: Snorlax|par\n|\n|-heal|p2a: Snorlax|80\/100 par|[from] item: Leftovers\n|upkeep\n|turn|9\n|\n|t:|1654437796\n|switch|p1a: imigos|Exeggutor, M|73\/100\n|-damage|p1a: imigos|61\/100|[from] Spikes\n|move|p2a: Snorlax|Double-Edge|p1a: imigos\n|-damage|p1a: imigos|15\/100\n|-damage|p2a: Snorlax|72\/100 par|[from] Recoil|[of] p1a: imigos\n|\n|-heal|p2a: Snorlax|78\/100 par|[from] item: Leftovers\n|upkeep\n|turn|10\n|inactive|tolstoy has 240 seconds left.\n|inactive|Amaranth has 240 seconds left.\n|\n|t:|1654437849\n|switch|p2a: Zapdos|Zapdos|100\/100 slp\n|move|p1a: imigos|Explosion|p2a: Zapdos\n|-damage|p2a: Zapdos|0 fnt\n|faint|p1a: imigos\n|faint|p2a: Zapdos\n|\n|t:|1654437857\n|switch|p2a: Snorlax|Snorlax, M|78\/100 par\n|switch|p1a: ceo of swag|Snorlax, M|87\/100\n|-damage|p1a: ceo of swag|75\/100|[from] Spikes\n|\n|-heal|p1a: ceo of swag|81\/100|[from] item: Leftovers\n|-heal|p2a: Snorlax|84\/100 par|[from] item: Leftovers\n|upkeep\n|turn|11\n|inactive|tolstoy has 240 seconds left.\n|\n|t:|1654437875\n|move|p1a: ceo of swag|Self-Destruct|p2a: Snorlax\n|-damage|p2a: Snorlax|0 fnt\n|faint|p1a: ceo of swag\n|faint|p2a: Snorlax\n|\n|t:|1654437892\n|switch|p1a: aiko|Mewtwo|100\/100\n|switch|p2a: Tyranitar|Tyranitar, M|100\/100\n|-damage|p1a: aiko|88\/100|[from] Spikes\n|\n|-heal|p1a: aiko|94\/100|[from] item: Leftovers\n|upkeep\n|turn|12\n|\n|t:|1654437898\n|move|p1a: aiko|Thunder|p2a: Tyranitar|[miss]\n|-miss|p1a: aiko\n|move|p2a: Tyranitar|Curse|p2a: Tyranitar\n|-unboost|p2a: Tyranitar|spe|1\n|-boost|p2a: Tyranitar|atk|1\n|-boost|p2a: Tyranitar|def|1\n|\n|-heal|p1a: aiko|99\/100|[from] item: Leftovers\n|upkeep\n|turn|13\n|\n|t:|1654437922\n|move|p1a: aiko|Thunder|p2a: Tyranitar\n|-damage|p2a: Tyranitar|67\/100\n|-status|p2a: Tyranitar|par\n|move|p2a: Tyranitar|Roar|p1a: aiko\n|drag|p1a: pif|Jolteon, M|100\/100\n|-damage|p1a: pif|88\/100|[from] Spikes\n|\n|-heal|p1a: pif|94\/100|[from] item: Leftovers\n|-heal|p2a: Tyranitar|73\/100 par|[from] item: Leftovers\n|upkeep\n|turn|14\n|inactive|tolstoy has 270 seconds left.\n|\n|t:|1654437931\n|move|p1a: pif|Thunder|p2a: Tyranitar\n|-damage|p2a: Tyranitar|37\/100 par\n|move|p2a: Tyranitar|Rock Slide|p1a: pif\n|-damage|p1a: pif|18\/100\n|\n|-heal|p1a: pif|24\/100|[from] item: Leftovers\n|-heal|p2a: Tyranitar|43\/100 par|[from] item: Leftovers\n|upkeep\n|turn|15\n|\n|t:|1654437947\n|move|p1a: pif|Thunder|p2a: Tyranitar\n|-damage|p2a: Tyranitar|9\/100 par\n|move|p2a: Tyranitar|Rest|p2a: Tyranitar\n|-status|p2a: Tyranitar|slp|[from] move: Rest\n|-heal|p2a: Tyranitar|100\/100 slp|[silent]\n|\n|-heal|p1a: pif|30\/100|[from] item: Leftovers\n|upkeep\n|turn|16\n|\n|t:|1654437951\n|move|p1a: pif|Growth|p1a: pif\n|-boost|p1a: pif|spa|1\n|cant|p2a: Tyranitar|slp\n|\n|-heal|p1a: pif|36\/100|[from] item: Leftovers\n|upkeep\n|turn|17\n|inactive|Amaranth has 240 seconds left.\n|\n|t:|1654437974\n|move|p1a: pif|Thunder|p2a: Tyranitar|[miss]\n|-miss|p1a: pif\n|cant|p2a: Tyranitar|slp\n|\n|-heal|p1a: pif|42\/100|[from] item: Leftovers\n|upkeep\n|turn|18\n|\n|t:|1654437979\n|move|p1a: pif|Baton Pass|p1a: pif\n|\n|t:|1654437980\n|switch|p1a: aiko|Mewtwo|99\/100|[from]move: Baton Pass\n|-damage|p1a: aiko|88\/100|[from] Spikes\n|-curestatus|p2a: Tyranitar|slp|[msg]\n|move|p2a: Tyranitar|Rock Slide|p1a: aiko\n|-damage|p1a: aiko|47\/100\n|\n|-heal|p1a: aiko|53\/100|[from] item: Leftovers\n|upkeep\n|turn|19\n|\n|t:|1654437986\n|move|p1a: aiko|Thunder|p2a: Tyranitar\n|-damage|p2a: Tyranitar|53\/100\n|move|p2a: Tyranitar|Roar|p1a: aiko\n|drag|p1a: pif|Jolteon, M|42\/100\n|-damage|p1a: pif|30\/100|[from] Spikes\n|\n|-heal|p1a: pif|36\/100|[from] item: Leftovers\n|-heal|p2a: Tyranitar|60\/100|[from] item: Leftovers\n|upkeep\n|turn|20\n|\n|t:|1654437993\n|move|p1a: pif|Thunder|p2a: Tyranitar|[miss]\n|-miss|p1a: pif\n|move|p2a: Tyranitar|Rock Slide|p1a: pif\n|-crit|p1a: pif\n|-damage|p1a: pif|0 fnt\n|faint|p1a: pif\n|\n|t:|1654437996\n|switch|p1a: aiko|Mewtwo|53\/100\n|-damage|p1a: aiko|41\/100|[from] Spikes\n|\n|-heal|p1a: aiko|47\/100|[from] item: Leftovers\n|-heal|p2a: Tyranitar|66\/100|[from] item: Leftovers\n|upkeep\n|turn|21\n|\n|t:|1654438001\n|move|p1a: aiko|Ice Beam|p2a: Tyranitar\n|-damage|p2a: Tyranitar|41\/100\n|move|p2a: Tyranitar|Curse|p2a: Tyranitar\n|-unboost|p2a: Tyranitar|spe|1\n|-boost|p2a: Tyranitar|atk|1\n|-boost|p2a: Tyranitar|def|1\n|\n|-heal|p1a: aiko|53\/100|[from] item: Leftovers\n|-heal|p2a: Tyranitar|47\/100|[from] item: Leftovers\n|upkeep\n|turn|22\n|\n|t:|1654438007\n|move|p1a: aiko|Ice Beam|p2a: Tyranitar\n|-damage|p2a: Tyranitar|21\/100\n|move|p2a: Tyranitar|Rest|p2a: Tyranitar\n|-status|p2a: Tyranitar|slp|[from] move: Rest\n|-heal|p2a: Tyranitar|100\/100 slp|[silent]\n|\n|-heal|p1a: aiko|59\/100|[from] item: Leftovers\n|upkeep\n|turn|23\n|\n|t:|1654438011\n|move|p1a: aiko|Recover|p1a: aiko\n|-heal|p1a: aiko|100\/100\n|cant|p2a: Tyranitar|slp\n|\n|upkeep\n|turn|24\n|\n|t:|1654438025\n|move|p1a: aiko|Thunder|p2a: Tyranitar|[miss]\n|-miss|p1a: aiko\n|cant|p2a: Tyranitar|slp\n|\n|upkeep\n|turn|25\n|\n|t:|1654438028\n|move|p1a: aiko|Thunder|p2a: Tyranitar|[miss]\n|-miss|p1a: aiko\n|-curestatus|p2a: Tyranitar|slp|[msg]\n|move|p2a: Tyranitar|Curse|p2a: Tyranitar\n|-unboost|p2a: Tyranitar|spe|1\n|-boost|p2a: Tyranitar|atk|1\n|-boost|p2a: Tyranitar|def|1\n|\n|upkeep\n|turn|26\n|\n|t:|1654438030\n|move|p1a: aiko|Ice Beam|p2a: Tyranitar\n|-damage|p2a: Tyranitar|75\/100\n|-status|p2a: Tyranitar|frz\n|cant|p2a: Tyranitar|frz\n|\n|-heal|p2a: Tyranitar|82\/100 frz|[from] item: Leftovers\n|upkeep\n|turn|27\n|\n|t:|1654438033\n|move|p1a: aiko|Ice Beam|p2a: Tyranitar\n|-damage|p2a: Tyranitar|57\/100 frz\n|cant|p2a: Tyranitar|frz\n|\n|-heal|p2a: Tyranitar|64\/100 frz|[from] item: Leftovers\n|upkeep\n|turn|28\n|\n|t:|1654438036\n|move|p1a: aiko|Ice Beam|p2a: Tyranitar\n|-crit|p2a: Tyranitar\n|-damage|p2a: Tyranitar|14\/100 frz\n|cant|p2a: Tyranitar|frz\n|\n|-heal|p2a: Tyranitar|21\/100 frz|[from] item: Leftovers\n|-curestatus|p2a: Tyranitar|frz|[msg]\n|upkeep\n|turn|29\n|\n|t:|1654438041\n|switch|p2a: Forretress|Forretress, M|92\/100\n|move|p1a: aiko|Ice Beam|p2a: Forretress\n|-resisted|p2a: Forretress\n|-damage|p2a: Forretress|71\/100\n|\n|-heal|p2a: Forretress|77\/100|[from] item: Leftovers\n|upkeep\n|turn|30\n|\n|t:|1654438047\n|switch|p1a: emforbes|Gengar, M|100\/100\n|-damage|p1a: emforbes|88\/100|[from] Spikes\n|switch|p2a: Tyranitar|Tyranitar, M|21\/100\n|\n|-heal|p1a: emforbes|94\/100|[from] item: Leftovers\n|-heal|p2a: Tyranitar|27\/100|[from] item: Leftovers\n|upkeep\n|turn|31\n|\n|t:|1654438059\n|switch|p2a: Mewtwo|Mewtwo|100\/100\n|move|p1a: emforbes|Explosion|p2a: Mewtwo\n|-damage|p2a: Mewtwo|27\/100\n|faint|p1a: emforbes\n|\n|t:|1654438064\n|switch|p1a: aiko|Mewtwo|100\/100\n|-damage|p1a: aiko|88\/100|[from] Spikes\n|\n|-heal|p2a: Mewtwo|33\/100|[from] item: Leftovers\n|-heal|p1a: aiko|94\/100|[from] item: Leftovers\n|upkeep\n|turn|32\n|\n|t:|1654438076\n|move|p1a: aiko|Thunder|p2a: Mewtwo\n|-damage|p2a: Mewtwo|2\/100\n|move|p2a: Mewtwo|Recover|p2a: Mewtwo\n|-heal|p2a: Mewtwo|53\/100\n|\n|-heal|p1a: aiko|99\/100|[from] item: Leftovers\n|-heal|p2a: Mewtwo|59\/100|[from] item: Leftovers\n|upkeep\n|turn|33\n|\n|t:|1654438084\n|move|p1a: aiko|Thunder|p2a: Mewtwo\n|-damage|p2a: Mewtwo|23\/100\n|-status|p2a: Mewtwo|par\n|move|p2a: Mewtwo|Recover|p2a: Mewtwo\n|-heal|p2a: Mewtwo|74\/100 par\n|\n|-heal|p1a: aiko|100\/100|[from] item: Leftovers\n|-heal|p2a: Mewtwo|80\/100 par|[from] item: Leftovers\n|upkeep\n|turn|34\n|\n|t:|1654438088\n|move|p1a: aiko|Ice Beam|p2a: Mewtwo\n|-damage|p2a: Mewtwo|52\/100 par\n|cant|p2a: Mewtwo|par\n|\n|-heal|p2a: Mewtwo|58\/100 par|[from] item: Leftovers\n|upkeep\n|turn|35\n|\n|t:|1654438091\n|move|p1a: aiko|Ice Beam|p2a: Mewtwo\n|-damage|p2a: Mewtwo|30\/100 par\n|move|p2a: Mewtwo|Recover|p2a: Mewtwo\n|-heal|p2a: Mewtwo|80\/100 par\n|\n|-heal|p2a: Mewtwo|86\/100 par|[from] item: Leftovers\n|upkeep\n|turn|36\n|\n|t:|1654438096\n|move|p1a: aiko|Ice Beam|p2a: Mewtwo\n|-crit|p2a: Mewtwo\n|-damage|p2a: Mewtwo|34\/100 par\n|cant|p2a: Mewtwo|par\n|\n|-heal|p2a: Mewtwo|40\/100 par|[from] item: Leftovers\n|upkeep\n|turn|37\n|\n|t:|1654438099\n|move|p1a: aiko|Ice Beam|p2a: Mewtwo\n|-damage|p2a: Mewtwo|14\/100 par\n|move|p2a: Mewtwo|Recover|p2a: Mewtwo\n|-heal|p2a: Mewtwo|64\/100 par\n|\n|-heal|p2a: Mewtwo|70\/100 par|[from] item: Leftovers\n|upkeep\n|turn|38\n|\n|t:|1654438101\n|move|p1a: aiko|Ice Beam|p2a: Mewtwo\n|-damage|p2a: Mewtwo|45\/100 par\n|cant|p2a: Mewtwo|par\n|\n|-heal|p2a: Mewtwo|51\/100 par|[from] item: Leftovers\n|upkeep\n|turn|39\n|\n|t:|1654438104\n|move|p1a: aiko|Ice Beam|p2a: Mewtwo\n|-damage|p2a: Mewtwo|26\/100 par\n|cant|p2a: Mewtwo|par\n|\n|-heal|p2a: Mewtwo|32\/100 par|[from] item: Leftovers\n|upkeep\n|turn|40\n|\n|t:|1654438107\n|move|p1a: aiko|Thunder|p2a: Mewtwo\n|-damage|p2a: Mewtwo|0 fnt\n|faint|p2a: Mewtwo\n|\n|t:|1654438111\n|switch|p2a: Tyranitar|Tyranitar, M|27\/100\n|\n|-heal|p2a: Tyranitar|33\/100|[from] item: Leftovers\n|upkeep\n|turn|41\n|\n|t:|1654438116\n|switch|p1a: ABR|Ho-Oh|100\/100\n|move|p2a: Tyranitar|Rest|p2a: Tyranitar\n|-status|p2a: Tyranitar|slp|[from] move: Rest\n|-heal|p2a: Tyranitar|100\/100 slp|[silent]\n|\n|upkeep\n|turn|42\n|\n|t:|1654438139\n|switch|p1a: aiko|Mewtwo|100\/100\n|-damage|p1a: aiko|88\/100|[from] Spikes\n|cant|p2a: Tyranitar|slp\n|\n|-heal|p1a: aiko|94\/100|[from] item: Leftovers\n|upkeep\n|turn|43\n|inactive|Amaranth has 270 seconds left.\n|\n|t:|1654438165\n|move|p1a: aiko|Thunder|p2a: Tyranitar\n|-damage|p2a: Tyranitar|71\/100 slp\n|cant|p2a: Tyranitar|slp\n|\n|-heal|p1a: aiko|99\/100|[from] item: Leftovers\n|-heal|p2a: Tyranitar|77\/100 slp|[from] item: Leftovers\n|upkeep\n|turn|44\n|inactive|Amaranth has 270 seconds left.\n|\n|t:|1654438171\n|move|p1a: aiko|Thunder|p2a: Tyranitar\n|-crit|p2a: Tyranitar\n|-damage|p2a: Tyranitar|17\/100 slp\n|-curestatus|p2a: Tyranitar|slp|[msg]\n|move|p2a: Tyranitar|Curse|p2a: Tyranitar\n|-unboost|p2a: Tyranitar|spe|1\n|-boost|p2a: Tyranitar|atk|1\n|-boost|p2a: Tyranitar|def|1\n|\n|-heal|p1a: aiko|100\/100|[from] item: Leftovers\n|-heal|p2a: Tyranitar|23\/100|[from] item: Leftovers\n|upkeep\n|turn|45\n|c|\u2606tolstoy|crazy aiko\n|inactive|Amaranth has 270 seconds left.\n|\n|t:|1654438185\n|switch|p2a: Forretress|Forretress, M|77\/100\n|move|p1a: aiko|Thunder|p2a: Forretress\n|-damage|p2a: Forretress|27\/100\n|-status|p2a: Forretress|par\n|\n|-heal|p2a: Forretress|33\/100 par|[from] item: Leftovers\n|upkeep\n|turn|46\n|\n|t:|1654438190\n|move|p1a: aiko|Thunder|p2a: Forretress\n|-damage|p2a: Forretress|0 fnt\n|faint|p2a: Forretress\n|\n|t:|1654438191\n|switch|p2a: Tyranitar|Tyranitar, M|23\/100\n|\n|-heal|p2a: Tyranitar|30\/100|[from] item: Leftovers\n|upkeep\n|turn|47\n|\n|t:|1654438197\n|switch|p2a: Vaporeon|Vaporeon, M|100\/100\n|move|p1a: aiko|Ice Beam|p2a: Vaporeon\n|-resisted|p2a: Vaporeon\n|-damage|p2a: Vaporeon|89\/100\n|\n|-heal|p2a: Vaporeon|95\/100|[from] item: Leftovers\n|upkeep\n|turn|48\n|\n|t:|1654438202\n|move|p1a: aiko|Thunder|p2a: Vaporeon\n|-supereffective|p2a: Vaporeon\n|-damage|p2a: Vaporeon|34\/100\n|-status|p2a: Vaporeon|par\n|cant|p2a: Vaporeon|par\n|\n|-heal|p2a: Vaporeon|40\/100 par|[from] item: Leftovers\n|upkeep\n|turn|49\n|\n|t:|1654438208\n|move|p1a: aiko|Thunder|p2a: Vaporeon\n|-supereffective|p2a: Vaporeon\n|-damage|p2a: Vaporeon|0 fnt\n|faint|p2a: Vaporeon\n|\n|t:|1654438210\n|switch|p2a: Tyranitar|Tyranitar, M|30\/100\n|\n|-heal|p2a: Tyranitar|36\/100|[from] item: Leftovers\n|upkeep\n|turn|50\n|inactive|Amaranth has 270 seconds left.\n|\n|t:|1654438251\n|move|p1a: aiko|Ice Beam|p2a: Tyranitar\n|-damage|p2a: Tyranitar|10\/100\n|move|p2a: Tyranitar|Rest|p2a: Tyranitar\n|-status|p2a: Tyranitar|slp|[from] move: Rest\n|-heal|p2a: Tyranitar|100\/100 slp|[silent]\n|\n|upkeep\n|turn|51\n|\n|t:|1654438258\n|switch|p1a: ABR|Ho-Oh|100\/100\n|cant|p2a: Tyranitar|slp\n|\n|upkeep\n|turn|52\n|\n|t:|1654438264\n|move|p1a: ABR|Thunder|p2a: Tyranitar\n|-damage|p2a: Tyranitar|75\/100 slp\n|cant|p2a: Tyranitar|slp\n|\n|-heal|p2a: Tyranitar|82\/100 slp|[from] item: Leftovers\n|upkeep\n|turn|53\n|\n|t:|1654438271\n|switch|p1a: aiko|Mewtwo|100\/100\n|-damage|p1a: aiko|88\/100|[from] Spikes\n|-curestatus|p2a: Tyranitar|slp|[msg]\n|move|p2a: Tyranitar|Rock Slide|p1a: aiko\n|-damage|p1a: aiko|59\/100\n|\n|-heal|p1a: aiko|65\/100|[from] item: Leftovers\n|-heal|p2a: Tyranitar|88\/100|[from] item: Leftovers\n|upkeep\n|turn|54\n|\n|t:|1654438276\n|move|p1a: aiko|Ice Beam|p2a: Tyranitar\n|-damage|p2a: Tyranitar|65\/100\n|move|p2a: Tyranitar|Curse|p2a: Tyranitar\n|-unboost|p2a: Tyranitar|spe|1\n|-boost|p2a: Tyranitar|atk|1\n|-boost|p2a: Tyranitar|def|1\n|\n|-heal|p1a: aiko|71\/100|[from] item: Leftovers\n|-heal|p2a: Tyranitar|71\/100|[from] item: Leftovers\n|upkeep\n|turn|55\n|\n|t:|1654438280\n|move|p1a: aiko|Ice Beam|p2a: Tyranitar\n|-damage|p2a: Tyranitar|44\/100\n|move|p2a: Tyranitar|Rest|p2a: Tyranitar\n|-status|p2a: Tyranitar|slp|[from] move: Rest\n|-heal|p2a: Tyranitar|100\/100 slp|[silent]\n|\n|-heal|p1a: aiko|77\/100|[from] item: Leftovers\n|upkeep\n|turn|56\n|\n|t:|1654438282\n|switch|p1a: ABR|Ho-Oh|100\/100\n|cant|p2a: Tyranitar|slp\n|\n|upkeep\n|turn|57\n|\n|t:|1654438286\n|move|p1a: ABR|Thunder|p2a: Tyranitar\n|-damage|p2a: Tyranitar|75\/100 slp\n|cant|p2a: Tyranitar|slp\n|\n|-heal|p2a: Tyranitar|81\/100 slp|[from] item: Leftovers\n|upkeep\n|turn|58\n|\n|t:|1654438291\n|move|p1a: ABR|Protect|p1a: ABR\n|-singleturn|p1a: ABR|Protect\n|-curestatus|p2a: Tyranitar|slp|[msg]\n|move|p2a: Tyranitar|Rock Slide|p1a: ABR\n|-activate|p1a: ABR|Protect\n|\n|-heal|p2a: Tyranitar|87\/100|[from] item: Leftovers\n|upkeep\n|turn|59\n|\n|t:|1654438294\n|switch|p1a: aiko|Mewtwo|77\/100\n|-damage|p1a: aiko|65\/100|[from] Spikes\n|move|p2a: Tyranitar|Rock Slide|p1a: aiko\n|-damage|p1a: aiko|22\/100\n|\n|-heal|p1a: aiko|28\/100|[from] item: Leftovers\n|-heal|p2a: Tyranitar|93\/100|[from] item: Leftovers\n|upkeep\n|turn|60\n|\n|t:|1654438298\n|move|p1a: aiko|Recover|p1a: aiko\n|-heal|p1a: aiko|78\/100\n|move|p2a: Tyranitar|Curse|p2a: Tyranitar\n|-unboost|p2a: Tyranitar|spe|1\n|-boost|p2a: Tyranitar|atk|1\n|-boost|p2a: Tyranitar|def|1\n|\n|-heal|p1a: aiko|84\/100|[from] item: Leftovers\n|-heal|p2a: Tyranitar|99\/100|[from] item: Leftovers\n|upkeep\n|turn|61\n|\n|t:|1654438301\n|switch|p1a: ABR|Ho-Oh|100\/100\n|move|p2a: Tyranitar|Curse|p2a: Tyranitar\n|-unboost|p2a: Tyranitar|spe|1\n|-boost|p2a: Tyranitar|atk|1\n|-boost|p2a: Tyranitar|def|1\n|\n|-heal|p2a: Tyranitar|100\/100|[from] item: Leftovers\n|upkeep\n|turn|62\n|\n|t:|1654438305\n|move|p1a: ABR|Protect|p1a: ABR\n|-singleturn|p1a: ABR|Protect\n|move|p2a: Tyranitar|Curse|p2a: Tyranitar\n|-unboost|p2a: Tyranitar|spe|1\n|-boost|p2a: Tyranitar|atk|1\n|-boost|p2a: Tyranitar|def|1\n|\n|upkeep\n|turn|63\n|\n|t:|1654438317\n|move|p1a: ABR|Sacred Fire|p2a: Tyranitar\n|-resisted|p2a: Tyranitar\n|-damage|p2a: Tyranitar|85\/100\n|-status|p2a: Tyranitar|brn\n|move|p2a: Tyranitar|Rock Slide|p1a: ABR\n|-supereffective|p1a: ABR\n|-damage|p1a: ABR|0 fnt\n|faint|p1a: ABR\n|\n|t:|1654438324\n|switch|p1a: aiko|Mewtwo|84\/100\n|-damage|p1a: aiko|72\/100|[from] Spikes\n|\n|-heal|p1a: aiko|78\/100|[from] item: Leftovers\n|-heal|p2a: Tyranitar|91\/100 brn|[from] item: Leftovers\n|upkeep\n|turn|64\n|\n|t:|1654438327\n|move|p1a: aiko|Recover|p1a: aiko\n|-heal|p1a: aiko|100\/100\n|move|p2a: Tyranitar|Rest|p2a: Tyranitar\n|-status|p2a: Tyranitar|slp|[from] move: Rest\n|-heal|p2a: Tyranitar|100\/100 slp|[silent]\n|\n|upkeep\n|turn|65\n|\n|t:|1654438329\n|move|p1a: aiko|Thunder|p2a: Tyranitar\n|-damage|p2a: Tyranitar|71\/100 slp\n|cant|p2a: Tyranitar|slp\n|\n|-heal|p2a: Tyranitar|77\/100 slp|[from] item: Leftovers\n|upkeep\n|turn|66\n|\n|t:|1654438332\n|move|p1a: aiko|Thunder|p2a: Tyranitar\n|-damage|p2a: Tyranitar|46\/100 slp\n|cant|p2a: Tyranitar|slp\n|\n|-heal|p2a: Tyranitar|52\/100 slp|[from] item: Leftovers\n|upkeep\n|turn|67\n|c|\u2606tolstoy|GG\n|-message|tolstoy forfeited.\n|\n|win|Amaranth\n|c|\u2606Amaranth|GG\n","uploadtime":1654438338,"views":359,"p1id":"tolstoy","p2id":"amaranth","formatid":"gen2ubers","rating":0,"private":0,"password":null}