{"id":"smogtours-gen8randombattlemayhem-647675","p1":"Mimikyu Stardust","p2":"Kib0","format":"gen8randombattlemayhem","log":"|inactive|Battle timer is ON: inactive players will automatically lose when time's up.\n|t:|1662909170\n|gametype|singles\n|player|p1|Mimikyu Stardust|#mimikyustardust|\n|player|p2|Kib0|pokemonranger-gen4|\n|teamsize|p1|6\n|teamsize|p2|6\n|gen|8\n|tier|[Gen 8] Random Battle Mayhem\n|rule|Species Clause: Limit one of each Pok\u00e9mon\n|rule|HP Percentage Mod: HP is shown in percentages\n|rule|Sleep Clause Mod: Limit one foe put to sleep\n|rule|Dynamax Clause: You cannot dynamax\n|rule|Camomons Mod: Pok\u00e9mon have their types set to match their first two moves.\n|rule|Inverse Mod: Weaknesses become resistances, while resistances and immunities become weaknesses.\n|rule|Scalemons Mod: Every Pokemon's stats, barring HP, are scaled to come as close to a BST of 600 as possible\n|clearpoke\n|poke|p1|Azumarill, L82, M|\n|poke|p1|Zapdos, L80|\n|poke|p1|Luxray, L88, M|\n|poke|p1|Reshiram, L76|\n|poke|p1|Guzzlord, L87|\n|poke|p1|Blacephalon, L80|\n|poke|p2|Farfetch\u2019d, L88, M|\n|poke|p2|Dhelmise, L86|\n|poke|p2|Jellicent, L88, M|\n|poke|p2|Salamence, L82, M|\n|poke|p2|Celebi, L84|\n|poke|p2|Dracovish, L76|\n|teampreview\n|inactive|Mimikyu Stardust has 270 seconds left.\n|inactive|Kib0 has 270 seconds left.\n|inactive|Kib0 has 240 seconds left.\n|\n|t:|1662909235\n|start\n|switch|p1a: Luxray|Luxray, L88, M|284\/284\n|switch|p2a: Dracovish|Dracovish, L76|262\/262\n|-start|p1a: Luxray|typechange|Normal\/Psychic|[silent]\n|-start|p2a: Dracovish|typechange|Water\/Ice|[silent]\n|-start|p1a: Luxray|typechange|Normal\/Psychic|[silent]\n|-start|p2a: Dracovish|typechange|Water\/Ice|[silent]\n|turn|1\n|\n|t:|1662909265\n|move|p1a: Luxray|Agility|p1a: Luxray\n|-boost|p1a: Luxray|spe|2\n|move|p2a: Dracovish|Fishious Rend|p1a: Luxray\n|-damage|p1a: Luxray|104\/284\n|\n|-status|p1a: Luxray|brn|[from] item: Flame Orb\n|upkeep\n|turn|2\n|\n|t:|1662909277\n|switch|p2a: Jellicent|Jellicent, L88, M|319\/319\n|-start|p2a: Jellicent|typechange|Normal\/Poison|[silent]\n|move|p1a: Luxray|Facade|p2a: Jellicent\n|-damage|p2a: Jellicent|28\/319\n|\n|-heal|p2a: Jellicent|47\/319|[from] item: Leftovers\n|-damage|p1a: Luxray|87\/284 brn|[from] brn\n|upkeep\n|-start|p2a: Jellicent|typechange|Normal\/Poison|[silent]\n|turn|3\n|inactive|Kib0 has 270 seconds left.\n|\n|t:|1662909308\n|move|p1a: Luxray|Facade|p2a: Jellicent\n|-damage|p2a: Jellicent|0 fnt\n|faint|p2a: Jellicent\n|\n|-damage|p1a: Luxray|70\/284 brn|[from] brn\n|upkeep\n|\n|t:|1662909318\n|switch|p2a: Celebi|Celebi, L84|305\/305\n|-start|p2a: Celebi|typechange|Psychic\/Grass|[silent]\n|turn|4\n|\n|t:|1662909329\n|move|p1a: Luxray|Facade|p2a: Celebi\n|-damage|p2a: Celebi|19\/305\n|move|p2a: Celebi|Psychic|p1a: Luxray\n|-supereffective|p1a: Luxray\n|-damage|p1a: Luxray|0 fnt\n|faint|p1a: Luxray\n|\n|-heal|p2a: Celebi|38\/305|[from] item: Leftovers\n|upkeep\n|\n|t:|1662909339\n|switch|p1a: Blacephalon|Blacephalon, L80|215\/215\n|-start|p1a: Blacephalon|typechange|Psychic|[silent]\n|-start|p1a: Blacephalon|typechange|Psychic|[silent]\n|turn|5\n|\n|t:|1662909353\n|move|p1a: Blacephalon|Psyshock|p2a: Celebi\n|-supereffective|p2a: Celebi\n|-damage|p2a: Celebi|0 fnt\n|faint|p2a: Celebi\n|-ability|p1a: Blacephalon|Beast Boost|boost\n|-boost|p1a: Blacephalon|spa|1\n|-damage|p1a: Blacephalon|194\/215|[from] item: Life Orb\n|\n|upkeep\n|\n|t:|1662909367\n|switch|p2a: Salamence|Salamence, L82, M|290\/290\n|-start|p2a: Salamence|typechange|Ground\/Flying|[silent]\n|-start|p2a: Salamence|typechange|Ground\/Flying|[silent]\n|turn|6\n|\n|t:|1662909377\n|move|p1a: Blacephalon|Psyshock|p2a: Salamence\n|-damage|p2a: Salamence|47\/290\n|-damage|p1a: Blacephalon|173\/215|[from] item: Life Orb\n|move|p2a: Salamence|Dragon Dance|p2a: Salamence\n|-boost|p2a: Salamence|atk|1\n|-boost|p2a: Salamence|spe|1\n|\n|upkeep\n|turn|7\n|\n|t:|1662909385\n|move|p2a: Salamence|Earthquake|p1a: Blacephalon\n|-damage|p1a: Blacephalon|0 fnt\n|faint|p1a: Blacephalon\n|-ability|p2a: Salamence|Moxie|boost\n|-boost|p2a: Salamence|atk|1\n|\n|upkeep\n|\n|t:|1662909397\n|switch|p1a: Azumarill|Azumarill, L82, M|298\/298\n|-start|p1a: Azumarill|typechange|Water\/Dark|[silent]\n|-start|p1a: Azumarill|typechange|Water\/Dark|[silent]\n|turn|8\n|inactive|Kib0 has 270 seconds left.\n|\n|t:|1662909410\n|move|p2a: Salamence|Earthquake|p1a: Azumarill\n|-damage|p1a: Azumarill|99\/298\n|move|p1a: Azumarill|Knock Off|p2a: Salamence\n|-damage|p2a: Salamence|0 fnt\n|-enditem|p2a: Salamence|Heavy-Duty Boots|[from] move: Knock Off|[of] p1a: Azumarill\n|faint|p2a: Salamence\n|-ability|p1a: Azumarill|Beast Boost|boost\n|-boost|p1a: Azumarill|def|1\n|\n|upkeep\n|\n|t:|1662909417\n|switch|p2a: Dracovish|Dracovish, L76|262\/262\n|-start|p2a: Dracovish|typechange|Water\/Ice|[silent]\n|-start|p2a: Dracovish|typechange|Water\/Ice|[silent]\n|turn|9\n|inactive|Kib0 has 270 seconds left.\n|\n|t:|1662909425\n|move|p2a: Dracovish|Fishious Rend|p1a: Azumarill\n|-supereffective|p1a: Azumarill\n|-damage|p1a: Azumarill|0 fnt\n|faint|p1a: Azumarill\n|-ability|p2a: Dracovish|Moxie|boost\n|-boost|p2a: Dracovish|atk|1\n|\n|upkeep\n|\n|t:|1662909440\n|switch|p1a: Zapdos|Zapdos, L80|275\/275\n|-start|p1a: Zapdos|typechange|Flying\/Electric|[silent]\n|-start|p1a: Zapdos|typechange|Flying\/Electric|[silent]\n|turn|10\n|\n|t:|1662909451\n|move|p1a: Zapdos|Hurricane|p2a: Dracovish|[miss]\n|-miss|p1a: Zapdos|p2a: Dracovish\n|move|p2a: Dracovish|Fishious Rend|p1a: Zapdos\n|-damage|p1a: Zapdos|0 fnt\n|faint|p1a: Zapdos\n|-ability|p2a: Dracovish|Moxie|boost\n|-boost|p2a: Dracovish|atk|1\n|\n|upkeep\n|\n|t:|1662909457\n|switch|p1a: Reshiram|Reshiram, L76|277\/277\n|-start|p1a: Reshiram|typechange|Dragon\/Poison|[silent]\n|-ability|p1a: Reshiram|Turboblaze\n|-start|p1a: Reshiram|typechange|Dragon\/Poison|[silent]\n|turn|11\n|c|\u2606Kib0|i onthT GOOD shit\n|\n|t:|1662909464\n|move|p2a: Dracovish|Fishious Rend|p1a: Reshiram\n|-supereffective|p1a: Reshiram\n|-damage|p1a: Reshiram|0 fnt\n|faint|p1a: Reshiram\n|-ability|p2a: Dracovish|Moxie|boost\n|-boost|p2a: Dracovish|atk|1\n|\n|upkeep\n|\n|t:|1662909467\n|switch|p1a: Guzzlord|Guzzlord, L87|530\/530\n|-ability|p1a: Guzzlord|Turboblaze\n|-start|p1a: Guzzlord|typechange|Dark\/Poison|[silent]\n|-start|p1a: Guzzlord|typechange|Dark\/Poison|[silent]\n|turn|12\n|c|\u2606Mimikyu Stardust|noh\n|\n|t:|1662909472\n|move|p2a: Dracovish|Fishious Rend|p1a: Guzzlord\n|-damage|p1a: Guzzlord|0 fnt\n|-status|p2a: Dracovish|par|[from] ability: Static|[of] p1a: Guzzlord\n|faint|p1a: Guzzlord\n|\n|win|Kib0\n","uploadtime":1662909472,"views":6,"p1id":"mimikyustardust","p2id":"kib0","formatid":"gen8randombattlemayhem","rating":0,"private":0,"password":null}