{"id":"smogtours-gen8randombattle-600649","p1":"The Last Hero","p2":"Hara Corleone","format":"gen8randombattle","log":"|inactive|Battle timer is ON: inactive players will automatically lose when time's up.\n|t:|1641490579\n|gametype|singles\n|player|p1|The Last Hero|acetrainersnow|\n|player|p2|Hara Corleone|roxanne|\n|teamsize|p1|6\n|teamsize|p2|6\n|gen|8\n|tier|[Gen 8] Random Battle\n|rule|Species Clause: Limit one of each Pok\u00e9mon\n|rule|HP Percentage Mod: HP is shown in percentages\n|rule|Sleep Clause Mod: Limit one foe put to sleep\n|\n|t:|1641490579\n|start\n|switch|p1a: Kabutops|Kabutops, L82, F|233\/233\n|switch|p2a: Beheeyem|Beheeyem, L86, F|269\/269\n|turn|1\n|\n|t:|1641490587\n|switch|p1a: Obstagoon|Obstagoon, L80, F|280\/280\n|move|p2a: Beheeyem|Thunderbolt|p1a: Obstagoon\n|-damage|p1a: Obstagoon|91\/280\n|\n|-status|p1a: Obstagoon|brn|[from] item: Flame Orb\n|upkeep\n|turn|2\n|\n|t:|1641490599\n|switch|p2a: Sandslash|Sandslash, L86, M|269\/269\n|move|p1a: Obstagoon|Knock Off|p2a: Sandslash\n|-damage|p2a: Sandslash|152\/269\n|-enditem|p2a: Sandslash|Leftovers|[from] move: Knock Off|[of] p1a: Obstagoon\n|\n|-damage|p1a: Obstagoon|74\/280 brn|[from] brn\n|upkeep\n|turn|3\n|\n|t:|1641490605\n|move|p1a: Obstagoon|Facade|p2a: Sandslash\n|-damage|p2a: Sandslash|0 fnt\n|faint|p2a: Sandslash\n|\n|-damage|p1a: Obstagoon|57\/280 brn|[from] brn\n|upkeep\n|\n|t:|1641490613\n|switch|p2a: Tauros|Tauros, L82, M|257\/257\n|turn|4\n|\n|t:|1641490618\n|switch|p1a: Kabutops|Kabutops, L82, F|233\/233\n|move|p2a: Tauros|Body Slam|p1a: Kabutops\n|-resisted|p1a: Kabutops\n|-damage|p1a: Kabutops|164\/233\n|\n|upkeep\n|turn|5\n|inactive|Hara Corleone has 270 seconds left.\n|\n|t:|1641490661\n|move|p2a: Tauros|Close Combat|p1a: Kabutops\n|-supereffective|p1a: Kabutops\n|-damage|p1a: Kabutops|0 fnt\n|-unboost|p2a: Tauros|def|1\n|-unboost|p2a: Tauros|spd|1\n|faint|p1a: Kabutops\n|-damage|p2a: Tauros|232\/257|[from] item: Life Orb\n|\n|upkeep\n|\n|t:|1641490672\n|switch|p1a: Barraskewda|Barraskewda, L80, M|229\/229\n|turn|6\n|\n|t:|1641490676\n|switch|p2a: Slowking|Slowking, L86, F|304\/304\n|move|p1a: Barraskewda|Liquidation|p2a: Slowking\n|-resisted|p2a: Slowking\n|-damage|p2a: Slowking|226\/304\n|\n|-heal|p2a: Slowking|245\/304|[from] item: Leftovers\n|upkeep\n|turn|7\n|\n|t:|1641490680\n|switch|p1a: Chansey|Chansey, L84, F|557\/557\n|move|p2a: Slowking|Scald|p1a: Chansey\n|-crit|p1a: Chansey\n|-damage|p1a: Chansey|478\/557\n|\n|-heal|p2a: Slowking|264\/304|[from] item: Leftovers\n|upkeep\n|turn|8\n|\n|t:|1641490683\n|move|p1a: Chansey|Stealth Rock|p2a: Slowking\n|-sidestart|p2: Hara Corleone|move: Stealth Rock\n|move|p2a: Slowking|Toxic|p1a: Chansey\n|-status|p1a: Chansey|tox\n|\n|-heal|p2a: Slowking|283\/304|[from] item: Leftovers\n|-damage|p1a: Chansey|444\/557 tox|[from] psn\n|upkeep\n|turn|9\n|\n|t:|1641490691\n|switch|p2a: Tauros|Tauros, L82, M|232\/257\n|-damage|p2a: Tauros|200\/257|[from] Stealth Rock\n|move|p1a: Chansey|Toxic|p2a: Tauros\n|-status|p2a: Tauros|tox\n|\n|-damage|p2a: Tauros|184\/257 tox|[from] psn\n|-damage|p1a: Chansey|376\/557 tox|[from] psn\n|upkeep\n|turn|10\n|\n|t:|1641490696\n|-curestatus|p1a: Chansey|tox|[from] ability: Natural Cure\n|switch|p1a: Sylveon|Sylveon, L84, M|297\/297\n|move|p2a: Tauros|Body Slam|p1a: Sylveon\n|-damage|p1a: Sylveon|128\/297\n|\n|-heal|p1a: Sylveon|146\/297|[from] item: Leftovers\n|-damage|p2a: Tauros|152\/257 tox|[from] psn\n|upkeep\n|turn|11\n|\n|t:|1641490702\n|switch|p1a: Chansey|Chansey, L84, F|376\/557\n|move|p2a: Tauros|Body Slam|p1a: Chansey\n|-damage|p1a: Chansey|16\/557\n|\n|-damage|p2a: Tauros|104\/257 tox|[from] psn\n|upkeep\n|turn|12\n|\n|t:|1641490712\n|move|p2a: Tauros|Body Slam|p1a: Chansey\n|-damage|p1a: Chansey|0 fnt\n|faint|p1a: Chansey\n|\n|-damage|p2a: Tauros|40\/257 tox|[from] psn\n|upkeep\n|\n|t:|1641490714\n|switch|p1a: Barraskewda|Barraskewda, L80, M|229\/229\n|turn|13\n|\n|t:|1641490718\n|move|p1a: Barraskewda|Crunch|p2a: Tauros\n|-damage|p2a: Tauros|0 fnt\n|faint|p2a: Tauros\n|\n|upkeep\n|\n|t:|1641490722\n|switch|p2a: Kyogre|Kyogre, L72|263\/263\n|-damage|p2a: Kyogre|231\/263|[from] Stealth Rock\n|-weather|RainDance|[from] ability: Drizzle|[of] p2a: Kyogre\n|turn|14\n|\n|t:|1641490728\n|switch|p1a: Sylveon|Sylveon, L84, M|146\/297\n|-start|p2a: Kyogre|Dynamax\n|-heal|p2a: Kyogre|462\/526|[silent]\n|move|p2a: Kyogre|Max Lightning|p1a: Sylveon\n|-damage|p1a: Sylveon|63\/297\n|-fieldstart|move: Electric Terrain\n|\n|-weather|RainDance|[upkeep]\n|-heal|p2a: Kyogre|478\/526|[from] item: Leftovers\n|-heal|p1a: Sylveon|81\/297|[from] item: Leftovers\n|upkeep\n|turn|15\n|\n|t:|1641490732\n|move|p2a: Kyogre|Max Lightning|p1a: Sylveon\n|-damage|p1a: Sylveon|0 fnt\n|faint|p1a: Sylveon\n|\n|-weather|RainDance|[upkeep]\n|-heal|p2a: Kyogre|494\/526|[from] item: Leftovers\n|upkeep\n|\n|t:|1641490739\n|switch|p1a: Victini|Victini, L78|283\/283\n|turn|16\n|\n|t:|1641490744\n|-start|p1a: Victini|Dynamax\n|-heal|p1a: Victini|566\/566|[silent]\n|move|p1a: Victini|Max Lightning|p2a: Kyogre\n|-supereffective|p2a: Kyogre\n|-damage|p2a: Kyogre|226\/526\n|move|p2a: Kyogre|Max Geyser|p1a: Victini\n|-supereffective|p1a: Victini\n|-damage|p1a: Victini|240\/566\n|\n|-weather|RainDance|[upkeep]\n|-heal|p2a: Kyogre|242\/526|[from] item: Leftovers\n|-end|p2a: Kyogre|Dynamax\n|-heal|p2a: Kyogre|121\/263|[silent]\n|upkeep\n|turn|17\n|\n|t:|1641490749\n|move|p1a: Victini|Max Lightning|p2a: Kyogre\n|-supereffective|p2a: Kyogre\n|-damage|p2a: Kyogre|0 fnt\n|faint|p2a: Kyogre\n|\n|-weather|RainDance|[upkeep]\n|upkeep\n|\n|t:|1641490761\n|switch|p2a: Slowking|Slowking, L86, F|304\/304\n|-damage|p2a: Slowking|266\/304|[from] Stealth Rock\n|turn|18\n|\n|t:|1641490766\n|move|p1a: Victini|Max Lightning|p2a: Slowking\n|-supereffective|p2a: Slowking\n|-damage|p2a: Slowking|26\/304\n|move|p2a: Slowking|Toxic|p1a: Victini\n|-status|p1a: Victini|tox\n|\n|-weather|none\n|-heal|p2a: Slowking|45\/304|[from] item: Leftovers\n|-damage|p1a: Victini|223\/566 tox|[from] psn\n|-fieldend|move: Electric Terrain\n|-end|p1a: Victini|Dynamax\n|-heal|p1a: Victini|112\/283 tox|[silent]\n|upkeep\n|turn|19\n|\n|t:|1641490775\n|switch|p2a: Genesect|Genesect-Douse, L74|227\/227\n|-damage|p2a: Genesect|199\/227|[from] Stealth Rock\n|-ability|p2a: Genesect|Download|boost\n|-boost|p2a: Genesect|spa|1\n|move|p1a: Victini|Energy Ball|p2a: Genesect\n|-resisted|p2a: Genesect\n|-damage|p2a: Genesect|184\/227\n|\n|-damage|p1a: Victini|78\/283 tox|[from] psn\n|upkeep\n|turn|20\n|\n|t:|1641490787\n|switch|p2a: Slowking|Slowking, L86, F|146\/304\n|-damage|p2a: Slowking|108\/304|[from] Stealth Rock\n|move|p1a: Victini|Blue Flare|p2a: Slowking|[miss]\n|-miss|p1a: Victini|p2a: Slowking\n|\n|-heal|p2a: Slowking|127\/304|[from] item: Leftovers\n|-damage|p1a: Victini|27\/283 tox|[from] psn\n|upkeep\n|turn|21\n|\n|t:|1641490796\n|move|p1a: Victini|Bolt Strike|p2a: Slowking\n|-supereffective|p2a: Slowking\n|-damage|p2a: Slowking|0 fnt\n|faint|p2a: Slowking\n|\n|-damage|p1a: Victini|0 fnt|[from] psn\n|faint|p1a: Victini\n|upkeep\n|\n|t:|1641490804\n|switch|p1a: Barraskewda|Barraskewda, L80, M|229\/229\n|switch|p2a: Genesect|Genesect-Douse, L74|184\/227\n|-damage|p2a: Genesect|156\/227|[from] Stealth Rock\n|-ability|p2a: Genesect|Download|boost\n|-boost|p2a: Genesect|spa|1\n|turn|22\n|\n|t:|1641490808\n|move|p1a: Barraskewda|Liquidation|p2a: Genesect\n|-damage|p2a: Genesect|9\/227\n|move|p2a: Genesect|Thunderbolt|p1a: Barraskewda\n|-supereffective|p1a: Barraskewda\n|-damage|p1a: Barraskewda|0 fnt\n|faint|p1a: Barraskewda\n|\n|upkeep\n|\n|t:|1641490811\n|switch|p1a: Obstagoon|Obstagoon, L80, F|57\/280 brn\n|turn|23\n|\n|t:|1641490815\n|move|p1a: Obstagoon|Knock Off|p2a: Genesect\n|-damage|p2a: Genesect|0 fnt\n|faint|p2a: Genesect\n|\n|-damage|p1a: Obstagoon|40\/280 brn|[from] brn\n|upkeep\n|\n|t:|1641490817\n|switch|p2a: Beheeyem|Beheeyem, L86, F|269\/269\n|-damage|p2a: Beheeyem|236\/269|[from] Stealth Rock\n|turn|24\n|c|\u2606The Last Hero|gg\n|\n|t:|1641490820\n|move|p1a: Obstagoon|Knock Off|p2a: Beheeyem\n|-supereffective|p2a: Beheeyem\n|-damage|p2a: Beheeyem|0 fnt\n|-enditem|p2a: Beheeyem|Choice Specs|[from] move: Knock Off|[of] p1a: Obstagoon\n|faint|p2a: Beheeyem\n|\n|win|The Last Hero\n","inputlog":">version eb93b888755b43e2e7e090fc5a133c1240022351\n>start {\"formatid\":\"gen8randombattle\",\"seed\":[48019,42783,2791,32187]}\n>player p1 {\"name\":\"The Last Hero\",\"avatar\":\"acetrainersnow\",\"rating\":0,\"seed\":[51448,21663,49838,50989]}\n>player p2 {\"name\":\"Hara Corleone\",\"avatar\":\"roxanne\",\"rating\":0,\"seed\":[34990,41756,51399,16471]}\n>p1 switch 4\n>p2 move thunderbolt\n>p1 move knockoff\n>p2 switch 5\n>p1 move facade\n>p2 move earthquake\n>p2 switch 4\n>p1 switch 4\n>p2 move bodyslam\n>p1 move liquidation\n>p2 move closecombat\n>p1 switch 6\n>p1 move liquidation\n>p2 switch 2\n>p1 switch 5\n>p2 move scald\n>p1 move stealthrock\n>p2 move toxic\n>p1 move toxic\n>p2 switch 2\n>p1 switch 2\n>p2 move bodyslam\n>p1 switch 2\n>p2 move bodyslam\n>p1 move softboiled\n>p2 move bodyslam\n>p1 switch 5\n>p1 move crunch\n>p2 move bodyslam\n>p2 switch 3\n>p1 switch 2\n>p2 move thunder dynamax\n>p1 move hypervoice\n>p2 move thunder dynamax\n>p1 switch 3\n>p1 move boltstrike dynamax\n>p2 move originpulse dynamax\n>p1 move boltstrike dynamax\n>p2 move originpulse\n>p2 switch 2\n>p1 move boltstrike dynamax\n>p2 move toxic\n>p1 move energyball\n>p2 switch 6\n>p1 move blueflare\n>p2 switch 6\n>p1 move boltstrike\n>p2 move slackoff\n>p1 switch 2\n>p2 switch 6\n>p1 move liquidation\n>p2 move thunderbolt\n>p1 switch 4\n>p1 move knockoff\n>p2 move thunderbolt\n>p2 switch 5\n>chat \u2606The Last Hero|gg\n>p1 move knockoff\n>p2 move thunderbolt","uploadtime":1641490821,"views":11,"p1id":"thelasthero","p2id":"haracorleone","formatid":"gen8randombattle","rating":0,"private":0,"password":null}