{"id":"smogtours-gen8nationaldex-657831","p1":"Ganjafin \u2764","p2":"clean","format":"gen8nationaldex","log":"|inactive|Battle timer is ON: inactive players will automatically lose when time's up.\n|t:|1667063063\n|gametype|singles\n|player|p1|Ganjafin \u2764|steven-masters2|\n|player|p2|clean|nate|\n|teamsize|p1|6\n|teamsize|p2|6\n|gen|8\n|tier|[Gen 8] National Dex\n|rule|HP Percentage Mod: HP is shown in percentages\n|rule|Endless Battle Clause: Forcing endless battles is banned\n|rule|OHKO Clause: OHKO moves are banned\n|rule|Evasion Moves Clause: Evasion moves are banned\n|rule|Species Clause: Limit one of each Pok\u00e9mon\n|rule|Dynamax Clause: You cannot dynamax\n|rule|Sleep Clause Mod: Limit one foe put to sleep\n|clearpoke\n|poke|p1|Volcanion|\n|poke|p1|Diancie|\n|poke|p1|Weavile, M|\n|poke|p1|Corviknight, M|\n|poke|p1|Tapu Fini|\n|poke|p1|Landorus-Therian, M|\n|poke|p2|Tyranitar, M|\n|poke|p2|Celesteela|\n|poke|p2|Excadrill, M|\n|poke|p2|Reuniclus, F|\n|poke|p2|Clefable, M|\n|poke|p2|Toxapex, F|\n|teampreview\n|inactive|clean also wants the timer to be on.\n|inactive|Ganjafin \u2764 disconnected and has 300 seconds to reconnect!\n|player|p1|\n|inactive|clean has 270 seconds left.\n|inactive|Ganjafin \u2764 reconnected and has 275 seconds left.\n|player|p1|Ganjafin \u2764|steven-masters2\n|inactive|Ganjafin \u2764 has 270 seconds left.\n|c|\u2606Ganjafin \u2764|Hf\n|c|\u2606clean|hf\n|inactive|clean has 240 seconds left.\n|\n|t:|1667063145\n|start\n|switch|p1a: Volcanion|Volcanion|100\/100\n|switch|p2a: Clefable|Clefable, M|100\/100\n|turn|1\n|\n|t:|1667063153\n|move|p1a: Volcanion|Substitute|p1a: Volcanion\n|-start|p1a: Volcanion|Substitute\n|-damage|p1a: Volcanion|76\/100\n|move|p2a: Clefable|Thunder Wave||[still]\n|-fail|p2a: Clefable\n|\n|-heal|p1a: Volcanion|82\/100|[from] item: Leftovers\n|upkeep\n|turn|2\n|inactive|clean has 270 seconds left.\n|\n|t:|1667063184\n|move|p1a: Volcanion|Steam Eruption|p2a: Clefable\n|-damage|p2a: Clefable|58\/100\n|move|p2a: Clefable|Calm Mind|p2a: Clefable\n|-boost|p2a: Clefable|spa|1\n|-boost|p2a: Clefable|spd|1\n|\n|-heal|p1a: Volcanion|88\/100|[from] item: Leftovers\n|-heal|p2a: Clefable|64\/100|[from] item: Leftovers\n|upkeep\n|turn|3\n|\n|t:|1667063205\n|switch|p1a: Tapu Fini|Tapu Fini|100\/100\n|-fieldstart|move: Misty Terrain|[from] ability: Misty Surge|[of] p1a: Tapu Fini\n|move|p2a: Clefable|Soft-Boiled|p2a: Clefable\n|-heal|p2a: Clefable|100\/100\n|\n|upkeep\n|turn|4\n|inactive|clean has 270 seconds left.\n|\n|t:|1667063228\n|switch|p1a: Landorus|Landorus-Therian, M|100\/100\n|-ability|p1a: Landorus|Intimidate|boost\n|-unboost|p2a: Clefable|atk|1\n|switch|p2a: Toxapex|Toxapex, F|100\/100\n|\n|upkeep\n|turn|5\n|inactive|clean has 270 seconds left.\n|\n|t:|1667063243\n|switch|p2a: Celesteela|Celesteela|100\/100\n|move|p1a: Landorus|Stealth Rock|p2a: Celesteela\n|-sidestart|p2: clean|move: Stealth Rock\n|\n|upkeep\n|turn|6\n|inactive|clean has 270 seconds left.\n|\n|t:|1667063248\n|switch|p1a: Corviknight|Corviknight, M|100\/100\n|-ability|p1a: Corviknight|Pressure\n|move|p2a: Celesteela|Leech Seed|p1a: Corviknight\n|-start|p1a: Corviknight|move: Leech Seed\n|\n|-damage|p1a: Corviknight|88\/100|[from] Leech Seed|[of] p2a: Celesteela\n|upkeep\n|turn|7\n|\n|t:|1667063254\n|switch|p1a: Volcanion|Volcanion|88\/100\n|move|p2a: Celesteela|Leech Seed|p1a: Volcanion\n|-start|p1a: Volcanion|move: Leech Seed\n|\n|-heal|p1a: Volcanion|94\/100|[from] item: Leftovers\n|-damage|p1a: Volcanion|81\/100|[from] Leech Seed|[of] p2a: Celesteela\n|-fieldend|Misty Terrain\n|upkeep\n|turn|8\n|\n|t:|1667063262\n|switch|p1a: Landorus|Landorus-Therian, M|100\/100\n|-ability|p1a: Landorus|Intimidate|boost\n|-unboost|p2a: Celesteela|atk|1\n|switch|p2a: Clefable|Clefable, M|100\/100\n|\n|upkeep\n|turn|9\n|inactive|clean has 270 seconds left.\n|\n|t:|1667063289\n|switch|p2a: Celesteela|Celesteela|100\/100\n|-damage|p2a: Celesteela|88\/100|[from] Stealth Rock\n|move|p1a: Landorus|Knock Off|p2a: Celesteela\n|-damage|p2a: Celesteela|61\/100\n|-enditem|p2a: Celesteela|Leftovers|[from] move: Knock Off|[of] p1a: Landorus\n|\n|upkeep\n|turn|10\n|\n|t:|1667063297\n|move|p1a: Landorus|U-turn|p2a: Celesteela\n|-resisted|p2a: Celesteela\n|-damage|p2a: Celesteela|56\/100\n|\n|t:|1667063300\n|switch|p1a: Volcanion|Volcanion|81\/100|[from]move: U-turn\n|move|p2a: Celesteela|Leech Seed|p1a: Volcanion\n|-start|p1a: Volcanion|move: Leech Seed\n|\n|-heal|p1a: Volcanion|87\/100|[from] item: Leftovers\n|-damage|p1a: Volcanion|75\/100|[from] Leech Seed|[of] p2a: Celesteela\n|-heal|p2a: Celesteela|66\/100|[silent]\n|upkeep\n|turn|11\n|\n|t:|1667063315\n|switch|p1a: Diancie|Diancie|100\/100\n|move|p2a: Celesteela|Protect||[still]\n|-fail|p2a: Celesteela\n|\n|upkeep\n|turn|12\n|\n|t:|1667063322\n|switch|p1a: Volcanion|Volcanion|75\/100\n|move|p2a: Celesteela|Heavy Slam|p1a: Volcanion\n|-resisted|p1a: Volcanion\n|-crit|p1a: Volcanion\n|-damage|p1a: Volcanion|61\/100\n|\n|-heal|p1a: Volcanion|67\/100|[from] item: Leftovers\n|upkeep\n|turn|13\n|\n|t:|1667063332\n|switch|p2a: Toxapex|Toxapex, F|100\/100\n|-damage|p2a: Toxapex|88\/100|[from] Stealth Rock\n|move|p1a: Volcanion|Steam Eruption|p2a: Toxapex\n|-resisted|p2a: Toxapex\n|-damage|p2a: Toxapex|69\/100\n|\n|-heal|p1a: Volcanion|73\/100|[from] item: Leftovers\n|-heal|p2a: Toxapex|75\/100|[from] item: Black Sludge\n|upkeep\n|turn|14\n|\n|t:|1667063340\n|move|p1a: Volcanion|Substitute|p1a: Volcanion\n|-start|p1a: Volcanion|Substitute\n|-damage|p1a: Volcanion|48\/100\n|move|p2a: Toxapex|Toxic Spikes|p1a: Volcanion\n|-sidestart|p1: Ganjafin \u2764|move: Toxic Spikes\n|\n|-heal|p1a: Volcanion|54\/100|[from] item: Leftovers\n|-heal|p2a: Toxapex|82\/100|[from] item: Black Sludge\n|upkeep\n|turn|15\n|\n|t:|1667063353\n|switch|p2a: Clefable|Clefable, M|100\/100\n|move|p1a: Volcanion|Earth Power|p2a: Clefable\n|-damage|p2a: Clefable|77\/100\n|\n|-heal|p1a: Volcanion|60\/100|[from] item: Leftovers\n|-heal|p2a: Clefable|83\/100|[from] item: Leftovers\n|upkeep\n|turn|16\n|\n|t:|1667063359\n|move|p1a: Volcanion|Flamethrower|p2a: Clefable\n|-damage|p2a: Clefable|47\/100\n|move|p2a: Clefable|Calm Mind|p2a: Clefable\n|-boost|p2a: Clefable|spa|1\n|-boost|p2a: Clefable|spd|1\n|\n|-heal|p1a: Volcanion|66\/100|[from] item: Leftovers\n|-heal|p2a: Clefable|54\/100|[from] item: Leftovers\n|upkeep\n|turn|17\n|\n|t:|1667063363\n|switch|p1a: Corviknight|Corviknight, M|88\/100\n|-ability|p1a: Corviknight|Pressure\n|move|p2a: Clefable|Soft-Boiled|p2a: Clefable\n|-heal|p2a: Clefable|100\/100\n|\n|-heal|p1a: Corviknight|94\/100|[from] item: Leftovers\n|upkeep\n|turn|18\n|\n|t:|1667063368\n|move|p1a: Corviknight|Defog|p2a: Clefable\n|-unboost|p2a: Clefable|evasion|1\n|-sideend|p2: clean|Stealth Rock|[from] move: Defog|[of] p1a: Corviknight\n|-sideend|p1: Ganjafin \u2764|Toxic Spikes|[from] move: Defog|[of] p1a: Corviknight\n|move|p2a: Clefable|Thunder Wave|p1a: Corviknight\n|-status|p1a: Corviknight|par\n|\n|-heal|p1a: Corviknight|100\/100 par|[from] item: Leftovers\n|upkeep\n|turn|19\n|\n|t:|1667063374\n|move|p2a: Clefable|Calm Mind|p2a: Clefable\n|-boost|p2a: Clefable|spa|1\n|-boost|p2a: Clefable|spd|1\n|move|p1a: Corviknight|U-turn|p2a: Clefable\n|-resisted|p2a: Clefable\n|-damage|p2a: Clefable|94\/100\n|\n|t:|1667063375\n|switch|p1a: Tapu Fini|Tapu Fini|100\/100|[from]move: U-turn\n|-fieldstart|move: Misty Terrain|[from] ability: Misty Surge|[of] p1a: Tapu Fini\n|\n|-heal|p2a: Clefable|99\/100|[from] item: Leftovers\n|upkeep\n|turn|20\n|\n|t:|1667063381\n|switch|p1a: Landorus|Landorus-Therian, M|100\/100\n|-ability|p1a: Landorus|Intimidate|boost\n|-unboost|p2a: Clefable|atk|1\n|switch|p2a: Tyranitar|Tyranitar, M|100\/100\n|-weather|Sandstorm|[from] ability: Sand Stream|[of] p2a: Tyranitar\n|\n|-weather|Sandstorm|[upkeep]\n|upkeep\n|turn|21\n|\n|t:|1667063388\n|switch|p2a: Celesteela|Celesteela|66\/100\n|move|p1a: Landorus|U-turn|p2a: Celesteela\n|-resisted|p2a: Celesteela\n|-damage|p2a: Celesteela|61\/100\n|\n|t:|1667063398\n|switch|p1a: Volcanion|Volcanion|66\/100|[from]move: U-turn\n|\n|-weather|Sandstorm|[upkeep]\n|-damage|p1a: Volcanion|60\/100|[from] Sandstorm\n|-heal|p1a: Volcanion|66\/100|[from] item: Leftovers\n|upkeep\n|turn|22\n|\n|t:|1667063402\n|switch|p1a: Diancie|Diancie|100\/100\n|switch|p2a: Toxapex|Toxapex, F|100\/100\n|\n|-weather|Sandstorm|[upkeep]\n|-damage|p2a: Toxapex|94\/100|[from] Sandstorm\n|-heal|p2a: Toxapex|100\/100|[from] item: Black Sludge\n|upkeep\n|turn|23\n|\n|t:|1667063409\n|detailschange|p1a: Diancie|Diancie-Mega\n|-mega|p1a: Diancie|Diancie|Diancite\n|move|p1a: Diancie|Earth Power|p2a: Toxapex\n|-supereffective|p2a: Toxapex\n|-damage|p2a: Toxapex|55\/100\n|move|p2a: Toxapex|Scald|p1a: Diancie\n|-supereffective|p1a: Diancie\n|-damage|p1a: Diancie|73\/100\n|\n|-weather|Sandstorm|[upkeep]\n|-damage|p2a: Toxapex|49\/100|[from] Sandstorm\n|-heal|p2a: Toxapex|55\/100|[from] item: Black Sludge\n|-fieldend|Misty Terrain\n|upkeep\n|turn|24\n|\n|t:|1667063424\n|move|p1a: Diancie|Diamond Storm|p2a: Toxapex\n|-damage|p2a: Toxapex|15\/100\n|-boost|p1a: Diancie|def|2\n|move|p2a: Toxapex|Recover|p2a: Toxapex\n|-heal|p2a: Toxapex|65\/100\n|\n|-weather|none\n|-heal|p2a: Toxapex|72\/100|[from] item: Black Sludge\n|upkeep\n|turn|25\n|\n|t:|1667063434\n|move|p1a: Diancie|Earth Power|p2a: Toxapex\n|-supereffective|p2a: Toxapex\n|-damage|p2a: Toxapex|19\/100\n|-unboost|p2a: Toxapex|spd|1\n|move|p2a: Toxapex|Recover|p2a: Toxapex\n|-heal|p2a: Toxapex|69\/100\n|\n|-heal|p2a: Toxapex|75\/100|[from] item: Black Sludge\n|upkeep\n|turn|26\n|inactive|clean has 270 seconds left.\n|inactive|clean has 240 seconds left.\n|inactive|clean has 210 seconds left.\n|\n|t:|1667063532\n|move|p1a: Diancie|Earth Power|p2a: Toxapex\n|-supereffective|p2a: Toxapex\n|-damage|p2a: Toxapex|0 fnt\n|faint|p2a: Toxapex\n|\n|upkeep\n|\n|t:|1667063538\n|switch|p2a: Celesteela|Celesteela|61\/100\n|turn|27\n|inactive|clean has 210 seconds left.\n|\n|t:|1667063549\n|move|p1a: Diancie|Mystical Fire|p2a: Celesteela\n|-supereffective|p2a: Celesteela\n|-damage|p2a: Celesteela|21\/100\n|-unboost|p2a: Celesteela|spa|1\n|move|p2a: Celesteela|Heavy Slam|p1a: Diancie\n|-supereffective|p1a: Diancie\n|-damage|p1a: Diancie|0 fnt\n|faint|p1a: Diancie\n|-ability|p2a: Celesteela|Beast Boost|boost\n|-boost|p2a: Celesteela|spd|1\n|\n|upkeep\n|\n|t:|1667063560\n|switch|p1a: Volcanion|Volcanion|66\/100\n|turn|28\n|\n|t:|1667063565\n|switch|p2a: Clefable|Clefable, M|99\/100\n|move|p1a: Volcanion|Flamethrower|p2a: Clefable\n|-damage|p2a: Clefable|64\/100\n|\n|-heal|p1a: Volcanion|72\/100|[from] item: Leftovers\n|-heal|p2a: Clefable|70\/100|[from] item: Leftovers\n|upkeep\n|turn|29\n|\n|t:|1667063568\n|switch|p1a: Tapu Fini|Tapu Fini|100\/100\n|-fieldstart|move: Misty Terrain|[from] ability: Misty Surge|[of] p1a: Tapu Fini\n|move|p2a: Clefable|Soft-Boiled|p2a: Clefable\n|-heal|p2a: Clefable|100\/100\n|\n|upkeep\n|turn|30\n|\n|t:|1667063576\n|switch|p2a: Celesteela|Celesteela|21\/100\n|move|p1a: Tapu Fini|Moonblast|p2a: Celesteela\n|-resisted|p2a: Celesteela\n|-damage|p2a: Celesteela|11\/100\n|\n|upkeep\n|turn|31\n|\n|t:|1667063580\n|move|p1a: Tapu Fini|Moonblast|p2a: Celesteela\n|-resisted|p2a: Celesteela\n|-damage|p2a: Celesteela|1\/100\n|move|p2a: Celesteela|Leech Seed|p1a: Tapu Fini\n|-start|p1a: Tapu Fini|move: Leech Seed\n|\n|-damage|p1a: Tapu Fini|88\/100|[from] Leech Seed|[of] p2a: Celesteela\n|-heal|p2a: Celesteela|12\/100|[silent]\n|upkeep\n|turn|32\n|\n|t:|1667063592\n|switch|p1a: Weavile|Weavile, M|100\/100\n|-ability|p1a: Weavile|Pressure\n|switch|p2a: Clefable|Clefable, M|100\/100\n|\n|upkeep\n|turn|33\n|\n|t:|1667063597\n|switch|p1a: Corviknight|Corviknight, M|100\/100 par\n|-ability|p1a: Corviknight|Pressure\n|move|p2a: Clefable|Moonblast|p1a: Corviknight\n|-resisted|p1a: Corviknight\n|-crit|p1a: Corviknight\n|-damage|p1a: Corviknight|79\/100 par\n|\n|-heal|p1a: Corviknight|86\/100 par|[from] item: Leftovers\n|-fieldend|Misty Terrain\n|upkeep\n|turn|34\n|\n|t:|1667063603\n|move|p2a: Clefable|Calm Mind|p2a: Clefable\n|-boost|p2a: Clefable|spa|1\n|-boost|p2a: Clefable|spd|1\n|move|p1a: Corviknight|U-turn|p2a: Clefable\n|-resisted|p2a: Clefable\n|-damage|p2a: Clefable|94\/100\n|\n|t:|1667063611\n|switch|p1a: Tapu Fini|Tapu Fini|88\/100|[from]move: U-turn\n|-fieldstart|move: Misty Terrain|[from] ability: Misty Surge|[of] p1a: Tapu Fini\n|\n|-heal|p2a: Clefable|100\/100|[from] item: Leftovers\n|upkeep\n|turn|35\n|\n|t:|1667063620\n|switch|p1a: Corviknight|Corviknight, M|86\/100 par\n|-ability|p1a: Corviknight|Pressure\n|switch|p2a: Tyranitar|Tyranitar, M|100\/100\n|-weather|Sandstorm|[from] ability: Sand Stream|[of] p2a: Tyranitar\n|\n|-weather|Sandstorm|[upkeep]\n|-heal|p1a: Corviknight|92\/100 par|[from] item: Leftovers\n|upkeep\n|turn|36\n|inactive|clean has 270 seconds left.\n|\n|t:|1667063628\n|switch|p2a: Reuniclus|Reuniclus, F|100\/100\n|cant|p1a: Corviknight|par\n|\n|-weather|Sandstorm|[upkeep]\n|-heal|p1a: Corviknight|98\/100 par|[from] item: Leftovers\n|upkeep\n|turn|37\n|\n|t:|1667063633\n|move|p2a: Reuniclus|Calm Mind|p2a: Reuniclus\n|-boost|p2a: Reuniclus|spa|1\n|-boost|p2a: Reuniclus|spd|1\n|move|p1a: Corviknight|U-turn|p2a: Reuniclus\n|-supereffective|p2a: Reuniclus\n|-damage|p2a: Reuniclus|78\/100\n|\n|t:|1667063635\n|switch|p1a: Weavile|Weavile, M|100\/100|[from]move: U-turn\n|-ability|p1a: Weavile|Pressure\n|\n|-weather|Sandstorm|[upkeep]\n|-damage|p1a: Weavile|94\/100|[from] Sandstorm\n|upkeep\n|turn|38\n|\n|t:|1667063639\n|move|p1a: Weavile|Triple Axel|p2a: Reuniclus\n|-damage|p2a: Reuniclus|68\/100\n|-damage|p2a: Reuniclus|45\/100\n|-damage|p2a: Reuniclus|11\/100\n|-hitcount|p2a: Reuniclus|3\n|move|p2a: Reuniclus|Focus Blast|p1a: Weavile|[miss]\n|-miss|p2a: Reuniclus|p1a: Weavile\n|\n|-weather|Sandstorm|[upkeep]\n|-damage|p1a: Weavile|88\/100|[from] Sandstorm\n|-fieldend|Misty Terrain\n|upkeep\n|turn|39\n|\n|t:|1667063652\n|switch|p2a: Celesteela|Celesteela|12\/100\n|move|p1a: Weavile|Triple Axel|p2a: Celesteela\n|-damage|p2a: Celesteela|0 fnt\n|faint|p2a: Celesteela\n|-hitcount|p2: Celesteela|1\n|\n|-weather|none\n|upkeep\n|c|\u2606Ganjafin \u2764|Mb\n|inactive|clean has 270 seconds left.\n|inactive|clean has 240 seconds left.\n|\n|t:|1667063709\n|switch|p2a: Tyranitar|Tyranitar, M|100\/100\n|-weather|Sandstorm|[from] ability: Sand Stream|[of] p2a: Tyranitar\n|turn|40\n|\n|t:|1667063713\n|switch|p1a: Corviknight|Corviknight, M|98\/100 par\n|-ability|p1a: Corviknight|Pressure\n|detailschange|p2a: Tyranitar|Tyranitar-Mega, M\n|-mega|p2a: Tyranitar|Tyranitar|Tyranitarite\n|move|p2a: Tyranitar|Stone Edge|p1a: Corviknight|[miss]\n|-miss|p2a: Tyranitar|p1a: Corviknight\n|\n|-weather|Sandstorm|[upkeep]\n|-heal|p1a: Corviknight|100\/100 par|[from] item: Leftovers\n|upkeep\n|turn|41\n|\n|t:|1667063721\n|switch|p2a: Clefable|Clefable, M|100\/100\n|move|p1a: Corviknight|U-turn|p2a: Clefable\n|-resisted|p2a: Clefable\n|-damage|p2a: Clefable|94\/100\n|\n|t:|1667063727\n|switch|p1a: Landorus|Landorus-Therian, M|100\/100|[from]move: U-turn\n|-ability|p1a: Landorus|Intimidate|boost\n|-unboost|p2a: Clefable|atk|1\n|\n|-weather|Sandstorm|[upkeep]\n|-heal|p2a: Clefable|100\/100|[from] item: Leftovers\n|upkeep\n|turn|42\n|\n|t:|1667063732\n|move|p1a: Landorus|Stealth Rock|p2a: Clefable\n|-sidestart|p2: clean|move: Stealth Rock\n|move|p2a: Clefable|Calm Mind|p2a: Clefable\n|-boost|p2a: Clefable|spa|1\n|-boost|p2a: Clefable|spd|1\n|\n|-weather|Sandstorm|[upkeep]\n|upkeep\n|turn|43\n|\n|t:|1667063734\n|move|p1a: Landorus|Knock Off|p2a: Clefable\n|-resisted|p2a: Clefable\n|-damage|p2a: Clefable|88\/100\n|-enditem|p2a: Clefable|Leftovers|[from] move: Knock Off|[of] p1a: Landorus\n|move|p2a: Clefable|Moonblast|p1a: Landorus\n|-damage|p1a: Landorus|51\/100\n|\n|-weather|Sandstorm|[upkeep]\n|upkeep\n|turn|44\n|\n|t:|1667063753\n|switch|p1a: Corviknight|Corviknight, M|100\/100 par\n|-ability|p1a: Corviknight|Pressure\n|move|p2a: Clefable|Moonblast|p1a: Corviknight\n|-resisted|p1a: Corviknight\n|-damage|p1a: Corviknight|81\/100 par\n|\n|-weather|none\n|-heal|p1a: Corviknight|87\/100 par|[from] item: Leftovers\n|upkeep\n|turn|45\n|\n|t:|1667063765\n|move|p2a: Clefable|Calm Mind|p2a: Clefable\n|-boost|p2a: Clefable|spa|1\n|-boost|p2a: Clefable|spd|1\n|move|p1a: Corviknight|U-turn|p2a: Clefable\n|-resisted|p2a: Clefable\n|-damage|p2a: Clefable|81\/100\n|\n|t:|1667063769\n|switch|p1a: Tapu Fini|Tapu Fini|88\/100|[from]move: U-turn\n|-fieldstart|move: Misty Terrain|[from] ability: Misty Surge|[of] p1a: Tapu Fini\n|\n|upkeep\n|turn|46\n|inactive|clean has 270 seconds left.\n|\n|t:|1667063793\n|move|p1a: Tapu Fini|Trick|p2a: Clefable\n|-activate|p1a: Tapu Fini|move: Trick|[of] p2a: Clefable\n|-item|p2a: Clefable|Choice Scarf|[from] move: Trick\n|-enditem|p1a: Tapu Fini|Choice Scarf|[silent]|[from] move: Trick\n|move|p2a: Clefable|Moonblast|p1a: Tapu Fini\n|-damage|p1a: Tapu Fini|41\/100\n|\n|upkeep\n|turn|47\n|\n|t:|1667063803\n|switch|p1a: Corviknight|Corviknight, M|87\/100 par\n|-ability|p1a: Corviknight|Pressure\n|switch|p2a: Reuniclus|Reuniclus, F|11\/100\n|\n|-heal|p1a: Corviknight|93\/100 par|[from] item: Leftovers\n|upkeep\n|turn|48\n|\n|t:|1667063806\n|move|p2a: Reuniclus|Recover|p2a: Reuniclus\n|-heal|p2a: Reuniclus|61\/100\n|move|p1a: Corviknight|U-turn|p2a: Reuniclus\n|-supereffective|p2a: Reuniclus\n|-damage|p2a: Reuniclus|41\/100\n|\n|t:|1667063809\n|switch|p1a: Weavile|Weavile, M|88\/100|[from]move: U-turn\n|-ability|p1a: Weavile|Pressure\n|\n|upkeep\n|turn|49\n|\n|t:|1667063820\n|-activate|p2a: Reuniclus|move: Pursuit\n|move|p1a: Weavile|Pursuit|p2a: Reuniclus|[from]Pursuit\n|-supereffective|p2a: Reuniclus\n|-enditem|p2a: Reuniclus|Colbur Berry|[eat]\n|-enditem|p2a: Reuniclus|Colbur Berry|[weaken]\n|-damage|p2a: Reuniclus|0 fnt\n|faint|p2a: Reuniclus\n|-hint|A Pokemon can't switch between when it runs out of HP and when it faints\n|\n|-fieldend|Misty Terrain\n|upkeep\n|\n|t:|1667063840\n|switch|p2a: Excadrill|Excadrill, M|100\/100\n|-damage|p2a: Excadrill|97\/100|[from] Stealth Rock\n|turn|50\n|\n|t:|1667063845\n|switch|p1a: Landorus|Landorus-Therian, M|51\/100\n|-ability|p1a: Landorus|Intimidate|boost\n|-unboost|p2a: Excadrill|atk|1\n|move|p2a: Excadrill|Rapid Spin|p1a: Landorus\n|-damage|p1a: Landorus|41\/100\n|-boost|p2a: Excadrill|spe|1\n|-damage|p2a: Excadrill|81\/100|[from] item: Rocky Helmet|[of] p1a: Landorus\n|-sideend|p2: clean|Stealth Rock|[from] move: Rapid Spin|[of] p2a: Excadrill\n|\n|upkeep\n|turn|51\n|\n|t:|1667063850\n|-zpower|p2a: Excadrill\n|move|p2a: Excadrill|Corkscrew Crash|p1a: Landorus|[zeffect]\n|-damage|p1a: Landorus|0 fnt\n|faint|p1a: Landorus\n|\n|upkeep\n|\n|t:|1667063853\n|switch|p1a: Corviknight|Corviknight, M|93\/100 par\n|-ability|p1a: Corviknight|Pressure\n|turn|52\n|\n|t:|1667063857\n|switch|p2a: Clefable|Clefable, M|81\/100\n|move|p1a: Corviknight|Brave Bird|p2a: Clefable\n|-damage|p2a: Clefable|51\/100\n|-damage|p1a: Corviknight|83\/100 par|[from] Recoil\n|\n|-heal|p1a: Corviknight|90\/100 par|[from] item: Leftovers\n|upkeep\n|turn|53\n|\n|t:|1667063862\n|switch|p2a: Tyranitar|Tyranitar-Mega, M|100\/100\n|-weather|Sandstorm|[from] ability: Sand Stream|[of] p2a: Tyranitar\n|cant|p1a: Corviknight|par\n|\n|-weather|Sandstorm|[upkeep]\n|-heal|p1a: Corviknight|96\/100 par|[from] item: Leftovers\n|upkeep\n|turn|54\n|\n|t:|1667063869\n|move|p2a: Tyranitar|Stealth Rock|p1a: Corviknight\n|-sidestart|p1: Ganjafin \u2764|move: Stealth Rock\n|move|p1a: Corviknight|U-turn|p2a: Tyranitar\n|-supereffective|p2a: Tyranitar\n|-damage|p2a: Tyranitar|82\/100\n|\n|t:|1667063877\n|switch|p1a: Tapu Fini|Tapu Fini|41\/100|[from]move: U-turn\n|-damage|p1a: Tapu Fini|29\/100|[from] Stealth Rock\n|-fieldstart|move: Misty Terrain|[from] ability: Misty Surge|[of] p1a: Tapu Fini\n|\n|-weather|Sandstorm|[upkeep]\n|-damage|p1a: Tapu Fini|23\/100|[from] Sandstorm\n|upkeep\n|turn|55\n|\n|t:|1667063892\n|switch|p2a: Clefable|Clefable, M|51\/100\n|move|p1a: Tapu Fini|Moonblast|p2a: Clefable\n|-crit|p2a: Clefable\n|-damage|p2a: Clefable|12\/100\n|\n|-weather|Sandstorm|[upkeep]\n|-damage|p1a: Tapu Fini|17\/100|[from] Sandstorm\n|upkeep\n|turn|56\n|\n|t:|1667063895\n|move|p1a: Tapu Fini|Moonblast|p2a: Clefable\n|-damage|p2a: Clefable|0 fnt\n|faint|p2a: Clefable\n|\n|-weather|Sandstorm|[upkeep]\n|-damage|p1a: Tapu Fini|11\/100|[from] Sandstorm\n|upkeep\n|\n|t:|1667063897\n|switch|p2a: Excadrill|Excadrill, M|81\/100\n|turn|57\n|\n|t:|1667063903\n|move|p2a: Excadrill|Rapid Spin|p1a: Tapu Fini\n|-damage|p1a: Tapu Fini|0 fnt\n|-boost|p2a: Excadrill|spe|1\n|faint|p1a: Tapu Fini\n|\n|-weather|none\n|upkeep\n|\n|t:|1667063908\n|switch|p1a: Corviknight|Corviknight, M|96\/100 par\n|-damage|p1a: Corviknight|83\/100 par|[from] Stealth Rock\n|-ability|p1a: Corviknight|Pressure\n|turn|58\n|\n|t:|1667063914\n|move|p2a: Excadrill|Swords Dance|p2a: Excadrill\n|-boost|p2a: Excadrill|atk|2\n|move|p1a: Corviknight|Brave Bird|p2a: Excadrill\n|-resisted|p2a: Excadrill\n|-damage|p2a: Excadrill|56\/100\n|-damage|p1a: Corviknight|76\/100 par|[from] Recoil\n|\n|-heal|p1a: Corviknight|82\/100 par|[from] item: Leftovers\n|-fieldend|Misty Terrain\n|upkeep\n|turn|59\n|\n|t:|1667063917\n|move|p2a: Excadrill|Iron Head|p1a: Corviknight\n|-resisted|p1a: Corviknight\n|-damage|p1a: Corviknight|51\/100 par\n|move|p1a: Corviknight|Brave Bird|p2a: Excadrill\n|-resisted|p2a: Excadrill\n|-damage|p2a: Excadrill|31\/100\n|-damage|p1a: Corviknight|44\/100 par|[from] Recoil\n|\n|-heal|p1a: Corviknight|50\/100 par|[from] item: Leftovers\n|upkeep\n|turn|60\n|\n|t:|1667063927\n|move|p2a: Excadrill|Iron Head|p1a: Corviknight\n|-resisted|p1a: Corviknight\n|-crit|p1a: Corviknight\n|-damage|p1a: Corviknight|2\/100 par\n|move|p1a: Corviknight|U-turn|p2a: Excadrill\n|-resisted|p2a: Excadrill\n|-damage|p2a: Excadrill|21\/100\n|\n|t:|1667063930\n|switch|p1a: Weavile|Weavile, M|88\/100|[from]move: U-turn\n|-damage|p1a: Weavile|63\/100|[from] Stealth Rock\n|-ability|p1a: Weavile|Pressure\n|\n|upkeep\n|turn|61\n|\n|t:|1667063939\n|switch|p2a: Tyranitar|Tyranitar-Mega, M|82\/100\n|-weather|Sandstorm|[from] ability: Sand Stream|[of] p2a: Tyranitar\n|move|p1a: Weavile|Ice Shard|p2a: Tyranitar\n|-damage|p2a: Tyranitar|64\/100\n|\n|-weather|Sandstorm|[upkeep]\n|-damage|p1a: Weavile|57\/100|[from] Sandstorm\n|upkeep\n|turn|62\n|\n|t:|1667063948\n|-activate|p1a: Weavile|move: Pursuit\n|move|p2a: Tyranitar|Pursuit|p1a: Weavile|[from]Pursuit\n|-resisted|p1a: Weavile\n|-damage|p1a: Weavile|14\/100\n|switch|p1a: Corviknight|Corviknight, M|2\/100 par\n|-damage|p1a: Corviknight|0 fnt|[from] Stealth Rock\n|faint|p1a: Corviknight\n|\n|-weather|Sandstorm|[upkeep]\n|upkeep\n|\n|t:|1667063954\n|switch|p1a: Volcanion|Volcanion|72\/100\n|-damage|p1a: Volcanion|47\/100|[from] Stealth Rock\n|turn|63\n|\n|t:|1667063959\n|move|p1a: Volcanion|Substitute|p1a: Volcanion\n|-start|p1a: Volcanion|Substitute\n|-damage|p1a: Volcanion|22\/100\n|move|p2a: Tyranitar|Crunch|p1a: Volcanion\n|-end|p1a: Volcanion|Substitute\n|\n|-weather|Sandstorm|[upkeep]\n|-damage|p1a: Volcanion|16\/100|[from] Sandstorm\n|-heal|p1a: Volcanion|22\/100|[from] item: Leftovers\n|upkeep\n|turn|64\n|\n|t:|1667063963\n|move|p1a: Volcanion|Steam Eruption|p2a: Tyranitar\n|-supereffective|p2a: Tyranitar\n|-damage|p2a: Tyranitar|3\/100\n|move|p2a: Tyranitar|Crunch|p1a: Volcanion\n|-damage|p1a: Volcanion|0 fnt\n|faint|p1a: Volcanion\n|\n|-weather|Sandstorm|[upkeep]\n|upkeep\n|\n|t:|1667063967\n|switch|p1a: Weavile|Weavile, M|14\/100\n|-damage|p1a: Weavile|0 fnt|[from] Stealth Rock\n|faint|p1a: Weavile\n|\n|win|clean\n|c|\u2606clean|gg\n","uploadtime":1667063968,"views":195,"p1id":"ganjafin","p2id":"clean","formatid":"gen8nationaldex","rating":0,"private":0,"password":null}