{"id":"smogtours-gen8freeforallrandombattle-596827","p1":"snaga","p2":"tolstoy","format":"gen8freeforallrandombattle","log":"|inactive|Battle timer is ON: inactive players will automatically lose when time's up.\n|uhtml|invites|<div class=\"broadcast broadcast-blue\"><strong>This is a 4-player challenge battle<\/strong><br \/>The players will need to add more players before the battle can start.<\/div>\n|t:|1639188512\n|gametype|freeforall\n|player|p1|snaga|1|\n|player|p2|tolstoy|dawn|\n|inactive|snaga disconnected and has 300 seconds to reconnect!\n|player|p1|\n|inactive|snaga reconnected.\n|player|p1|snaga|1\n||Invite sent to Catalystic!\n|player|p3|Catalystic|dawn\n|player|p3|Catalystic|dawn|\n||Invite sent to Fylkir Pudin!\n|player|p4|Fylkir Pudin|101\n|uhtmlchange|invites|\n|player|p4|Fylkir Pudin|101|\n|teamsize|p1|6\n|teamsize|p2|6\n|teamsize|p3|6\n|teamsize|p4|6\n|gen|8\n|tier|[Gen 8] Free-For-All Random Battle\n|rule|Species Clause: Limit one of each Pok\u00e9mon\n|rule|HP Percentage Mod: HP is shown in percentages\n|rule|Sleep Clause Mod: Limit one foe put to sleep\n|\n|t:|1639188564\n|start\n|switch|p1a: Zygarde|Zygarde, L72|274\/274\n|switch|p2a: Tentacruel|Tentacruel, L88, F|284\/284\n|switch|p3b: Togekiss|Togekiss, L80, M|267\/267\n|switch|p4b: Charizard|Charizard, L80, M|255\/255\n|turn|1\n|inactive|Fylkir Pudin also wants the timer to be on.\n|inactive|snaga has 270 seconds left.\n|inactive|Catalystic has 270 seconds left.\n|inactive|Fylkir Pudin has 270 seconds left.\n|\n|t:|1639188616\n|switch|p2a: Ribombee|Ribombee, L84, F|238\/238\n|switch|p1a: Goodra|Goodra, L85, M|292\/292\n|move|p4b: Charizard|Protect|p4b: Charizard\n|-singleturn|p4b: Charizard|Protect\n|move|p3b: Togekiss|Protect||[still]\n|-fail|p3b: Togekiss\n|\n|upkeep\n|turn|2\n|inactive|snaga has 270 seconds left.\n|inactive|Catalystic has 270 seconds left.\n|inactive|Fylkir Pudin has 270 seconds left.\n|\n|t:|1639188656\n|move|p2a: Ribombee|Sticky Web|p1a: Goodra\n|-sidestart|p1: snaga|move: Sticky Web\n|-sidestart|p3: Catalystic|move: Sticky Web\n|-sidestart|p4: Fylkir Pudin|move: Sticky Web\n|move|p4b: Charizard|Heat Wave|p1a: Goodra|[spread] p1a,p2a,p3b\n|-resisted|p1a: Goodra\n|-supereffective|p2a: Ribombee\n|-damage|p1a: Goodra|278\/292\n|-damage|p2a: Ribombee|87\/238\n|-damage|p3b: Togekiss|212\/267\n|-enditem|p2a: Ribombee|Sitrus Berry|[eat]\n|-heal|p2a: Ribombee|146\/238|[from] item: Sitrus Berry\n|-damage|p4b: Charizard|230\/255|[from] item: Life Orb\n|move|p1a: Goodra|Muddy Water|p4b: Charizard|[spread] p2a,p3b,p4b\n|-supereffective|p4b: Charizard\n|-crit|p4b: Charizard\n|-damage|p2a: Ribombee|104\/238\n|-damage|p3b: Togekiss|180\/267\n|-damage|p4b: Charizard|118\/255\n|-unboost|p3b: Togekiss|accuracy|1\n|move|p3b: Togekiss|Air Slash|p2a: Ribombee\n|-supereffective|p2a: Ribombee\n|-damage|p2a: Ribombee|0 fnt\n|faint|p2a: Ribombee\n|\n|upkeep\n|inactive|tolstoy has 270 seconds left.\n|\n|t:|1639188689\n|switch|p2a: Spectrier|Spectrier, L78|284\/284\n|turn|3\n|\n|t:|1639188708\n|move|p2a: Spectrier|Protect|p2a: Spectrier\n|-singleturn|p2a: Spectrier|Protect\n|move|p4b: Charizard|Overheat|p2a: Spectrier\n|-activate|p2a: Spectrier|move: Protect\n|move|p1a: Goodra|Muddy Water|p3b: Togekiss|[spread] p4b\n|-activate|p2a: Spectrier|move: Protect\n|-miss|p1a: Goodra|p3b: Togekiss\n|-supereffective|p4b: Charizard\n|-damage|p4b: Charizard|32\/255\n|move|p3b: Togekiss|Dazzling Gleam|p1a: Goodra|[spread] p1a,p4b\n|-activate|p2a: Spectrier|move: Protect\n|-supereffective|p1a: Goodra\n|-resisted|p4b: Charizard\n|-damage|p1a: Goodra|240\/292\n|-damage|p4b: Charizard|9\/255\n|\n|upkeep\n|turn|4\n|\n|t:|1639188728\n|move|p3b: Togekiss|Protect|p3b: Togekiss\n|-singleturn|p3b: Togekiss|Protect\n|move|p2a: Spectrier|Shadow Ball|p4b: Charizard\n|-damage|p4b: Charizard|0 fnt\n|faint|p4b: Charizard\n|-ability|p2a: Spectrier|Grim Neigh|boost\n|-boost|p2a: Spectrier|spa|1\n|move|p1a: Goodra|Draco Meteor|p2a: Spectrier\n|-damage|p2a: Spectrier|110\/284\n|-unboost|p1a: Goodra|spa|2\n|-enditem|p2a: Spectrier|Sitrus Berry|[eat]\n|-heal|p2a: Spectrier|181\/284|[from] item: Sitrus Berry\n|\n|upkeep\n|\n|t:|1639188746\n|switch|p4b: Pincurchin|Pincurchin, L90, M|233\/233\n|-activate|p4b: Pincurchin|move: Sticky Web\n|-unboost|p4b: Pincurchin|spe|1\n|-fieldstart|move: Electric Terrain|[from] ability: Electric Surge|[of] p4b: Pincurchin\n|turn|5\n|\n|t:|1639188775\n|switch|p3b: Aggron|Aggron, L89, F|269\/269\n|-activate|p3b: Aggron|move: Sticky Web\n|-unboost|p3b: Aggron|spe|1\n|move|p2a: Spectrier|Protect|p2a: Spectrier\n|-singleturn|p2a: Spectrier|Protect\n|move|p4b: Pincurchin|Sucker Punch||[still]\n|-fail|p4b: Pincurchin\n|move|p1a: Goodra|Thunderbolt|p3b: Aggron\n|-damage|p3b: Aggron|210\/269\n|\n|upkeep\n|turn|6\n|\n|t:|1639188791\n|switch|p1a: Machamp|Machamp, L88, F|302\/302\n|-activate|p1a: Machamp|move: Sticky Web\n|-unboost|p1a: Machamp|spe|1\n|-start|p2a: Spectrier|Dynamax\n|-heal|p2a: Spectrier|362\/568|[silent]\n|move|p4b: Pincurchin|Protect|p4b: Pincurchin\n|-singleturn|p4b: Pincurchin|Protect\n|move|p2a: Spectrier|Max Phantasm|p3b: Aggron\n|-damage|p3b: Aggron|0 fnt\n|-unboost|p1a: Machamp|def|1\n|-unboost|p4b: Pincurchin|def|1\n|faint|p3b: Aggron\n|-ability|p2a: Spectrier|Grim Neigh|boost\n|-boost|p2a: Spectrier|spa|1\n|\n|-status|p1a: Machamp|brn|[from] item: Flame Orb\n|upkeep\n|\n|t:|1639188804\n|switch|p3b: Farfetch\u2019d|Farfetch\u2019d, L95, F|253\/253\n|turn|7\n|\n|t:|1639188831\n|switch|p1a: Chandelure|Chandelure, L80, M|227\/227\n|-activate|p1a: Chandelure|move: Sticky Web\n|-unboost|p1a: Chandelure|spe|1\n|move|p2a: Spectrier|Max Phantasm|p1a: Chandelure\n|-supereffective|p1a: Chandelure\n|-damage|p1a: Chandelure|0 fnt\n|-unboost|p3b: Farfetch\u2019d|def|1\n|-ability|p3b: Farfetch\u2019d|Defiant\n|-boost|p3b: Farfetch\u2019d|atk|2\n|-unboost|p4b: Pincurchin|def|1\n|faint|p1a: Chandelure\n|-ability|p2a: Spectrier|Grim Neigh|boost\n|-boost|p2a: Spectrier|spa|1\n|move|p3b: Farfetch\u2019d|Swords Dance|p3b: Farfetch\u2019d\n|-boost|p3b: Farfetch\u2019d|atk|2\n|move|p4b: Pincurchin|Rising Voltage|p2a: Spectrier\n|-damage|p2a: Spectrier|101\/568\n|\n|upkeep\n|inactive|snaga has 270 seconds left.\n|\n|t:|1639188862\n|switch|p1a: Claydol|Claydol, L88|249\/249\n|turn|8\n|inactive|snaga has 270 seconds left.\n|\n|t:|1639188901\n|-end|p2a: Spectrier|Dynamax\n|-heal|p2a: Spectrier|51\/284|[silent]\n|switch|p2a: Farfetch\u2019d|Farfetch\u2019d, L95, F|253\/253\n|move|p3b: Farfetch\u2019d|Protect|p3b: Farfetch\u2019d\n|-singleturn|p3b: Farfetch\u2019d|Protect\n|move|p1a: Claydol|Rapid Spin|p4b: Pincurchin\n|-damage|p4b: Pincurchin|181\/233\n|-boost|p1a: Claydol|spe|1\n|-sideend|p1: snaga|Sticky Web|[from] move: Rapid Spin|[of] p1a: Claydol\n|move|p4b: Pincurchin|Rising Voltage|p3b: Farfetch\u2019d\n|-activate|p3b: Farfetch\u2019d|move: Protect\n|\n|upkeep\n|turn|9\n|\n|t:|1639188920\n|move|p1a: Claydol|Stealth Rock|p4b: Pincurchin\n|-sidestart|p2: tolstoy|move: Stealth Rock\n|-sidestart|p3: Catalystic|move: Stealth Rock\n|-sidestart|p4: Fylkir Pudin|move: Stealth Rock\n|move|p3b: Farfetch\u2019d|Brave Bird|p4b: Pincurchin\n|-resisted|p4b: Pincurchin\n|-damage|p4b: Pincurchin|0 fnt\n|faint|p4b: Pincurchin\n|-damage|p3b: Farfetch\u2019d|193\/253|[from] Recoil\n|move|p2a: Farfetch\u2019d|Brave Bird|p3b: Farfetch\u2019d\n|-crit|p3b: Farfetch\u2019d\n|-damage|p3b: Farfetch\u2019d|0 fnt\n|faint|p3b: Farfetch\u2019d\n|-damage|p2a: Farfetch\u2019d|189\/253|[from] Recoil\n|\n|-fieldend|move: Electric Terrain\n|upkeep\n|inactive|Catalystic has 270 seconds left.\n|inactive|Fylkir Pudin has 270 seconds left.\n|\n|t:|1639188951\n|switch|p3b: Slowking|Slowking, L88, F|310\/310\n|switch|p4b: Dragalge|Dragalge, L86, F|252\/252\n|-activate|p4b: Dragalge|move: Sticky Web\n|-unboost|p4b: Dragalge|spe|1\n|-damage|p4b: Dragalge|221\/252|[from] Stealth Rock\n|-activate|p3b: Slowking|move: Sticky Web\n|-unboost|p3b: Slowking|spe|1\n|-damage|p3b: Slowking|272\/310|[from] Stealth Rock\n|turn|10\n|\n|t:|1639188977\n|move|p4b: Dragalge|Protect|p4b: Dragalge\n|-singleturn|p4b: Dragalge|Protect\n|move|p1a: Claydol|Earth Power|p4b: Dragalge\n|-activate|p4b: Dragalge|move: Protect\n|move|p2a: Farfetch\u2019d|Leaf Blade|p1a: Claydol\n|-supereffective|p1a: Claydol\n|-crit|p1a: Claydol\n|-damage|p1a: Claydol|59\/249\n|-enditem|p1a: Claydol|Sitrus Berry|[eat]\n|-heal|p1a: Claydol|121\/249|[from] item: Sitrus Berry\n|move|p3b: Slowking|Trick Room|p3b: Slowking\n|-fieldstart|move: Trick Room|[of] p3b: Slowking\n|\n|upkeep\n|turn|11\n|\n|t:|1639189001\n|move|p2a: Farfetch\u2019d|Protect|p2a: Farfetch\u2019d\n|-singleturn|p2a: Farfetch\u2019d|Protect\n|move|p3b: Slowking|Nasty Plot|p3b: Slowking\n|-boost|p3b: Slowking|spa|2\n|move|p4b: Dragalge|Draco Meteor|p1a: Claydol\n|-damage|p1a: Claydol|0 fnt\n|-unboost|p4b: Dragalge|spa|2\n|faint|p1a: Claydol\n|\n|upkeep\n|\n|t:|1639189010\n|switch|p1a: Goodra|Goodra, L85, M|240\/292\n|turn|12\n|\n|t:|1639189034\n|switch|p2a: Sableye|Sableye, L88, M|231\/231\n|-damage|p2a: Sableye|203\/231|[from] Stealth Rock\n|move|p3b: Slowking|Psychic|p2a: Sableye\n|-immune|p2a: Sableye\n|move|p4b: Dragalge|Sludge Bomb|p3b: Slowking\n|-damage|p3b: Slowking|214\/310\n|move|p1a: Goodra|Thunderbolt|p3b: Slowking\n|-supereffective|p3b: Slowking\n|-damage|p3b: Slowking|100\/310\n|-enditem|p3b: Slowking|Sitrus Berry|[eat]\n|-heal|p3b: Slowking|177\/310|[from] item: Sitrus Berry\n|\n|upkeep\n|turn|13\n|inactive|snaga has 270 seconds left.\n|\n|t:|1639189070\n|move|p2a: Sableye|Quash|p3b: Slowking\n|-activate|p3b: Slowking|move: Quash\n|move|p4b: Dragalge|Draco Meteor|p1a: Goodra\n|-supereffective|p1a: Goodra\n|-damage|p1a: Goodra|152\/292\n|-unboost|p4b: Dragalge|spa|2\n|move|p1a: Goodra|Draco Meteor|p2a: Sableye\n|-damage|p2a: Sableye|22\/231\n|-unboost|p1a: Goodra|spa|2\n|-enditem|p2a: Sableye|Sitrus Berry|[eat]\n|-heal|p2a: Sableye|79\/231|[from] item: Sitrus Berry\n|move|p3b: Slowking|Psychic|p1a: Goodra\n|-damage|p1a: Goodra|59\/292\n|\n|upkeep\n|turn|14\n|inactive|snaga has 270 seconds left.\n|\n|t:|1639189103\n|switch|p1a: Machamp|Machamp, L88, F|302\/302 brn\n|move|p2a: Sableye|Disable|p3b: Slowking\n|-start|p3b: Slowking|Disable|Psychic\n|cant|p3b: Slowking|Disable|Psychic\n|move|p4b: Dragalge|Sludge Bomb|p3b: Slowking\n|-damage|p3b: Slowking|141\/310\n|-status|p3b: Slowking|psn\n|\n|-damage|p3b: Slowking|103\/310 psn|[from] psn\n|-damage|p1a: Machamp|284\/302 brn|[from] brn\n|-fieldend|move: Trick Room\n|upkeep\n|turn|15\n|inactive|snaga has 270 seconds left.\n|\n|t:|1639189139\n|switch|p3b: Togekiss|Togekiss, L80, M|180\/267\n|-damage|p3b: Togekiss|114\/267|[from] Stealth Rock\n|-enditem|p3b: Togekiss|Sitrus Berry|[eat]\n|-heal|p3b: Togekiss|180\/267|[from] item: Sitrus Berry\n|move|p2a: Sableye|Quash|p1a: Machamp\n|-activate|p1a: Machamp|move: Quash\n|move|p4b: Dragalge|Sludge Bomb|p2a: Sableye\n|-resisted|p2a: Sableye\n|-damage|p2a: Sableye|51\/231\n|move|p1a: Machamp|Facade|p4b: Dragalge\n|-damage|p4b: Dragalge|40\/252\n|-enditem|p4b: Dragalge|Sitrus Berry|[eat]\n|-heal|p4b: Dragalge|103\/252|[from] item: Sitrus Berry\n|\n|-damage|p1a: Machamp|266\/302 brn|[from] brn\n|upkeep\n|turn|16\n|inactive|snaga has 270 seconds left.\n|\n|t:|1639189158\n|switch|p1a: Goodra|Goodra, L85, M|59\/292\n|move|p4b: Dragalge|Protect|p4b: Dragalge\n|-singleturn|p4b: Dragalge|Protect\n|move|p2a: Sableye|Quash||[still]\n|-fail|p2a: Sableye\n|move|p3b: Togekiss|Dazzling Gleam|p1a: Goodra|[spread] p1a,p2a\n|-activate|p4b: Dragalge|move: Protect\n|-supereffective|p1a: Goodra\n|-supereffective|p2a: Sableye\n|-damage|p1a: Goodra|17\/292\n|-damage|p2a: Sableye|0 fnt\n|faint|p2a: Sableye\n|\n|upkeep\n|\n|t:|1639189166\n|switch|p2a: Spectrier|Spectrier, L78|51\/284\n|-damage|p2a: Spectrier|16\/284|[from] Stealth Rock\n|turn|17\n|\n|t:|1639189179\n|move|p2a: Spectrier|Protect|p2a: Spectrier\n|-singleturn|p2a: Spectrier|Protect\n|move|p3b: Togekiss|Protect|p3b: Togekiss\n|-singleturn|p3b: Togekiss|Protect\n|move|p1a: Goodra|Thunderbolt|p3b: Togekiss\n|-activate|p3b: Togekiss|move: Protect\n|move|p4b: Dragalge|Sludge Bomb|p3b: Togekiss\n|-activate|p3b: Togekiss|move: Protect\n|\n|upkeep\n|turn|18\n|\n|t:|1639189189\n|move|p4b: Dragalge|Protect|p4b: Dragalge\n|-singleturn|p4b: Dragalge|Protect\n|move|p2a: Spectrier|Shadow Ball|p3b: Togekiss\n|-damage|p3b: Togekiss|99\/267\n|-unboost|p3b: Togekiss|spd|1\n|move|p1a: Goodra|Thunderbolt|p3b: Togekiss\n|-supereffective|p3b: Togekiss\n|-damage|p3b: Togekiss|0 fnt\n|faint|p3b: Togekiss\n|\n|upkeep\n|\n|t:|1639189208\n|switch|p3b: Basculin|Basculin-Blue-Striped, L86, M|261\/261\n|-damage|p3b: Basculin|229\/261|[from] Stealth Rock\n|-activate|p3b: Basculin|move: Sticky Web\n|-unboost|p3b: Basculin|spe|1\n|turn|19\n|\n|t:|1639189227\n|move|p2a: Spectrier|Protect|p2a: Spectrier\n|-singleturn|p2a: Spectrier|Protect\n|move|p1a: Goodra|Breaking Swipe|p3b: Basculin|[spread] p3b,p4b\n|-activate|p2a: Spectrier|move: Protect\n|-supereffective|p4b: Dragalge\n|-damage|p3b: Basculin|189\/261\n|-damage|p4b: Dragalge|41\/252\n|-unboost|p3b: Basculin|atk|1\n|-unboost|p4b: Dragalge|atk|1\n|move|p3b: Basculin|Ice Beam|p1a: Goodra\n|-supereffective|p1a: Goodra\n|-damage|p1a: Goodra|0 fnt\n|faint|p1a: Goodra\n|-damage|p3b: Basculin|163\/261|[from] item: Life Orb\n|move|p4b: Dragalge|Draco Meteor|p3b: Basculin|[miss]\n|-miss|p4b: Dragalge|p3b: Basculin\n|\n|upkeep\n|\n|t:|1639189244\n|switch|p1a: Machamp|Machamp, L88, F|266\/302 brn\n|turn|20\n|inactive|snaga has 270 seconds left.\n|\n|t:|1639189285\n|move|p2a: Spectrier|Shadow Ball|p1a: Machamp\n|-damage|p1a: Machamp|160\/302 brn\n|move|p1a: Machamp|Facade|p4b: Dragalge\n|-damage|p4b: Dragalge|0 fnt\n|faint|p4b: Dragalge\n|move|p3b: Basculin|Ice Beam|p4: Dragalge|[notarget]\n|-fail|p3b: Basculin\n|\n|-damage|p1a: Machamp|142\/302 brn|[from] brn\n|upkeep\n|\n|t:|1639189297\n|switch|p4b: Ribombee|Ribombee, L84, M|238\/238\n|-activate|p4b: Ribombee|move: Sticky Web\n|-unboost|p4b: Ribombee|spe|1\n|-damage|p4b: Ribombee|179\/238|[from] Stealth Rock\n|turn|21\n|inactive|snaga has 270 seconds left.\n|\n|t:|1639189321\n|move|p2a: Spectrier|Shadow Ball|p1a: Machamp\n|-damage|p1a: Machamp|39\/302 brn\n|move|p4b: Ribombee|Sticky Web|p2a: Spectrier\n|-sidestart|p1: snaga|move: Sticky Web\n|-sidestart|p2: tolstoy|move: Sticky Web\n|move|p1a: Machamp|Facade|p4b: Ribombee\n|-damage|p4b: Ribombee|0 fnt\n|faint|p4b: Ribombee\n|move|p3b: Basculin|Head Smash|p4: Ribombee|[notarget]\n|-fail|p3b: Basculin\n|\n|-damage|p1a: Machamp|21\/302 brn|[from] brn\n|upkeep\n|\n|t:|1639189339\n|switch|p4b: Excadrill|Excadrill, L80, M|307\/307\n|-activate|p4b: Excadrill|move: Sticky Web\n|-unboost|p4b: Excadrill|spe|1\n|-damage|p4b: Excadrill|298\/307|[from] Stealth Rock\n|-ability|p4b: Excadrill|Mold Breaker\n|turn|22\n|\n|t:|1639189355\n|move|p2a: Spectrier|Protect|p2a: Spectrier\n|-singleturn|p2a: Spectrier|Protect\n|move|p4b: Excadrill|Protect|p4b: Excadrill\n|-singleturn|p4b: Excadrill|Protect\n|move|p1a: Machamp|Bullet Punch|p2a: Spectrier\n|-activate|p2a: Spectrier|move: Protect\n|move|p3b: Basculin|Liquidation|p4b: Excadrill\n|-activate|p4b: Excadrill|move: Protect\n|\n|-damage|p1a: Machamp|3\/302 brn|[from] brn\n|upkeep\n|turn|23\n|\n|t:|1639189374\n|move|p2a: Spectrier|Protect|p2a: Spectrier\n|-singleturn|p2a: Spectrier|Protect\n|move|p1a: Machamp|Facade|p2a: Spectrier\n|-activate|p2a: Spectrier|move: Protect\n|move|p3b: Basculin|Liquidation|p4b: Excadrill\n|-supereffective|p4b: Excadrill\n|-damage|p4b: Excadrill|2\/307\n|-damage|p3b: Basculin|137\/261|[from] item: Life Orb\n|move|p4b: Excadrill|High Horsepower|p3b: Basculin\n|-damage|p3b: Basculin|0 fnt\n|faint|p3b: Basculin\n|-damage|p4b: Excadrill|0 fnt|[from] item: Life Orb\n|faint|p4b: Excadrill\n|\n|-damage|p1a: Machamp|0 fnt|[from] brn\n|faint|p1a: Machamp\n|upkeep\n|\n|t:|1639189392\n|switch|p3b: Slowking|Slowking, L88, F|206\/310 psn\n|switch|p4b: Darmanitan|Darmanitan, L82, M|306\/306\n|switch|p1a: Leafeon|Leafeon, L86, F|252\/252\n|-activate|p1a: Leafeon|move: Sticky Web\n|-unboost|p1a: Leafeon|spe|1\n|-damage|p4b: Darmanitan|230\/306|[from] Stealth Rock\n|-activate|p4b: Darmanitan|move: Sticky Web\n|-unboost|p4b: Darmanitan|spe|1\n|-activate|p3b: Slowking|move: Sticky Web\n|-unboost|p3b: Slowking|spe|1\n|-damage|p3b: Slowking|168\/310 psn|[from] Stealth Rock\n|turn|24\n|\n|t:|1639189413\n|move|p2a: Spectrier|Shadow Ball|p1a: Leafeon\n|-damage|p1a: Leafeon|132\/252\n|move|p1a: Leafeon|Leaf Blade|p2a: Spectrier\n|-damage|p2a: Spectrier|0 fnt\n|faint|p2a: Spectrier\n|-damage|p1a: Leafeon|107\/252|[from] item: Life Orb\n|move|p4b: Darmanitan|Rock Slide|p1a: Leafeon|[spread] p1a,p3b\n|-damage|p1a: Leafeon|68\/252\n|-damage|p3b: Slowking|108\/310 psn\n|move|p3b: Slowking|Trick Room|p3b: Slowking\n|-fieldstart|move: Trick Room|[of] p3b: Slowking\n|\n|-damage|p3b: Slowking|70\/310 psn|[from] psn\n|upkeep\n|\n|t:|1639189428\n|switch|p2a: Exploud|Exploud, L88, F|326\/326\n|-activate|p2a: Exploud|move: Sticky Web\n|-unboost|p2a: Exploud|spe|1\n|-damage|p2a: Exploud|286\/326|[from] Stealth Rock\n|turn|25\n|\n|t:|1639189452\n|switch|p3b: Gengar|Gengar, L86, F|243\/243\n|-activate|p3b: Gengar|move: Sticky Web\n|-unboost|p3b: Gengar|spe|1\n|-damage|p3b: Gengar|213\/243|[from] Stealth Rock\n|-start|p4b: Darmanitan|Dynamax\n|-heal|p4b: Darmanitan|460\/612|[silent]\n|move|p2a: Exploud|Boomburst|p4b: Darmanitan|[spread] p1a,p3b,p4b\n|-damage|p1a: Leafeon|0 fnt\n|-damage|p3b: Gengar|92\/243\n|-damage|p4b: Darmanitan|311\/612\n|faint|p1a: Leafeon\n|-damage|p2a: Exploud|254\/326|[from] item: Life Orb\n|move|p4b: Darmanitan|Max Flare|p2a: Exploud\n|-damage|p2a: Exploud|0 fnt\n|-weather|SunnyDay\n|faint|p2a: Exploud\n|-damage|p4b: Darmanitan|281\/612|[from] item: Life Orb\n|\n|-weather|SunnyDay|[upkeep]\n|upkeep\n|\n|t:|1639189472\n|switch|p2a: Tentacruel|Tentacruel, L88, F|284\/284\n|switch|p1a: Zygarde|Zygarde, L72|274\/274\n|-activate|p1a: Zygarde|move: Sticky Web\n|-unboost|p1a: Zygarde|spe|1\n|-activate|p2a: Tentacruel|move: Sticky Web\n|-fail|p2a: Tentacruel|unboost|[from] ability: Clear Body|[of] p2a: Tentacruel\n|-damage|p2a: Tentacruel|249\/284|[from] Stealth Rock\n|turn|26\n|inactive|snaga has 270 seconds left.\n|inactive|snaga has 240 seconds left.\n|\n|t:|1639189537\n|switch|p2a: Farfetch\u2019d|Farfetch\u2019d, L95, F|189\/253\n|-damage|p2a: Farfetch\u2019d|126\/253|[from] Stealth Rock\n|move|p1a: Zygarde|Thousand Arrows|p3b: Gengar|[spread] p2a,p3b,p4b\n|-supereffective|p3b: Gengar\n|-supereffective|p4b: Darmanitan\n|-damage|p2a: Farfetch\u2019d|84\/253\n|-damage|p3b: Gengar|0 fnt\n|-damage|p4b: Darmanitan|179\/612\n|-start|p2a: Farfetch\u2019d|Smack Down\n|-start|p1a: Zygarde|Disable|Thousand Arrows|[from] ability: Cursed Body|[of] p3b: Gengar\n|faint|p3b: Gengar\n|move|p4b: Darmanitan|Max Flare|p1a: Zygarde\n|-resisted|p1a: Zygarde\n|-damage|p1a: Zygarde|102\/274\n|-enditem|p1a: Zygarde|Sitrus Berry|[eat]\n|-heal|p1a: Zygarde|170\/274|[from] item: Sitrus Berry\n|-damage|p4b: Darmanitan|149\/612|[from] item: Life Orb\n|\n|-weather|SunnyDay|[upkeep]\n|upkeep\n|\n|t:|1639189543\n|switch|p3b: Slowking|Slowking, L88, F|173\/310 psn\n|-damage|p3b: Slowking|135\/310 psn|[from] Stealth Rock\n|-activate|p3b: Slowking|move: Sticky Web\n|-unboost|p3b: Slowking|spe|1\n|turn|27\n|\n|t:|1639189569\n|-start|p1a: Zygarde|Dynamax\n|-heal|p1a: Zygarde|340\/548|[silent]\n|move|p2a: Farfetch\u2019d|Protect|p2a: Farfetch\u2019d\n|-singleturn|p2a: Farfetch\u2019d|Protect\n|move|p1a: Zygarde|Max Quake|p3b: Slowking\n|-damage|p3b: Slowking|35\/310 psn\n|-boost|p1a: Zygarde|spd|1\n|move|p4b: Darmanitan|Max Flare|p1a: Zygarde\n|-resisted|p1a: Zygarde\n|-damage|p1a: Zygarde|172\/548\n|-damage|p4b: Darmanitan|119\/612|[from] item: Life Orb\n|move|p3b: Slowking|Trick Room|p3b: Slowking\n|-fieldend|move: Trick Room\n|\n|-weather|SunnyDay|[upkeep]\n|-damage|p3b: Slowking|0 fnt|[from] psn\n|faint|p3b: Slowking\n|-activate|p1a: Zygarde|ability: Power Construct\n|detailschange|p1a: Zygarde|Zygarde-Complete, L72\n|-heal|p1a: Zygarde|484\/860|[silent]\n|-end|p4b: Darmanitan|Dynamax\n|-heal|p4b: Darmanitan|60\/306|[silent]\n|upkeep\n|turn|28\n|inactive|tolstoy has 270 seconds left.\n|inactive|Fylkir Pudin has 270 seconds left.\n|inactive|snaga has 240 seconds left.\n|\n|t:|1639189607\n|move|p2a: Farfetch\u2019d|Brave Bird|p1a: Zygarde\n|-crit|p1a: Zygarde\n|-damage|p1a: Zygarde|262\/860\n|-damage|p2a: Farfetch\u2019d|11\/253|[from] Recoil\n|move|p4b: Darmanitan|Flare Blitz|p1a: Zygarde\n|-resisted|p1a: Zygarde\n|-damage|p1a: Zygarde|71\/860\n|-damage|p4b: Darmanitan|0 fnt|[from] Recoil\n|faint|p4b: Darmanitan\n|move|p1a: Zygarde|Max Strike|p2a: Farfetch\u2019d\n|-damage|p2a: Farfetch\u2019d|0 fnt\n|faint|p2a: Farfetch\u2019d\n|\n|-weather|SunnyDay|[upkeep]\n|upkeep\n|\n|t:|1639189618\n|switch|p2a: Tentacruel|Tentacruel, L88, F|249\/284\n|-damage|p2a: Tentacruel|214\/284|[from] Stealth Rock\n|-activate|p2a: Tentacruel|move: Sticky Web\n|-fail|p2a: Tentacruel|unboost|[from] ability: Clear Body|[of] p2a: Tentacruel\n|turn|29\n|inactive|tolstoy has 240 seconds left.\n|\n|t:|1639189634\n|move|p2a: Tentacruel|Muddy Water|p1a: Zygarde\n|-damage|p1a: Zygarde|40\/860\n|move|p1a: Zygarde|Max Quake|p2a: Tentacruel\n|-supereffective|p2a: Tentacruel\n|-damage|p2a: Tentacruel|0 fnt\n|-boost|p1a: Zygarde|spd|1\n|faint|p2a: Tentacruel\n|\n|win|snaga\n","inputlog":">version 52d826f8f172a3ed6de7d05be29116b49bcbdc7b\n>start {\"formatid\":\"gen8freeforallrandombattle\",\"seed\":[49491,38266,18056,24425]}\n>player p1 {\"name\":\"snaga\",\"avatar\":\"1\",\"rating\":0,\"seed\":[4134,35769,15979,60591]}\n>player p2 {\"name\":\"tolstoy\",\"avatar\":\"dawn\",\"rating\":0,\"seed\":[16390,3399,59624,3597]}\n>player p3 {\"name\":\"Catalystic\",\"avatar\":\"dawn\",\"team\":\"\",\"seed\":[46631,20346,9730,11448]}\n>player p4 {\"name\":\"Fylkir Pudin\",\"avatar\":101,\"team\":\"\",\"seed\":[3846,44523,24899,49329]}\n>p1 switch 6\n>p2 switch 6\n>p3 move protect\n>p4 move protect\n>p1 move muddywater\n>p2 move stickyweb\n>p3 move airslash\n>p4 move heatwave\n>p2 switch 3\n>p1 move muddywater\n>p2 move protect\n>p3 move dazzlinggleam\n>p4 move overheat\n>p1 move dracometeor\n>p2 move shadowball\n>p3 move protect\n>p4 move overheat\n>p4 switch 3\n>p1 move thunderbolt\n>p2 move protect\n>p3 switch 5\n>p4 move suckerpunch\n>p1 switch 5\n>p2 move shadowball dynamax\n>p3 move headsmash\n>p4 move protect\n>p3 switch 4\n>p1 switch 3\n>p2 move shadowball dynamax\n>p3 move swordsdance\n>p4 move risingvoltage\n>p1 switch 2\n>p1 move rapidspin\n>p2 switch 2\n>p3 move protect\n>p4 move risingvoltage\n>p1 move stealthrock\n>p2 move bravebird\n>p3 move bravebird\n>p4 move risingvoltage\n>p3 switch 3\n>p4 switch 6\n>p1 move earthpower\n>p2 move leafblade\n>p3 move trickroom\n>p4 move protect\n>p1 move icebeam\n>p2 move protect\n>p3 move nastyplot\n>p4 move dracometeor\n>p1 switch 5\n>p1 move thunderbolt\n>p2 switch 4\n>p3 move psychic\n>p4 move sludgebomb\n>p1 move dracometeor\n>p2 move quash\n>p3 move psychic\n>p4 move dracometeor\n>p1 switch 3\n>p2 move disable\n>p3 move psychic\n>p4 move sludgebomb\n>p1 move facade\n>p2 move quash\n>p3 switch 5\n>p4 move sludgebomb\n>p1 switch 3\n>p2 move quash\n>p3 move dazzlinggleam\n>p4 move protect\n>p2 switch 2\n>p1 move thunderbolt\n>p2 move protect\n>p3 move protect\n>p4 move sludgebomb\n>p1 move thunderbolt\n>p2 move shadowball\n>p3 move dazzlinggleam\n>p4 move protect\n>p3 switch 2\n>p1 move breakingswipe\n>p2 move protect\n>p3 move icebeam\n>p4 move dracometeor\n>p1 switch 3\n>p1 move facade\n>p2 move shadowball\n>p3 move icebeam\n>p4 move dracometeor\n>p4 switch 2\n>p1 move facade\n>p2 move shadowball\n>p3 move headsmash\n>p4 move stickyweb\n>p4 switch 5\n>p1 move bulletpunch\n>p2 move protect\n>p3 move liquidation\n>p4 move protect\n>p1 move facade\n>p2 move protect\n>p3 move liquidation\n>p4 move highhorsepower\n>p1 switch 4\n>p3 switch 5\n>p4 switch 4\n>p1 move leafblade\n>p2 move shadowball\n>p3 move trickroom\n>p4 move rockslide\n>p2 switch 5\n>p1 move leafblade\n>p2 move boomburst\n>p3 switch 6\n>p4 move flareblitz dynamax\n>p1 switch 6\n>p2 switch 6\n>p1 move thousandarrows\n>p2 switch 4\n>p3 move shadowball\n>p4 move flareblitz dynamax\n>p3 switch 6\n>p1 move thousandarrows dynamax\n>p2 move protect\n>p3 move trickroom\n>p4 move flareblitz dynamax\n>p1 move extremespeed dynamax\n>p2 move bravebird\n>p4 move flareblitz\n>p2 switch 4\n>p1 move thousandarrows dynamax\n>p2 move muddywater","uploadtime":1639189635,"views":18,"p1id":"snaga","p2id":"tolstoy","formatid":"gen8freeforallrandombattle","rating":0,"private":0,"password":null}