{"id":"smogtours-gen8ubers-644167","p1":"Icemaster","p2":"Skysolo \u2764","format":"gen8ubers","log":"|inactive|Battle timer is ON: inactive players will automatically lose when time's up.\n|t:|1660752531\n|gametype|singles\n|player|p1|Icemaster|#scl1terrors|\n|player|p2|Skysolo \u2764|#pspl2019ubers|\n|teamsize|p1|6\n|teamsize|p2|6\n|gen|8\n|tier|[Gen 8] Ubers\n|rule|Sleep Clause Mod: Limit one foe put to sleep\n|rule|Species Clause: Limit one of each Pok\u00e9mon\n|rule|OHKO Clause: OHKO moves are banned\n|rule|Evasion Moves Clause: Evasion moves are banned\n|rule|Endless Battle Clause: Forcing endless battles is banned\n|rule|HP Percentage Mod: HP is shown in percentages\n|rule|Dynamax Clause: You cannot dynamax\n|clearpoke\n|poke|p1|Necrozma-Dusk-Mane|\n|poke|p1|Zygarde|\n|poke|p1|Yveltal|\n|poke|p1|Eternatus|\n|poke|p1|Groudon|\n|poke|p1|Ho-Oh|\n|poke|p2|Chansey, F|\n|poke|p2|Groudon|\n|poke|p2|Ho-Oh|\n|poke|p2|Skarmory, M|\n|poke|p2|Xatu, M|\n|poke|p2|Yveltal|\n|teampreview\n|c|\u2606Icemaster|hf\n|c|\u2606Skysolo \u2764|u2\n|\n|t:|1660752551\n|start\n|switch|p1a: Yveltal|Yveltal|100\/100\n|switch|p2a: Groudon|Groudon|100\/100\n|-ability|p1a: Yveltal|Dark Aura\n|-weather|SunnyDay|[from] ability: Drought|[of] p2a: Groudon\n|turn|1\n|\n|t:|1660752559\n|move|p1a: Yveltal|Knock Off|p2a: Groudon\n|-damage|p2a: Groudon|71\/100\n|-damage|p1a: Yveltal|84\/100|[from] item: Rocky Helmet|[of] p2a: Groudon\n|-enditem|p2a: Groudon|Rocky Helmet|[from] move: Knock Off|[of] p1a: Yveltal\n|move|p2a: Groudon|Stealth Rock|p1a: Yveltal\n|-sidestart|p1: Icemaster|move: Stealth Rock\n|\n|-weather|SunnyDay|[upkeep]\n|upkeep\n|turn|2\n|\n|t:|1660752568\n|switch|p1a: Groudon|Groudon|100\/100\n|-damage|p1a: Groudon|94\/100|[from] Stealth Rock\n|switch|p2a: Skarmory|Skarmory, M|100\/100\n|\n|-weather|SunnyDay|[upkeep]\n|-heal|p1a: Groudon|100\/100|[from] item: Leftovers\n|upkeep\n|turn|3\n|\n|t:|1660752573\n|switch|p1a: Ho-Oh|Ho-Oh|100\/100\n|move|p2a: Skarmory|Toxic|p1a: Ho-Oh\n|-status|p1a: Ho-Oh|tox\n|\n|-weather|SunnyDay|[upkeep]\n|-damage|p1a: Ho-Oh|94\/100 tox|[from] psn\n|upkeep\n|turn|4\n|\n|t:|1660752597\n|switch|p2a: Ho-Oh|Ho-Oh|100\/100\n|move|p1a: Ho-Oh|Defog|p2a: Ho-Oh\n|-unboost|p2a: Ho-Oh|evasion|1\n|-sideend|p1: Icemaster|Stealth Rock|[from] move: Defog|[of] p1a: Ho-Oh\n|\n|-weather|SunnyDay|[upkeep]\n|-damage|p1a: Ho-Oh|82\/100 tox|[from] psn\n|upkeep\n|turn|5\n|\n|t:|1660752604\n|switch|p1a: Eternatus|Eternatus|100\/100\n|-ability|p1a: Eternatus|Pressure\n|move|p2a: Ho-Oh|Brave Bird|p1a: Eternatus\n|-damage|p1a: Eternatus|33\/100\n|-damage|p2a: Ho-Oh|72\/100|[from] Recoil\n|\n|-weather|none\n|-heal|p1a: Eternatus|39\/100|[from] item: Black Sludge\n|upkeep\n|turn|6\n|\n|t:|1660752611\n|move|p1a: Eternatus|Recover|p1a: Eternatus\n|-heal|p1a: Eternatus|89\/100\n|move|p2a: Ho-Oh|Brave Bird|p1a: Eternatus\n|-damage|p1a: Eternatus|18\/100\n|-damage|p2a: Ho-Oh|41\/100|[from] Recoil\n|\n|-heal|p1a: Eternatus|24\/100|[from] item: Black Sludge\n|upkeep\n|turn|7\n|\n|t:|1660752620\n|switch|p2a: Chansey|Chansey, F|100\/100\n|move|p1a: Eternatus|Recover|p1a: Eternatus\n|-heal|p1a: Eternatus|74\/100\n|\n|-heal|p1a: Eternatus|81\/100|[from] item: Black Sludge\n|upkeep\n|turn|8\n|\n|t:|1660752628\n|move|p1a: Eternatus|Recover|p1a: Eternatus\n|-heal|p1a: Eternatus|100\/100\n|move|p2a: Chansey|Seismic Toss|p1a: Eternatus\n|-damage|p1a: Eternatus|79\/100\n|\n|-heal|p1a: Eternatus|85\/100|[from] item: Black Sludge\n|upkeep\n|turn|9\n|\n|t:|1660752635\n|switch|p1a: Groudon|Groudon|100\/100\n|-weather|SunnyDay|[from] ability: Drought|[of] p1a: Groudon\n|move|p2a: Chansey|Seismic Toss|p1a: Groudon\n|-damage|p1a: Groudon|75\/100\n|\n|-weather|SunnyDay|[upkeep]\n|-heal|p1a: Groudon|82\/100|[from] item: Leftovers\n|upkeep\n|turn|10\n|\n|t:|1660752640\n|switch|p2a: Xatu|Xatu, M|100\/100\n|move|p1a: Groudon|Stone Edge|p2a: Xatu\n|-supereffective|p2a: Xatu\n|-damage|p2a: Xatu|34\/100\n|\n|-weather|SunnyDay|[upkeep]\n|-heal|p1a: Groudon|88\/100|[from] item: Leftovers\n|upkeep\n|turn|11\n|\n|t:|1660752644\n|move|p2a: Xatu|Roost|p2a: Xatu\n|-heal|p2a: Xatu|84\/100\n|-singleturn|p2a: Xatu|move: Roost\n|move|p1a: Groudon|Precipice Blades|p2a: Xatu|[miss]\n|-miss|p1a: Groudon|p2a: Xatu\n|\n|-weather|SunnyDay|[upkeep]\n|-heal|p1a: Groudon|94\/100|[from] item: Leftovers\n|upkeep\n|turn|12\n|\n|t:|1660752651\n|move|p2a: Xatu|Toxic|p1a: Groudon\n|-status|p1a: Groudon|tox\n|move|p1a: Groudon|Stone Edge|p2a: Xatu\n|-supereffective|p2a: Xatu\n|-damage|p2a: Xatu|21\/100\n|\n|-weather|SunnyDay|[upkeep]\n|-heal|p1a: Groudon|100\/100 tox|[from] item: Leftovers\n|-damage|p1a: Groudon|94\/100 tox|[from] psn\n|upkeep\n|turn|13\n|\n|t:|1660752655\n|switch|p1a: Necrozma|Necrozma-Dusk-Mane|100\/100\n|move|p2a: Xatu|Roost|p2a: Xatu\n|-heal|p2a: Xatu|71\/100\n|-singleturn|p2a: Xatu|move: Roost\n|\n|-weather|none\n|upkeep\n|turn|14\n|\n|t:|1660752670\n|switch|p2a: Skarmory|Skarmory, M|100\/100\n|move|p1a: Necrozma|Knock Off|p2a: Skarmory\n|-damage|p2a: Skarmory|79\/100\n|-enditem|p2a: Skarmory|Shed Shell|[from] move: Knock Off|[of] p1a: Necrozma\n|\n|upkeep\n|turn|15\n|\n|t:|1660752675\n|switch|p1a: Ho-Oh|Ho-Oh|100\/100 tox\n|move|p2a: Skarmory|Spikes|p1a: Ho-Oh\n|-sidestart|p1: Icemaster|Spikes\n|\n|-damage|p1a: Ho-Oh|94\/100 tox|[from] psn\n|upkeep\n|turn|16\n|inactive|Skysolo \u2764 has 270 seconds left.\n|inactive|Skysolo \u2764 has 240 seconds left.\n|\n|t:|1660752753\n|switch|p2a: Groudon|Groudon|71\/100\n|-weather|SunnyDay|[from] ability: Drought|[of] p2a: Groudon\n|move|p1a: Ho-Oh|Defog|p2a: Groudon\n|-unboost|p2a: Groudon|evasion|1\n|-sideend|p1: Icemaster|Spikes|[from] move: Defog|[of] p1a: Ho-Oh\n|\n|-weather|SunnyDay|[upkeep]\n|-damage|p1a: Ho-Oh|82\/100 tox|[from] psn\n|upkeep\n|turn|17\n|\n|t:|1660752758\n|move|p1a: Ho-Oh|Sacred Fire|p2a: Groudon\n|-damage|p2a: Groudon|39\/100\n|-status|p2a: Groudon|brn\n|move|p2a: Groudon|Stealth Rock|p1a: Ho-Oh\n|-sidestart|p1: Icemaster|move: Stealth Rock\n|\n|-weather|SunnyDay|[upkeep]\n|-damage|p1a: Ho-Oh|63\/100 tox|[from] psn\n|-damage|p2a: Groudon|33\/100 brn|[from] brn\n|upkeep\n|turn|18\n|\n|t:|1660752761\n|move|p1a: Ho-Oh|Sacred Fire|p2a: Groudon\n|-damage|p2a: Groudon|0 fnt\n|faint|p2a: Groudon\n|\n|-weather|SunnyDay|[upkeep]\n|-damage|p1a: Ho-Oh|38\/100 tox|[from] psn\n|upkeep\n|\n|t:|1660752771\n|switch|p2a: Yveltal|Yveltal|100\/100\n|-ability|p2a: Yveltal|Dark Aura\n|turn|19\n|\n|t:|1660752776\n|switch|p1a: Yveltal|Yveltal|84\/100\n|-ability|p1a: Yveltal|Dark Aura\n|move|p2a: Yveltal|Knock Off|p1a: Yveltal\n|-resisted|p1a: Yveltal\n|-damage|p1a: Yveltal|52\/100\n|-enditem|p1a: Yveltal|Heavy-Duty Boots|[from] move: Knock Off|[of] p2a: Yveltal\n|\n|-weather|SunnyDay|[upkeep]\n|upkeep\n|turn|20\n|\n|t:|1660752780\n|move|p2a: Yveltal|Taunt|p1a: Yveltal\n|-start|p1a: Yveltal|move: Taunt\n|cant|p1a: Yveltal|move: Taunt|Roost\n|\n|-weather|none\n|upkeep\n|turn|21\n|inactive|Skysolo \u2764 has 270 seconds left.\n|\n|t:|1660752788\n|move|p1a: Yveltal|Knock Off|p2a: Yveltal\n|-resisted|p2a: Yveltal\n|-damage|p2a: Yveltal|76\/100\n|-enditem|p2a: Yveltal|Black Glasses|[from] move: Knock Off|[of] p1a: Yveltal\n|move|p2a: Yveltal|Knock Off|p1a: Yveltal\n|-resisted|p1a: Yveltal\n|-damage|p1a: Yveltal|33\/100\n|\n|upkeep\n|turn|22\n|\n|t:|1660752791\n|move|p1a: Yveltal|Knock Off|p2a: Yveltal\n|-resisted|p2a: Yveltal\n|-damage|p2a: Yveltal|60\/100\n|move|p2a: Yveltal|Knock Off|p1a: Yveltal\n|-resisted|p1a: Yveltal\n|-damage|p1a: Yveltal|16\/100\n|\n|-end|p1a: Yveltal|move: Taunt\n|upkeep\n|turn|23\n|\n|t:|1660752795\n|move|p1a: Yveltal|Roost|p1a: Yveltal\n|-heal|p1a: Yveltal|66\/100\n|-singleturn|p1a: Yveltal|move: Roost\n|move|p2a: Yveltal|Knock Off|p1a: Yveltal\n|-resisted|p1a: Yveltal\n|-damage|p1a: Yveltal|47\/100\n|\n|upkeep\n|turn|24\n|\n|t:|1660752798\n|move|p1a: Yveltal|Taunt|p2a: Yveltal\n|-start|p2a: Yveltal|move: Taunt\n|cant|p2a: Yveltal|move: Taunt|Taunt\n|\n|upkeep\n|turn|25\n|\n|t:|1660752805\n|switch|p2a: Skarmory|Skarmory, M|79\/100\n|move|p1a: Yveltal|Roost|p1a: Yveltal\n|-heal|p1a: Yveltal|97\/100\n|-singleturn|p1a: Yveltal|move: Roost\n|\n|upkeep\n|turn|26\n|\n|t:|1660752810\n|switch|p2a: Ho-Oh|Ho-Oh|74\/100\n|move|p1a: Yveltal|Taunt|p2a: Ho-Oh\n|-start|p2a: Ho-Oh|move: Taunt\n|\n|upkeep\n|turn|27\n|\n|t:|1660752813\n|move|p1a: Yveltal|Knock Off|p2a: Ho-Oh\n|-damage|p2a: Ho-Oh|16\/100\n|-enditem|p2a: Ho-Oh|Choice Band|[from] move: Knock Off|[of] p1a: Yveltal\n|move|p2a: Ho-Oh|Sacred Fire|p1a: Yveltal\n|-damage|p1a: Yveltal|49\/100\n|\n|upkeep\n|turn|28\n|\n|t:|1660752817\n|switch|p2a: Yveltal|Yveltal|60\/100\n|-ability|p2a: Yveltal|Dark Aura\n|move|p1a: Yveltal|Roost|p1a: Yveltal\n|-heal|p1a: Yveltal|99\/100\n|-singleturn|p1a: Yveltal|move: Roost\n|\n|upkeep\n|turn|29\n|\n|t:|1660752820\n|move|p2a: Yveltal|Taunt|p1a: Yveltal\n|-start|p1a: Yveltal|move: Taunt\n|move|p1a: Yveltal|Knock Off|p2a: Yveltal\n|-resisted|p2a: Yveltal\n|-damage|p2a: Yveltal|42\/100\n|\n|upkeep\n|turn|30\n|\n|t:|1660752826\n|switch|p1a: Eternatus|Eternatus|85\/100\n|-damage|p1a: Eternatus|73\/100|[from] Stealth Rock\n|-ability|p1a: Eternatus|Pressure\n|move|p2a: Yveltal|Roost|p2a: Yveltal\n|-heal|p2a: Yveltal|92\/100\n|-singleturn|p2a: Yveltal|move: Roost\n|\n|-heal|p1a: Eternatus|79\/100|[from] item: Black Sludge\n|upkeep\n|turn|31\n|\n|t:|1660752838\n|switch|p2a: Chansey|Chansey, F|100\/100\n|move|p1a: Eternatus|Meteor Beam||[still]\n|-prepare|p1a: Eternatus|Meteor Beam\n|-boost|p1a: Eternatus|spa|1\n|\n|-heal|p1a: Eternatus|85\/100|[from] item: Black Sludge\n|upkeep\n|turn|32\n|\n|t:|1660752843\n|move|p1a: Eternatus|Meteor Beam|p2a: Chansey|[from]lockedmove|[miss]\n|-miss|p1a: Eternatus|p2a: Chansey\n|move|p2a: Chansey|Confide|p1a: Eternatus\n|-unboost|p1a: Eternatus|spa|1\n|\n|-heal|p1a: Eternatus|91\/100|[from] item: Black Sludge\n|upkeep\n|turn|33\n|\n|t:|1660752846\n|move|p1a: Eternatus|Meteor Beam||[still]\n|-prepare|p1a: Eternatus|Meteor Beam\n|-boost|p1a: Eternatus|spa|1\n|move|p2a: Chansey|Seismic Toss|p1a: Eternatus\n|-damage|p1a: Eternatus|69\/100\n|\n|-heal|p1a: Eternatus|75\/100|[from] item: Black Sludge\n|upkeep\n|turn|34\n|\n|t:|1660752851\n|move|p1a: Eternatus|Meteor Beam|p2a: Chansey|[from]lockedmove|[miss]\n|-miss|p1a: Eternatus|p2a: Chansey\n|move|p2a: Chansey|Seismic Toss|p1a: Eternatus\n|-damage|p1a: Eternatus|53\/100\n|\n|-heal|p1a: Eternatus|60\/100|[from] item: Black Sludge\n|upkeep\n|turn|35\n|\n|t:|1660752854\n|move|p1a: Eternatus|Recover|p1a: Eternatus\n|-heal|p1a: Eternatus|100\/100\n|move|p2a: Chansey|Confide|p1a: Eternatus\n|-unboost|p1a: Eternatus|spa|1\n|\n|upkeep\n|turn|36\n|\n|t:|1660752858\n|move|p1a: Eternatus|Cosmic Power|p1a: Eternatus\n|-boost|p1a: Eternatus|def|1\n|-boost|p1a: Eternatus|spd|1\n|move|p2a: Chansey|Seismic Toss|p1a: Eternatus\n|-damage|p1a: Eternatus|79\/100\n|\n|-heal|p1a: Eternatus|85\/100|[from] item: Black Sludge\n|upkeep\n|turn|37\n|\n|t:|1660752867\n|move|p1a: Eternatus|Meteor Beam||[still]\n|-prepare|p1a: Eternatus|Meteor Beam\n|-boost|p1a: Eternatus|spa|1\n|move|p2a: Chansey|Seismic Toss|p1a: Eternatus\n|-damage|p1a: Eternatus|63\/100\n|\n|-heal|p1a: Eternatus|69\/100|[from] item: Black Sludge\n|upkeep\n|turn|38\n|\n|t:|1660752873\n|move|p1a: Eternatus|Meteor Beam|p2a: Chansey|[from]lockedmove\n|-damage|p2a: Chansey|87\/100\n|move|p2a: Chansey|Confide|p1a: Eternatus\n|-unboost|p1a: Eternatus|spa|1\n|\n|-heal|p1a: Eternatus|75\/100|[from] item: Black Sludge\n|upkeep\n|turn|39\n|\n|t:|1660752879\n|switch|p2a: Ho-Oh|Ho-Oh|49\/100\n|move|p1a: Eternatus|Meteor Beam||[still]\n|-prepare|p1a: Eternatus|Meteor Beam\n|-boost|p1a: Eternatus|spa|1\n|\n|-heal|p1a: Eternatus|81\/100|[from] item: Black Sludge\n|upkeep\n|turn|40\n|\n|t:|1660752882\n|switch|p2a: Chansey|Chansey, F|87\/100\n|move|p1a: Eternatus|Meteor Beam|p2a: Chansey|[from]lockedmove\n|-damage|p2a: Chansey|74\/100\n|\n|-heal|p1a: Eternatus|87\/100|[from] item: Black Sludge\n|upkeep\n|turn|41\n|\n|t:|1660752887\n|move|p1a: Eternatus|Meteor Beam||[still]\n|-prepare|p1a: Eternatus|Meteor Beam\n|-boost|p1a: Eternatus|spa|1\n|move|p2a: Chansey|Soft-Boiled|p2a: Chansey\n|-heal|p2a: Chansey|100\/100\n|\n|-heal|p1a: Eternatus|94\/100|[from] item: Black Sludge\n|upkeep\n|turn|42\n|\n|t:|1660752888\n|move|p1a: Eternatus|Meteor Beam|p2a: Chansey|[from]lockedmove\n|-damage|p2a: Chansey|83\/100\n|move|p2a: Chansey|Confide|p1a: Eternatus\n|-unboost|p1a: Eternatus|spa|1\n|\n|-heal|p1a: Eternatus|99\/100|[from] item: Black Sludge\n|upkeep\n|turn|43\n|\n|t:|1660752898\n|switch|p1a: Zygarde|Zygarde|100\/100\n|-damage|p1a: Zygarde|94\/100|[from] Stealth Rock\n|move|p2a: Chansey|Confide|p1a: Zygarde\n|-unboost|p1a: Zygarde|spa|1\n|\n|upkeep\n|turn|44\n|\n|t:|1660752902\n|switch|p2a: Xatu|Xatu, M|71\/100\n|move|p1a: Zygarde|Dragon Dance|p1a: Zygarde\n|-boost|p1a: Zygarde|atk|1\n|-boost|p1a: Zygarde|spe|1\n|\n|upkeep\n|turn|45\n|\n|t:|1660752928\n|move|p1a: Zygarde|Thousand Arrows|p2a: Xatu\n|-damage|p2a: Xatu|0 fnt\n|faint|p2a: Xatu\n|-damage|p1a: Zygarde|85\/100|[from] item: Life Orb\n|\n|upkeep\n|\n|t:|1660752952\n|switch|p2a: Skarmory|Skarmory, M|79\/100\n|turn|46\n|\n|t:|1660752954\n|move|p1a: Zygarde|Thousand Arrows|p2a: Skarmory\n|-damage|p2a: Skarmory|34\/100\n|-start|p2a: Skarmory|Smack Down\n|-damage|p1a: Zygarde|75\/100|[from] item: Life Orb\n|move|p2a: Skarmory|Whirlwind|p1a: Zygarde\n|drag|p1a: Eternatus|Eternatus|99\/100\n|-damage|p1a: Eternatus|87\/100|[from] Stealth Rock\n|-ability|p1a: Eternatus|Pressure\n|\n|-heal|p1a: Eternatus|93\/100|[from] item: Black Sludge\n|upkeep\n|turn|47\n|\n|t:|1660752959\n|move|p1a: Eternatus|Dragon Pulse|p2a: Skarmory\n|-resisted|p2a: Skarmory\n|-crit|p2a: Skarmory\n|-damage|p2a: Skarmory|0 fnt\n|faint|p2a: Skarmory\n|\n|-heal|p1a: Eternatus|99\/100|[from] item: Black Sludge\n|upkeep\n|c|\u2606Skysolo \u2764|gg\n|c|\u2606Icemaster|ggs\n|-message|Skysolo \u2764 forfeited.\n|\n|win|Icemaster\n","uploadtime":1660752971,"views":67,"p1id":"icemaster","p2id":"skysolo","formatid":"gen8ubers","rating":0,"private":0,"password":null}