{"id":"smogtours-gen6ou-652106","p1":"poulet","p2":"Pok et Glace","format":"gen6ou","log":"|inactive|Battle timer is ON: inactive players will automatically lose when time's up.\n|t:|1664656196\n|gametype|singles\n|player|p1|poulet|265|\n|player|p2|Pok et Glace|102|\n|teamsize|p1|6\n|teamsize|p2|6\n|gen|6\n|tier|[Gen 6] OU\n|rule|Sleep Clause Mod: Limit one foe put to sleep\n|rule|Species Clause: Limit one of each Pok\u00e9mon\n|rule|OHKO Clause: OHKO moves are banned\n|rule|Moody Clause: Moody is banned\n|rule|Evasion Items Clause: Evasion items are banned\n|rule|Evasion Moves Clause: Evasion moves are banned\n|rule|Endless Battle Clause: Forcing endless battles is banned\n|rule|HP Percentage Mod: HP is shown in percentages\n|rule|Swagger Clause: Swagger is banned\n|clearpoke\n|poke|p1|Slowbro, M|item\n|poke|p1|Tyranitar, F|item\n|poke|p1|Zapdos|item\n|poke|p1|Heatran, M|item\n|poke|p1|Excadrill, M|item\n|poke|p1|Ferrothorn, F|item\n|poke|p2|Landorus-Therian, M|item\n|poke|p2|Bisharp, M|item\n|poke|p2|Garchomp, M|item\n|poke|p2|Diancie|item\n|poke|p2|Manaphy|item\n|poke|p2|Dragonite, M|item\n|teampreview\n|c|\u2606Pok et Glace|hf\n|c|\u2606poulet|hf\n|inactive|poulet has 270 seconds left.\n|inactive|Pok et Glace has 270 seconds left.\n|c|\u2606Pok et Glace|le nombre de gens qui turaient pour avoir le pseudo poulet\n|c|\u2606poulet|u\u00e9 je l'ai register aux d\u00e9buts de ps\n|inactive|poulet has 240 seconds left.\n|\n|t:|1664656271\n|start\n|switch|p1a: Flagadoss|Slowbro, M|100\/100\n|switch|p2a: Last Hillary lover|Manaphy, shiny|100\/100\n|turn|1\n|\n|t:|1664656283\n|switch|p1a: Noacier|Ferrothorn, F|100\/100\n|move|p2a: Last Hillary lover|Scald|p1a: Noacier\n|-resisted|p1a: Noacier\n|-damage|p1a: Noacier|92\/100\n|\n|-heal|p1a: Noacier|98\/100|[from] item: Leftovers\n|upkeep\n|turn|2\n|\n|t:|1664656296\n|move|p2a: Last Hillary lover|Scald|p1a: Noacier\n|-resisted|p1a: Noacier\n|-damage|p1a: Noacier|89\/100\n|-status|p1a: Noacier|brn\n|move|p1a: Noacier|Power Whip|p2a: Last Hillary lover\n|-supereffective|p2a: Last Hillary lover\n|-damage|p2a: Last Hillary lover|75\/100\n|\n|-heal|p2a: Last Hillary lover|81\/100|[from] item: Leftovers\n|-heal|p1a: Noacier|95\/100 brn|[from] item: Leftovers\n|-damage|p1a: Noacier|83\/100 brn|[from] brn\n|upkeep\n|turn|3\n|\n|t:|1664656310\n|switch|p2a: Bernie Landers|Landorus-Therian, M, shiny|100\/100\n|-ability|p2a: Bernie Landers|Intimidate|boost\n|-unboost|p1a: Noacier|atk|1\n|move|p1a: Noacier|Leech Seed|p2a: Bernie Landers|[miss]\n|-miss|p1a: Noacier|p2a: Bernie Landers\n|\n|-heal|p1a: Noacier|89\/100 brn|[from] item: Leftovers\n|-damage|p1a: Noacier|76\/100 brn|[from] brn\n|upkeep\n|turn|4\n|\n|t:|1664656316\n|switch|p1a: Flagadoss|Slowbro, M|100\/100\n|move|p2a: Bernie Landers|Stealth Rock|p1a: Flagadoss\n|-sidestart|p1: poulet|move: Stealth Rock\n|\n|upkeep\n|turn|5\n|\n|t:|1664656323\n|switch|p2a: Last Hillary lover|Manaphy, shiny|81\/100\n|move|p1a: Flagadoss|Scald|p2a: Last Hillary lover\n|-resisted|p2a: Last Hillary lover\n|-damage|p2a: Last Hillary lover|70\/100\n|\n|-heal|p2a: Last Hillary lover|76\/100|[from] item: Leftovers\n|upkeep\n|turn|6\n|\n|t:|1664656333\n|move|p2a: Last Hillary lover|Scald|p1a: Flagadoss\n|-resisted|p1a: Flagadoss\n|-damage|p1a: Flagadoss|85\/100\n|-status|p1a: Flagadoss|brn\n|move|p1a: Flagadoss|Thunder Wave|p2a: Last Hillary lover\n|-status|p2a: Last Hillary lover|par\n|\n|-heal|p1a: Flagadoss|91\/100 brn|[from] item: Leftovers\n|-heal|p2a: Last Hillary lover|83\/100 par|[from] item: Leftovers\n|-damage|p1a: Flagadoss|79\/100 brn|[from] brn\n|upkeep\n|turn|7\n|\n|t:|1664656346\n|switch|p1a: Heatran|Heatran, M|100\/100\n|-damage|p1a: Heatran|88\/100|[from] Stealth Rock\n|move|p2a: Last Hillary lover|Rain Dance|p2a: Last Hillary lover\n|-weather|RainDance\n|\n|-weather|RainDance|[upkeep]\n|-heal|p1a: Heatran|94\/100|[from] item: Leftovers\n|-activate|p2a: Last Hillary lover|ability: Hydration\n|-curestatus|p2a: Last Hillary lover|par|[msg]\n|-heal|p2a: Last Hillary lover|89\/100|[from] item: Leftovers\n|upkeep\n|turn|8\n|\n|t:|1664656349\n|move|p1a: Heatran|Stealth Rock|p2a: Last Hillary lover\n|-sidestart|p2: Pok et Glace|move: Stealth Rock\n|move|p2a: Last Hillary lover|Scald|p1a: Heatran\n|-supereffective|p1a: Heatran\n|-damage|p1a: Heatran|33\/100\n|\n|-weather|RainDance|[upkeep]\n|-heal|p1a: Heatran|39\/100|[from] item: Leftovers\n|-heal|p2a: Last Hillary lover|95\/100|[from] item: Leftovers\n|upkeep\n|turn|9\n|\n|t:|1664656353\n|switch|p1a: Noacier|Ferrothorn, F|76\/100 brn\n|-damage|p1a: Noacier|70\/100 brn|[from] Stealth Rock\n|move|p2a: Last Hillary lover|Scald|p1a: Noacier\n|-resisted|p1a: Noacier\n|-damage|p1a: Noacier|56\/100 brn\n|\n|-weather|RainDance|[upkeep]\n|-heal|p2a: Last Hillary lover|100\/100|[from] item: Leftovers\n|-heal|p1a: Noacier|62\/100 brn|[from] item: Leftovers\n|-damage|p1a: Noacier|50\/100 brn|[from] brn\n|upkeep\n|turn|10\n|\n|t:|1664656362\n|switch|p2a: Bernie Landers|Landorus-Therian, M, shiny|100\/100\n|-damage|p2a: Bernie Landers|88\/100|[from] Stealth Rock\n|-ability|p2a: Bernie Landers|Intimidate|boost\n|-unboost|p1a: Noacier|atk|1\n|move|p1a: Noacier|Leech Seed|p2a: Bernie Landers|[miss]\n|-miss|p1a: Noacier|p2a: Bernie Landers\n|\n|-weather|RainDance|[upkeep]\n|-heal|p1a: Noacier|56\/100 brn|[from] item: Leftovers\n|-damage|p1a: Noacier|43\/100 brn|[from] brn\n|upkeep\n|turn|11\n|c|\u2606Pok et Glace|deso\n|c|\u2606poulet|c le jeu\n|\n|t:|1664656388\n|switch|p1a: Flagadoss|Slowbro, M|100\/100 brn\n|-damage|p1a: Flagadoss|88\/100 brn|[from] Stealth Rock\n|move|p2a: Bernie Landers|Earthquake|p1a: Flagadoss\n|-damage|p1a: Flagadoss|56\/100 brn\n|\n|-weather|none\n|-heal|p1a: Flagadoss|62\/100 brn|[from] item: Leftovers\n|-damage|p1a: Flagadoss|49\/100 brn|[from] brn\n|upkeep\n|turn|12\n|\n|t:|1664656400\n|switch|p2a: Last Hillary lover|Manaphy, shiny|100\/100\n|-damage|p2a: Last Hillary lover|88\/100|[from] Stealth Rock\n|move|p1a: Flagadoss|Slack Off|p1a: Flagadoss\n|-heal|p1a: Flagadoss|99\/100 brn\n|\n|-heal|p2a: Last Hillary lover|94\/100|[from] item: Leftovers\n|-heal|p1a: Flagadoss|100\/100 brn|[from] item: Leftovers\n|-damage|p1a: Flagadoss|88\/100 brn|[from] brn\n|upkeep\n|turn|13\n|\n|t:|1664656407\n|switch|p1a: Noacier|Ferrothorn, F|43\/100 brn\n|-damage|p1a: Noacier|37\/100 brn|[from] Stealth Rock\n|move|p2a: Last Hillary lover|Calm Mind|p2a: Last Hillary lover\n|-boost|p2a: Last Hillary lover|spa|1\n|-boost|p2a: Last Hillary lover|spd|1\n|\n|-heal|p2a: Last Hillary lover|100\/100|[from] item: Leftovers\n|-heal|p1a: Noacier|43\/100 brn|[from] item: Leftovers\n|-damage|p1a: Noacier|31\/100 brn|[from] brn\n|upkeep\n|turn|14\n|\n|t:|1664656420\n|switch|p2a: Dark Brandon|Bisharp, M, shiny|100\/100\n|-damage|p2a: Dark Brandon|95\/100|[from] Stealth Rock\n|move|p1a: Noacier|Leech Seed|p2a: Dark Brandon\n|-start|p2a: Dark Brandon|move: Leech Seed\n|\n|-heal|p1a: Noacier|37\/100 brn|[from] item: Leftovers\n|-damage|p2a: Dark Brandon|82\/100|[from] Leech Seed|[of] p1a: Noacier\n|-heal|p1a: Noacier|47\/100 brn|[silent]\n|-damage|p1a: Noacier|34\/100 brn|[from] brn\n|upkeep\n|turn|15\n|\n|t:|1664656430\n|switch|p1a: \u00c9lecthor|Zapdos|100\/100\n|-damage|p1a: \u00c9lecthor|76\/100|[from] Stealth Rock\n|move|p2a: Dark Brandon|Knock Off|p1a: \u00c9lecthor\n|-damage|p1a: \u00c9lecthor|27\/100\n|-status|p2a: Dark Brandon|par|[from] ability: Static|[of] p1a: \u00c9lecthor\n|-enditem|p1a: \u00c9lecthor|Leftovers|[from] move: Knock Off|[of] p2a: Dark Brandon\n|-damage|p2a: Dark Brandon|72\/100 par|[from] item: Life Orb\n|\n|-damage|p2a: Dark Brandon|60\/100 par|[from] Leech Seed|[of] p1a: \u00c9lecthor\n|-heal|p1a: \u00c9lecthor|36\/100|[silent]\n|upkeep\n|turn|16\n|\n|t:|1664656443\n|switch|p2a: Nancy Pelosi|Diancie, shiny|100\/100\n|-damage|p2a: Nancy Pelosi|88\/100|[from] Stealth Rock\n|move|p1a: \u00c9lecthor|Roost|p1a: \u00c9lecthor\n|-heal|p1a: \u00c9lecthor|86\/100\n|-singleturn|p1a: \u00c9lecthor|move: Roost\n|\n|upkeep\n|turn|17\n|\n|t:|1664656455\n|switch|p1a: Heatran|Heatran, M|39\/100\n|-damage|p1a: Heatran|27\/100|[from] Stealth Rock\n|detailschange|p2a: Nancy Pelosi|Diancie-Mega, shiny\n|-mega|p2a: Nancy Pelosi|Diancie|Diancite\n|move|p2a: Nancy Pelosi|Diamond Storm|p1a: Heatran\n|-damage|p1a: Heatran|0 fnt\n|faint|p1a: Heatran\n|\n|upkeep\n|\n|t:|1664656461\n|switch|p1a: Tyranocif|Tyranitar, F|100\/100\n|-damage|p1a: Tyranocif|88\/100|[from] Stealth Rock\n|-weather|Sandstorm|[from] ability: Sand Stream|[of] p1a: Tyranocif\n|turn|18\n|\n|t:|1664656470\n|switch|p2a: Bernie Landers|Landorus-Therian, M, shiny|88\/100\n|-damage|p2a: Bernie Landers|76\/100|[from] Stealth Rock\n|-ability|p2a: Bernie Landers|Intimidate|boost\n|-unboost|p1a: Tyranocif|atk|1\n|detailschange|p1a: Tyranocif|Tyranitar-Mega, F\n|-mega|p1a: Tyranocif|Tyranitar|Tyranitarite\n|move|p1a: Tyranocif|Ice Punch|p2a: Bernie Landers\n|-supereffective|p2a: Bernie Landers\n|-damage|p2a: Bernie Landers|0 fnt\n|faint|p2a: Bernie Landers\n|\n|-weather|Sandstorm|[upkeep]\n|upkeep\n|\n|t:|1664656475\n|switch|p2a: Last Hillary lover|Manaphy, shiny|100\/100\n|-damage|p2a: Last Hillary lover|88\/100|[from] Stealth Rock\n|turn|19\n|\n|t:|1664656480\n|move|p2a: Last Hillary lover|Scald|p1a: Tyranocif\n|-supereffective|p1a: Tyranocif\n|-damage|p1a: Tyranocif|63\/100\n|-status|p1a: Tyranocif|brn\n|move|p1a: Tyranocif|Stone Edge|p2a: Last Hillary lover\n|-damage|p2a: Last Hillary lover|75\/100\n|\n|-weather|Sandstorm|[upkeep]\n|-damage|p2a: Last Hillary lover|68\/100|[from] Sandstorm\n|-heal|p2a: Last Hillary lover|75\/100|[from] item: Leftovers\n|-damage|p1a: Tyranocif|50\/100 brn|[from] brn\n|upkeep\n|turn|20\n|c|\u2606Pok et Glace|je suis archi lucky sur ce match\n|\n|t:|1664656500\n|switch|p1a: \u00c9lecthor|Zapdos|86\/100\n|-damage|p1a: \u00c9lecthor|61\/100|[from] Stealth Rock\n|move|p2a: Last Hillary lover|Scald|p1a: \u00c9lecthor\n|-damage|p1a: \u00c9lecthor|31\/100\n|-status|p1a: \u00c9lecthor|brn\n|\n|-weather|Sandstorm|[upkeep]\n|-damage|p1a: \u00c9lecthor|25\/100 brn|[from] Sandstorm\n|-damage|p2a: Last Hillary lover|68\/100|[from] Sandstorm\n|-heal|p2a: Last Hillary lover|75\/100|[from] item: Leftovers\n|-damage|p1a: \u00c9lecthor|13\/100 brn|[from] brn\n|upkeep\n|turn|21\n|c|\u2606poulet|ah\n|c|\u2606poulet|gg\n|c|\u2606Pok et Glace|et une de plus\n|c|\u2606Pok et Glace|gg\n|c|\u2606Pok et Glace|le mu de manaphy est juste impossible pour toi\n|\n|t:|1664656528\n|switch|p2a: Dark Brandon|Bisharp, M, shiny|60\/100 par\n|-damage|p2a: Dark Brandon|54\/100 par|[from] Stealth Rock\n|move|p1a: \u00c9lecthor|Roost|p1a: \u00c9lecthor\n|-heal|p1a: \u00c9lecthor|63\/100 brn\n|-singleturn|p1a: \u00c9lecthor|move: Roost\n|\n|-weather|Sandstorm|[upkeep]\n|-damage|p1a: \u00c9lecthor|57\/100 brn|[from] Sandstorm\n|-damage|p1a: \u00c9lecthor|45\/100 brn|[from] brn\n|upkeep\n|turn|22\n|\n|t:|1664656533\n|move|p1a: \u00c9lecthor|Roost|p1a: \u00c9lecthor\n|-heal|p1a: \u00c9lecthor|95\/100 brn\n|-singleturn|p1a: \u00c9lecthor|move: Roost\n|move|p2a: Dark Brandon|Knock Off|p1a: \u00c9lecthor\n|-damage|p1a: \u00c9lecthor|58\/100 brn\n|-damage|p2a: Dark Brandon|44\/100 par|[from] item: Life Orb\n|\n|-weather|none\n|-damage|p1a: \u00c9lecthor|45\/100 brn|[from] brn\n|upkeep\n|turn|23\n|\n|t:|1664656539\n|move|p2a: Dark Brandon|Sucker Punch||[still]\n|-fail|p2a: Dark Brandon\n|move|p1a: \u00c9lecthor|Roost|p1a: \u00c9lecthor\n|-heal|p1a: \u00c9lecthor|96\/100 brn\n|-singleturn|p1a: \u00c9lecthor|move: Roost\n|\n|-damage|p1a: \u00c9lecthor|83\/100 brn|[from] brn\n|upkeep\n|turn|24\n|\n|t:|1664656545\n|move|p2a: Dark Brandon|Sucker Punch|p1a: \u00c9lecthor\n|-damage|p1a: \u00c9lecthor|42\/100 brn\n|-damage|p2a: Dark Brandon|34\/100 par|[from] item: Life Orb\n|move|p1a: \u00c9lecthor|Heat Wave|p2a: Dark Brandon\n|-supereffective|p2a: Dark Brandon\n|-damage|p2a: Dark Brandon|0 fnt\n|faint|p2a: Dark Brandon\n|\n|-damage|p1a: \u00c9lecthor|30\/100 brn|[from] brn\n|upkeep\n|\n|t:|1664656549\n|switch|p2a: Nancy Pelosi|Diancie-Mega, shiny|88\/100\n|-damage|p2a: Nancy Pelosi|76\/100|[from] Stealth Rock\n|turn|25\n|\n|t:|1664656558\n|switch|p1a: Minotaupe|Excadrill, M|100\/100\n|-damage|p1a: Minotaupe|98\/100|[from] Stealth Rock\n|move|p2a: Nancy Pelosi|Moonblast|p1a: Minotaupe\n|-resisted|p1a: Minotaupe\n|-damage|p1a: Minotaupe|62\/100\n|-unboost|p1a: Minotaupe|spa|1\n|\n|-heal|p1a: Minotaupe|68\/100|[from] item: Leftovers\n|upkeep\n|turn|26\n|\n|t:|1664656565\n|move|p2a: Nancy Pelosi|Hidden Power|p1a: Minotaupe\n|-supereffective|p1a: Minotaupe\n|-damage|p1a: Minotaupe|14\/100\n|move|p1a: Minotaupe|Rapid Spin|p2a: Nancy Pelosi\n|-resisted|p2a: Nancy Pelosi\n|-crit|p2a: Nancy Pelosi\n|-damage|p2a: Nancy Pelosi|68\/100\n|-sideend|p1: poulet|Stealth Rock|[from] move: Rapid Spin|[of] p1a: Minotaupe\n|\n|-heal|p1a: Minotaupe|20\/100|[from] item: Leftovers\n|upkeep\n|turn|27\n|\n|t:|1664656572\n|switch|p1a: Tyranocif|Tyranitar-Mega, F|50\/100 brn\n|-weather|Sandstorm|[from] ability: Sand Stream|[of] p1a: Tyranocif\n|move|p2a: Nancy Pelosi|Moonblast|p1a: Tyranocif\n|-supereffective|p1a: Tyranocif\n|-damage|p1a: Tyranocif|0 fnt\n|faint|p1a: Tyranocif\n|\n|-weather|Sandstorm|[upkeep]\n|upkeep\n|\n|t:|1664656576\n|switch|p1a: Minotaupe|Excadrill, M|20\/100\n|turn|28\n|\n|t:|1664656599\n|switch|p2a: Maralago|Dragonite, M, shiny|100\/100\n|-damage|p2a: Maralago|76\/100|[from] Stealth Rock\n|move|p1a: Minotaupe|Earthquake|p2a: Maralago\n|-immune|p2a: Maralago\n|\n|-weather|Sandstorm|[upkeep]\n|-damage|p2a: Maralago|70\/100|[from] Sandstorm\n|-heal|p1a: Minotaupe|27\/100|[from] item: Leftovers\n|upkeep\n|turn|29\n|\n|t:|1664656607\n|move|p2a: Maralago|Extreme Speed|p1a: Minotaupe\n|-resisted|p1a: Minotaupe\n|-damage|p1a: Minotaupe|0 fnt\n|faint|p1a: Minotaupe\n|\n|-weather|Sandstorm|[upkeep]\n|-damage|p2a: Maralago|63\/100|[from] Sandstorm\n|upkeep\n|\n|t:|1664656612\n|switch|p1a: Noacier|Ferrothorn, F|34\/100 brn\n|turn|30\n|\n|t:|1664656617\n|switch|p2a: Nancy Pelosi|Diancie-Mega, shiny|68\/100\n|-damage|p2a: Nancy Pelosi|55\/100|[from] Stealth Rock\n|move|p1a: Noacier|Spikes|p2a: Nancy Pelosi\n|move|p2a: Nancy Pelosi|Spikes|p1a: Noacier|[from]ability: Magic Bounce\n|-sidestart|p1: poulet|Spikes\n|\n|-weather|Sandstorm|[upkeep]\n|-heal|p1a: Noacier|40\/100 brn|[from] item: Leftovers\n|-damage|p1a: Noacier|28\/100 brn|[from] brn\n|upkeep\n|turn|31\n|\n|t:|1664656624\n|move|p2a: Nancy Pelosi|Hidden Power|p1a: Noacier\n|-supereffective|p1a: Noacier\n|-damage|p1a: Noacier|0 fnt\n|faint|p1a: Noacier\n|\n|-weather|none\n|upkeep\n|\n|t:|1664656625\n|switch|p1a: Flagadoss|Slowbro, M|100\/100 brn\n|-damage|p1a: Flagadoss|88\/100 brn|[from] Spikes\n|turn|32\n|\n|t:|1664656631\n|move|p2a: Nancy Pelosi|Moonblast|p1a: Flagadoss\n|-damage|p1a: Flagadoss|27\/100 brn\n|-unboost|p1a: Flagadoss|spa|1\n|move|p1a: Flagadoss|Scald|p2a: Nancy Pelosi\n|-supereffective|p2a: Nancy Pelosi\n|-damage|p2a: Nancy Pelosi|5\/100\n|\n|-heal|p1a: Flagadoss|33\/100 brn|[from] item: Leftovers\n|-damage|p1a: Flagadoss|21\/100 brn|[from] brn\n|upkeep\n|turn|33\n|-message|poulet forfeited.\n|\n|win|Pok et Glace\n|c|\u2606Pok et Glace|gg\n|player|p1|poulet|265\n|player|p1|\n","uploadtime":1664656637,"views":22,"p1id":"poulet","p2id":"poketglace","formatid":"gen6ou","rating":0,"private":0,"password":null}