{"id":"smogtours-gen7ou-650501","p1":"Adel19","p2":"Pampey","format":"gen7ou","log":"|inactive|Battle timer is ON: inactive players will automatically lose when time's up.\n|t:|1664051534\n|gametype|singles\n|player|p1|Adel19|266|\n|player|p2|Pampey|pryce|\n|teamsize|p1|6\n|teamsize|p2|6\n|gen|7\n|tier|[Gen 7] OU\n|rule|Sleep Clause Mod: Limit one foe put to sleep\n|rule|Species Clause: Limit one of each Pok\u00e9mon\n|rule|OHKO Clause: OHKO moves are banned\n|rule|Moody Clause: Moody is banned\n|rule|Evasion Items Clause: Evasion items are banned\n|rule|Evasion Moves Clause: Evasion moves are banned\n|rule|Endless Battle Clause: Forcing endless battles is banned\n|rule|HP Percentage Mod: HP is shown in percentages\n|clearpoke\n|poke|p1|Landorus-Therian, M|item\n|poke|p1|Heatran, F|item\n|poke|p1|Tapu Koko|item\n|poke|p1|Tapu Fini|item\n|poke|p1|Medicham, F|item\n|poke|p1|Greninja, M|item\n|poke|p2|Medicham, F|item\n|poke|p2|Magearna|item\n|poke|p2|Chansey, F|item\n|poke|p2|Slowbro, F|item\n|poke|p2|Gliscor, F|item\n|poke|p2|Tornadus-Therian, M|item\n|teampreview\n|c|\u2606Pampey|gl hf\n|c|\u2606Adel19|hf\n|c|\u2606Adel19|u2\n|inactive|Pampey has 270 seconds left.\n|\n|t:|1664051576\n|start\n|switch|p1a: Landorus|Landorus-Therian, M|100\/100\n|switch|p2a: Tornadus|Tornadus-Therian, M|100\/100\n|-ability|p1a: Landorus|Intimidate|boost\n|-unboost|p2a: Tornadus|atk|1\n|turn|1\n|\n|t:|1664051583\n|move|p2a: Tornadus|Knock Off|p1a: Landorus\n|-damage|p1a: Landorus|89\/100\n|-zpower|p1a: Landorus\n|move|p1a: Landorus|Continental Crush|p2a: Tornadus|[zeffect]\n|-supereffective|p2a: Tornadus\n|-damage|p2a: Tornadus|0 fnt\n|faint|p2a: Tornadus\n|\n|upkeep\n|\n|t:|1664051608\n|switch|p2a: Medicham|Medicham, F|100\/100\n|turn|2\n|\n|t:|1664051618\n|switch|p1a: Tapu Fini|Tapu Fini|100\/100\n|-fieldstart|move: Misty Terrain|[from] ability: Misty Surge|[of] p1a: Tapu Fini\n|detailschange|p2a: Medicham|Medicham-Mega, F\n|-mega|p2a: Medicham|Medicham|Medichamite\n|move|p2a: Medicham|Ice Punch|p1a: Tapu Fini\n|-resisted|p1a: Tapu Fini\n|-damage|p1a: Tapu Fini|86\/100\n|\n|-heal|p1a: Tapu Fini|92\/100|[from] item: Leftovers\n|upkeep\n|turn|3\n|\n|t:|1664051626\n|switch|p2a: Magearna|Magearna|100\/100\n|move|p1a: Tapu Fini|Moonblast|p2a: Magearna\n|-resisted|p2a: Magearna\n|-damage|p2a: Magearna|90\/100\n|\n|-heal|p1a: Tapu Fini|98\/100|[from] item: Leftovers\n|-heal|p2a: Magearna|96\/100|[from] item: Leftovers\n|upkeep\n|turn|4\n|\n|t:|1664051645\n|switch|p2a: Gliscor|Gliscor, F|100\/100\n|move|p1a: Tapu Fini|Nature's Madness|p2a: Gliscor\n|-damage|p2a: Gliscor|50\/100\n|\n|-heal|p1a: Tapu Fini|100\/100|[from] item: Leftovers\n|-status|p2a: Gliscor|tox|[from] item: Toxic Orb\n|upkeep\n|turn|5\n|\n|t:|1664051656\n|switch|p1a: Landorus|Landorus-Therian, M|89\/100\n|-ability|p1a: Landorus|Intimidate|boost\n|-unboost|p2a: Gliscor|atk|1\n|move|p2a: Gliscor|Roost|p2a: Gliscor\n|-heal|p2a: Gliscor|100\/100 tox\n|-singleturn|p2a: Gliscor|move: Roost\n|\n|upkeep\n|turn|6\n|\n|t:|1664051661\n|move|p1a: Landorus|Stealth Rock|p2a: Gliscor\n|-sidestart|p2: Pampey|move: Stealth Rock\n|move|p2a: Gliscor|Swords Dance|p2a: Gliscor\n|-boost|p2a: Gliscor|atk|2\n|\n|-fieldend|Misty Terrain\n|upkeep\n|turn|7\n|\n|t:|1664051667\n|switch|p1a: Tapu Fini|Tapu Fini|100\/100\n|-fieldstart|move: Misty Terrain|[from] ability: Misty Surge|[of] p1a: Tapu Fini\n|move|p2a: Gliscor|Facade|p1a: Tapu Fini\n|-damage|p1a: Tapu Fini|72\/100\n|\n|-heal|p1a: Tapu Fini|78\/100|[from] item: Leftovers\n|upkeep\n|turn|8\n|\n|t:|1664051671\n|move|p2a: Gliscor|Swords Dance|p2a: Gliscor\n|-boost|p2a: Gliscor|atk|2\n|move|p1a: Tapu Fini|Surf|p2a: Gliscor\n|-supereffective|p2a: Gliscor\n|-damage|p2a: Gliscor|47\/100 tox\n|\n|-heal|p1a: Tapu Fini|84\/100|[from] item: Leftovers\n|-heal|p2a: Gliscor|60\/100 tox|[from] ability: Poison Heal\n|upkeep\n|turn|9\n|\n|t:|1664051680\n|move|p2a: Gliscor|Facade|p1a: Tapu Fini\n|-damage|p1a: Tapu Fini|30\/100\n|move|p1a: Tapu Fini|Surf|p2a: Gliscor\n|-supereffective|p2a: Gliscor\n|-damage|p2a: Gliscor|6\/100 tox\n|\n|-heal|p1a: Tapu Fini|36\/100|[from] item: Leftovers\n|-heal|p2a: Gliscor|19\/100 tox|[from] ability: Poison Heal\n|upkeep\n|turn|10\n|\n|t:|1664051703\n|move|p2a: Gliscor|Facade|p1a: Tapu Fini\n|-damage|p1a: Tapu Fini|0 fnt\n|faint|p1a: Tapu Fini\n|\n|-heal|p2a: Gliscor|31\/100 tox|[from] ability: Poison Heal\n|upkeep\n|\n|t:|1664051716\n|switch|p1a: Greninja|Greninja, M|100\/100\n|turn|11\n|\n|t:|1664051727\n|switch|p2a: Chansey|Chansey, F|100\/100\n|-damage|p2a: Chansey|88\/100|[from] Stealth Rock\n|move|p1a: Greninja|Surf|p2a: Chansey\n|-damage|p2a: Chansey|70\/100\n|\n|-fieldend|Misty Terrain\n|upkeep\n|turn|12\n|\n|t:|1664051732\n|switch|p1a: Landorus|Landorus-Therian, M|89\/100\n|-ability|p1a: Landorus|Intimidate|boost\n|-unboost|p2a: Chansey|atk|1\n|move|p2a: Chansey|Thunder Wave|p1a: Landorus\n|-immune|p1a: Landorus\n|\n|upkeep\n|turn|13\n|\n|t:|1664051740\n|switch|p2a: Slowbro|Slowbro, F|100\/100\n|-damage|p2a: Slowbro|88\/100|[from] Stealth Rock\n|move|p1a: Landorus|Swords Dance|p1a: Landorus\n|-boost|p1a: Landorus|atk|2\n|\n|-heal|p2a: Slowbro|94\/100|[from] item: Leftovers\n|upkeep\n|turn|14\n|\n|t:|1664051751\n|move|p1a: Landorus|Earthquake|p2a: Slowbro\n|-crit|p2a: Slowbro\n|-damage|p2a: Slowbro|0 fnt\n|faint|p2a: Slowbro\n|\n|upkeep\n|\n|t:|1664051761\n|switch|p2a: Medicham|Medicham-Mega, F|100\/100\n|-damage|p2a: Medicham|94\/100|[from] Stealth Rock\n|turn|15\n|\n|t:|1664051783\n|switch|p1a: Tapu Koko|Tapu Koko|100\/100\n|-fieldstart|move: Electric Terrain|[from] ability: Electric Surge|[of] p1a: Tapu Koko\n|move|p2a: Medicham|Ice Punch|p1a: Tapu Koko\n|-damage|p1a: Tapu Koko|30\/100\n|\n|upkeep\n|turn|16\n|\n|t:|1664051789\n|switch|p2a: Magearna|Magearna|96\/100\n|-damage|p2a: Magearna|90\/100|[from] Stealth Rock\n|move|p1a: Tapu Koko|U-turn|p2a: Magearna\n|-resisted|p2a: Magearna\n|-damage|p2a: Magearna|87\/100\n|\n|t:|1664051796\n|switch|p1a: Landorus|Landorus-Therian, M|89\/100|[from]move: U-turn\n|-ability|p1a: Landorus|Intimidate|boost\n|-unboost|p2a: Magearna|atk|1\n|\n|-heal|p2a: Magearna|93\/100|[from] item: Leftovers\n|upkeep\n|turn|17\n|\n|t:|1664051803\n|switch|p2a: Gliscor|Gliscor, F|31\/100 tox\n|-damage|p2a: Gliscor|19\/100 tox|[from] Stealth Rock\n|move|p1a: Landorus|Earthquake|p2a: Gliscor\n|-immune|p2a: Gliscor\n|\n|-heal|p2a: Gliscor|31\/100 tox|[from] ability: Poison Heal\n|upkeep\n|turn|18\n|\n|t:|1664051808\n|switch|p1a: Medicham|Medicham, F|100\/100\n|move|p2a: Gliscor|Roost|p2a: Gliscor\n|-heal|p2a: Gliscor|81\/100 tox\n|-singleturn|p2a: Gliscor|move: Roost\n|\n|-heal|p2a: Gliscor|94\/100 tox|[from] ability: Poison Heal\n|upkeep\n|turn|19\n|\n|t:|1664051815\n|switch|p2a: Magearna|Magearna|93\/100\n|-damage|p2a: Magearna|87\/100|[from] Stealth Rock\n|detailschange|p1a: Medicham|Medicham-Mega, F\n|-mega|p1a: Medicham|Medicham|Medichamite\n|move|p1a: Medicham|Ice Punch|p2a: Magearna\n|-resisted|p2a: Magearna\n|-damage|p2a: Magearna|69\/100\n|\n|-heal|p2a: Magearna|75\/100|[from] item: Leftovers\n|-fieldend|move: Electric Terrain\n|upkeep\n|turn|20\n|\n|t:|1664051837\n|move|p1a: Medicham|High Jump Kick|p2a: Magearna\n|-damage|p2a: Magearna|0 fnt\n|faint|p2a: Magearna\n|\n|upkeep\n|\n|t:|1664051839\n|switch|p2a: Medicham|Medicham-Mega, F|94\/100\n|-damage|p2a: Medicham|88\/100|[from] Stealth Rock\n|turn|21\n|\n|t:|1664051863\n|switch|p1a: Landorus|Landorus-Therian, M|89\/100\n|-ability|p1a: Landorus|Intimidate|boost\n|-unboost|p2a: Medicham|atk|1\n|move|p2a: Medicham|High Jump Kick|p1a: Landorus\n|-resisted|p1a: Landorus\n|-damage|p1a: Landorus|42\/100\n|\n|upkeep\n|turn|22\n|\n|t:|1664051874\n|switch|p2a: Gliscor|Gliscor, F|94\/100 tox\n|-damage|p2a: Gliscor|81\/100 tox|[from] Stealth Rock\n|move|p1a: Landorus|Earthquake|p2a: Gliscor\n|-immune|p2a: Gliscor\n|\n|-heal|p2a: Gliscor|94\/100 tox|[from] ability: Poison Heal\n|upkeep\n|turn|23\n|\n|t:|1664051883\n|switch|p1a: Medicham|Medicham-Mega, F|100\/100\n|move|p2a: Gliscor|Facade|p1a: Medicham\n|-crit|p1a: Medicham\n|-damage|p1a: Medicham|25\/100\n|\n|-heal|p2a: Gliscor|100\/100 tox|[from] ability: Poison Heal\n|upkeep\n|turn|24\n|\n|t:|1664051909\n|switch|p2a: Medicham|Medicham-Mega, F|88\/100\n|-damage|p2a: Medicham|82\/100|[from] Stealth Rock\n|move|p1a: Medicham|Ice Punch|p2a: Medicham\n|-damage|p2a: Medicham|15\/100\n|-status|p2a: Medicham|frz\n|\n|upkeep\n|turn|25\n|\n|t:|1664051923\n|switch|p1a: Landorus|Landorus-Therian, M|42\/100\n|-ability|p1a: Landorus|Intimidate|boost\n|-unboost|p2a: Medicham|atk|1\n|cant|p2a: Medicham|frz\n|\n|upkeep\n|turn|26\n|\n|t:|1664051931\n|switch|p2a: Gliscor|Gliscor, F|100\/100 tox\n|-damage|p2a: Gliscor|88\/100 tox|[from] Stealth Rock\n|move|p1a: Landorus|Earthquake|p2a: Gliscor\n|-immune|p2a: Gliscor\n|\n|-heal|p2a: Gliscor|100\/100 tox|[from] ability: Poison Heal\n|upkeep\n|turn|27\n|\n|t:|1664051938\n|switch|p1a: Greninja|Greninja, M|100\/100\n|move|p2a: Gliscor|Facade|p1a: Greninja\n|-damage|p1a: Greninja|49\/100\n|\n|upkeep\n|turn|28\n|\n|t:|1664051945\n|switch|p2a: Chansey|Chansey, F|70\/100\n|-damage|p2a: Chansey|57\/100|[from] Stealth Rock\n|move|p1a: Greninja|Surf|p2a: Chansey\n|-damage|p2a: Chansey|39\/100\n|\n|upkeep\n|turn|29\n|\n|t:|1664051970\n|switch|p1a: Landorus|Landorus-Therian, M|42\/100\n|-ability|p1a: Landorus|Intimidate|boost\n|-unboost|p2a: Chansey|atk|1\n|move|p2a: Chansey|Soft-Boiled|p2a: Chansey\n|-heal|p2a: Chansey|89\/100\n|\n|upkeep\n|turn|30\n|inactive|Pampey has 270 seconds left.\n|\n|t:|1664052007\n|switch|p2a: Gliscor|Gliscor, F|100\/100 tox\n|-damage|p2a: Gliscor|88\/100 tox|[from] Stealth Rock\n|move|p1a: Landorus|Swords Dance|p1a: Landorus\n|-boost|p1a: Landorus|atk|2\n|\n|-heal|p2a: Gliscor|100\/100 tox|[from] ability: Poison Heal\n|upkeep\n|turn|31\n|\n|t:|1664052012\n|move|p1a: Landorus|Stone Edge|p2a: Gliscor|[miss]\n|-miss|p1a: Landorus|p2a: Gliscor\n|move|p2a: Gliscor|Facade|p1a: Landorus\n|-damage|p1a: Landorus|8\/100\n|\n|upkeep\n|turn|32\n|\n|t:|1664052023\n|move|p1a: Landorus|Stone Edge|p2a: Gliscor\n|-damage|p2a: Gliscor|43\/100 tox\n|move|p2a: Gliscor|Facade|p1a: Landorus\n|-damage|p1a: Landorus|0 fnt\n|faint|p1a: Landorus\n|\n|-heal|p2a: Gliscor|56\/100 tox|[from] ability: Poison Heal\n|upkeep\n|\n|t:|1664052026\n|switch|p1a: Medicham|Medicham-Mega, F|25\/100\n|turn|33\n|\n|t:|1664052035\n|move|p1a: Medicham|Ice Punch|p2a: Gliscor\n|-supereffective|p2a: Gliscor\n|-damage|p2a: Gliscor|0 fnt\n|faint|p2a: Gliscor\n|\n|upkeep\n|\n|t:|1664052036\n|switch|p2a: Medicham|Medicham-Mega, F|15\/100 frz\n|-damage|p2a: Medicham|9\/100 frz|[from] Stealth Rock\n|turn|34\n|\n|t:|1664052051\n|switch|p1a: Tapu Koko|Tapu Koko|30\/100\n|-fieldstart|move: Electric Terrain|[from] ability: Electric Surge|[of] p1a: Tapu Koko\n|cant|p2a: Medicham|frz\n|\n|upkeep\n|turn|35\n|\n|t:|1664052074\n|switch|p2a: Chansey|Chansey, F|89\/100\n|-damage|p2a: Chansey|77\/100|[from] Stealth Rock\n|move|p1a: Tapu Koko|U-turn|p2a: Chansey\n|-damage|p2a: Chansey|67\/100\n|\n|t:|1664052077\n|switch|p1a: Heatran|Heatran, F|100\/100|[from]move: U-turn\n|\n|upkeep\n|turn|36\n|\n|t:|1664052083\n|move|p1a: Heatran|Taunt|p2a: Chansey\n|-start|p2a: Chansey|move: Taunt\n|cant|p2a: Chansey|move: Taunt|Soft-Boiled\n|\n|upkeep\n|turn|37\n|\n|t:|1664052089\n|switch|p2a: Medicham|Medicham-Mega, F|9\/100 frz\n|-damage|p2a: Medicham|2\/100 frz|[from] Stealth Rock\n|move|p1a: Heatran|Lava Plume|p2a: Medicham\n|-damage|p2a: Medicham|0 fnt\n|faint|p2a: Medicham\n|\n|upkeep\n|\n|t:|1664052090\n|switch|p2a: Chansey|Chansey, F|67\/100\n|-damage|p2a: Chansey|54\/100|[from] Stealth Rock\n|turn|38\n|\n|t:|1664052093\n|move|p1a: Heatran|Taunt|p2a: Chansey\n|-start|p2a: Chansey|move: Taunt\n|move|p2a: Chansey|Seismic Toss|p1a: Heatran\n|-damage|p1a: Heatran|70\/100\n|\n|-heal|p1a: Heatran|76\/100|[from] item: Leftovers\n|-fieldend|move: Electric Terrain\n|upkeep\n|turn|39\n|\n|t:|1664052095\n|move|p1a: Heatran|Lava Plume|p2a: Chansey\n|-damage|p2a: Chansey|41\/100\n|move|p2a: Chansey|Seismic Toss|p1a: Heatran\n|-damage|p1a: Heatran|45\/100\n|\n|-heal|p1a: Heatran|51\/100|[from] item: Leftovers\n|upkeep\n|turn|40\n|\n|t:|1664052098\n|move|p1a: Heatran|Lava Plume|p2a: Chansey\n|-damage|p2a: Chansey|27\/100\n|-status|p2a: Chansey|brn\n|move|p2a: Chansey|Seismic Toss|p1a: Heatran\n|-damage|p1a: Heatran|20\/100\n|\n|-heal|p1a: Heatran|26\/100|[from] item: Leftovers\n|-damage|p2a: Chansey|21\/100 brn|[from] brn\n|-end|p2a: Chansey|move: Taunt\n|upkeep\n|turn|41\n|\n|t:|1664052100\n|move|p1a: Heatran|Taunt|p2a: Chansey\n|-start|p2a: Chansey|move: Taunt\n|move|p2a: Chansey|Seismic Toss|p1a: Heatran\n|-damage|p1a: Heatran|0 fnt\n|faint|p1a: Heatran\n|\n|-damage|p2a: Chansey|15\/100 brn|[from] brn\n|upkeep\n|\n|t:|1664052103\n|switch|p1a: Medicham|Medicham-Mega, F|25\/100\n|turn|42\n|\n|t:|1664052106\n|move|p1a: Medicham|Fake Out|p2a: Chansey\n|-damage|p2a: Chansey|0 fnt\n|faint|p2a: Chansey\n|\n|win|Adel19\n","uploadtime":1664052107,"views":30,"p1id":"adel19","p2id":"pampey","formatid":"gen7ou","rating":0,"private":0,"password":null}