{"id":"smogtours-gen6ou-652145","p1":"Pok et Glace","p2":"EeveetoTheN00b","format":"gen6ou","log":"|inactive|Battle timer is ON: inactive players will automatically lose when time's up.\n|t:|1664658109\n|gametype|singles\n|player|p1|Pok et Glace|102|\n|player|p2|EeveetoTheN00b|acetrainersnow|\n|teamsize|p1|6\n|teamsize|p2|6\n|gen|6\n|tier|[Gen 6] OU\n|rule|Sleep Clause Mod: Limit one foe put to sleep\n|rule|Species Clause: Limit one of each Pok\u00e9mon\n|rule|OHKO Clause: OHKO moves are banned\n|rule|Moody Clause: Moody is banned\n|rule|Evasion Items Clause: Evasion items are banned\n|rule|Evasion Moves Clause: Evasion moves are banned\n|rule|Endless Battle Clause: Forcing endless battles is banned\n|rule|HP Percentage Mod: HP is shown in percentages\n|rule|Swagger Clause: Swagger is banned\n|clearpoke\n|poke|p1|Mew|item\n|poke|p1|Clefable, M|item\n|poke|p1|Charizard, M|item\n|poke|p1|Garchomp, M|item\n|poke|p1|Breloom, M|item\n|poke|p1|Excadrill, M|item\n|poke|p2|Gastrodon-East, M|item\n|poke|p2|Excadrill, M|item\n|poke|p2|Gyarados, M|item\n|poke|p2|Clefable, F|item\n|poke|p2|Magnezone|item\n|poke|p2|Talonflame, M|item\n|teampreview\n|c|\u2606Pok et Glace|hf\n|c|\u2606EeveetoTheN00b|same\n|inactive|Pok et Glace has 270 seconds left.\n|\n|t:|1664658144\n|start\n|switch|p1a: Chaos|Mew, shiny|100\/100\n|switch|p2a: Azor|Talonflame, M|100\/100\n|turn|1\n|\n|t:|1664658150\n|move|p1a: Chaos|Knock Off|p2a: Azor\n|-damage|p2a: Azor|70\/100\n|-enditem|p2a: Azor|Leftovers|[from] move: Knock Off|[of] p1a: Chaos\n|move|p2a: Azor|Will-O-Wisp|p1a: Chaos\n|-status|p1a: Chaos|brn\n|-activate|p1a: Chaos|ability: Synchronize\n|-immune|p2a: Azor\n|\n|-damage|p1a: Chaos|88\/100 brn|[from] brn\n|upkeep\n|turn|2\n|\n|t:|1664658158\n|move|p1a: Chaos|Taunt|p2a: Azor\n|-start|p2a: Azor|move: Taunt\n|cant|p2a: Azor|move: Taunt|Will-O-Wisp\n|\n|-heal|p1a: Chaos|94\/100 brn|[from] item: Leftovers\n|-damage|p1a: Chaos|82\/100 brn|[from] brn\n|upkeep\n|turn|3\n|\n|t:|1664658164\n|switch|p1a: Zangetsu|Garchomp, M, shiny|100\/100\n|switch|p2a: Furia Roja|Gyarados, M, shiny|100\/100\n|-ability|p2a: Furia Roja|Intimidate|boost\n|-unboost|p1a: Zangetsu|atk|1\n|\n|upkeep\n|turn|4\n|\n|t:|1664658175\n|move|p1a: Zangetsu|Stealth Rock|p2a: Furia Roja\n|-sidestart|p2: EeveetoTheN00b|move: Stealth Rock\n|move|p2a: Furia Roja|Dragon Dance|p2a: Furia Roja\n|-boost|p2a: Furia Roja|atk|1\n|-boost|p2a: Furia Roja|spe|1\n|\n|upkeep\n|turn|5\n|\n|t:|1664658179\n|move|p1a: Zangetsu|Draco Meteor|p2a: Furia Roja\n|-damage|p2a: Furia Roja|66\/100\n|-unboost|p1a: Zangetsu|spa|2\n|move|p2a: Furia Roja|Dragon Dance|p2a: Furia Roja\n|-boost|p2a: Furia Roja|atk|1\n|-boost|p2a: Furia Roja|spe|1\n|\n|upkeep\n|turn|6\n|\n|t:|1664658185\n|switch|p1a: Crescent|Clefable, M, shiny|100\/100\n|move|p2a: Furia Roja|Waterfall|p1a: Crescent\n|-damage|p1a: Crescent|74\/100\n|\n|-heal|p1a: Crescent|80\/100|[from] item: Leftovers\n|upkeep\n|turn|7\n|\n|t:|1664658196\n|switch|p2a: Sexcadrill|Excadrill, M|100\/100\n|-damage|p2a: Sexcadrill|97\/100|[from] Stealth Rock\n|-ability|p2a: Sexcadrill|Mold Breaker\n|move|p1a: Crescent|Flamethrower|p2a: Sexcadrill\n|-supereffective|p2a: Sexcadrill\n|-damage|p2a: Sexcadrill|69\/100\n|\n|-heal|p2a: Sexcadrill|75\/100|[from] item: Leftovers\n|-heal|p1a: Crescent|86\/100|[from] item: Leftovers\n|upkeep\n|turn|8\n|\n|t:|1664658207\n|switch|p1a: Sage|Charizard, M, shiny|100\/100\n|move|p2a: Sexcadrill|Stealth Rock|p1a: Sage\n|-sidestart|p1: Pok et Glace|move: Stealth Rock\n|\n|-heal|p2a: Sexcadrill|81\/100|[from] item: Leftovers\n|upkeep\n|turn|9\n|\n|t:|1664658215\n|switch|p2a: Baboso|Gastrodon-East, M|100\/100\n|-damage|p2a: Baboso|94\/100|[from] Stealth Rock\n|detailschange|p1a: Sage|Charizard-Mega-Y, M, shiny\n|-mega|p1a: Sage|Charizard|Charizardite Y\n|-weather|SunnyDay|[from] ability: Drought|[of] p1a: Sage\n|move|p1a: Sage|Fire Blast|p2a: Baboso|[miss]\n|-miss|p1a: Sage|p2a: Baboso\n|\n|-weather|SunnyDay|[upkeep]\n|-heal|p2a: Baboso|100\/100|[from] item: Leftovers\n|upkeep\n|turn|10\n|\n|t:|1664658224\n|switch|p2a: Magnetroll|Magnezone|100\/100\n|-damage|p2a: Magnetroll|94\/100|[from] Stealth Rock\n|move|p1a: Sage|Solar Beam||[still]\n|-prepare|p1a: Sage|Solar Beam\n|-anim|p1a: Sage|Solar Beam|p2a: Magnetroll\n|-resisted|p2a: Magnetroll\n|-damage|p2a: Magnetroll|57\/100\n|\n|-weather|SunnyDay|[upkeep]\n|upkeep\n|turn|11\n|\n|t:|1664658231\n|switch|p1a: Zangetsu|Garchomp, M, shiny|100\/100\n|-damage|p1a: Zangetsu|94\/100|[from] Stealth Rock\n|move|p2a: Magnetroll|Hidden Power|p1a: Zangetsu\n|-resisted|p1a: Zangetsu\n|-damage|p1a: Zangetsu|76\/100\n|\n|-weather|SunnyDay|[upkeep]\n|-heal|p1a: Zangetsu|82\/100|[from] item: Leftovers\n|upkeep\n|turn|12\n|\n|t:|1664658237\n|switch|p2a: Fabiole|Clefable, F, shiny|100\/100\n|switch|p1a: Impaler|Excadrill, M, shiny|100\/100\n|-damage|p1a: Impaler|97\/100|[from] Stealth Rock\n|-ability|p1a: Impaler|Mold Breaker\n|\n|-weather|SunnyDay|[upkeep]\n|upkeep\n|turn|13\n|\n|t:|1664658245\n|move|p1a: Impaler|Rapid Spin|p2a: Fabiole\n|-damage|p2a: Fabiole|95\/100\n|-damage|p1a: Impaler|81\/100|[from] item: Rocky Helmet|[of] p2a: Fabiole\n|-sideend|p1: Pok et Glace|Stealth Rock|[from] move: Rapid Spin|[of] p1a: Impaler\n|move|p2a: Fabiole|Calm Mind|p2a: Fabiole\n|-boost|p2a: Fabiole|spa|1\n|-boost|p2a: Fabiole|spd|1\n|\n|-weather|none\n|upkeep\n|turn|14\n|\n|t:|1664658250\n|switch|p1a: Crescent|Clefable, M, shiny|86\/100\n|move|p2a: Fabiole|Calm Mind|p2a: Fabiole\n|-boost|p2a: Fabiole|spa|1\n|-boost|p2a: Fabiole|spd|1\n|\n|-heal|p1a: Crescent|92\/100|[from] item: Leftovers\n|upkeep\n|turn|15\n|\n|t:|1664658254\n|switch|p2a: Sexcadrill|Excadrill, M|81\/100\n|-damage|p2a: Sexcadrill|78\/100|[from] Stealth Rock\n|-ability|p2a: Sexcadrill|Mold Breaker\n|move|p1a: Crescent|Calm Mind|p1a: Crescent\n|-boost|p1a: Crescent|spa|1\n|-boost|p1a: Crescent|spd|1\n|\n|-heal|p2a: Sexcadrill|84\/100|[from] item: Leftovers\n|-heal|p1a: Crescent|98\/100|[from] item: Leftovers\n|upkeep\n|turn|16\n|\n|t:|1664658258\n|move|p2a: Sexcadrill|Stealth Rock|p1a: Crescent\n|-sidestart|p1: Pok et Glace|move: Stealth Rock\n|move|p1a: Crescent|Flamethrower|p2a: Sexcadrill\n|-supereffective|p2a: Sexcadrill\n|-damage|p2a: Sexcadrill|39\/100\n|\n|-heal|p2a: Sexcadrill|45\/100|[from] item: Leftovers\n|-heal|p1a: Crescent|100\/100|[from] item: Leftovers\n|upkeep\n|turn|17\n|\n|t:|1664658260\n|move|p2a: Sexcadrill|Rapid Spin|p1a: Crescent\n|-crit|p1a: Crescent\n|-damage|p1a: Crescent|94\/100\n|-sideend|p2: EeveetoTheN00b|Stealth Rock|[from] move: Rapid Spin|[of] p2a: Sexcadrill\n|move|p1a: Crescent|Flamethrower|p2a: Sexcadrill\n|-supereffective|p2a: Sexcadrill\n|-crit|p2a: Sexcadrill\n|-damage|p2a: Sexcadrill|0 fnt\n|faint|p2a: Sexcadrill\n|\n|-heal|p1a: Crescent|99\/100|[from] item: Leftovers\n|upkeep\n|\n|t:|1664658267\n|switch|p2a: Magnetroll|Magnezone|57\/100\n|turn|18\n|\n|t:|1664658272\n|switch|p1a: Impaler|Excadrill, M, shiny|81\/100\n|-damage|p1a: Impaler|78\/100|[from] Stealth Rock\n|-ability|p1a: Impaler|Mold Breaker\n|move|p2a: Magnetroll|Thunder Wave|p1a: Impaler\n|-immune|p1a: Impaler\n|\n|upkeep\n|turn|19\n|\n|t:|1664658279\n|switch|p2a: Azor|Talonflame, M|70\/100\n|move|p1a: Impaler|Rapid Spin|p2a: Azor\n|-damage|p2a: Azor|59\/100\n|-sideend|p1: Pok et Glace|Stealth Rock|[from] move: Rapid Spin|[of] p1a: Impaler\n|\n|upkeep\n|turn|20\n|\n|t:|1664658289\n|switch|p1a: Chaos|Mew, shiny|82\/100 brn\n|move|p2a: Azor|Roost|p2a: Azor\n|-heal|p2a: Azor|100\/100\n|-singleturn|p2a: Azor|move: Roost\n|\n|-heal|p1a: Chaos|88\/100 brn|[from] item: Leftovers\n|-damage|p1a: Chaos|76\/100 brn|[from] brn\n|upkeep\n|turn|21\n|\n|t:|1664658295\n|move|p2a: Azor|Brave Bird|p1a: Chaos\n|-damage|p1a: Chaos|31\/100 brn\n|-damage|p2a: Azor|84\/100|[from] Recoil\n|move|p1a: Chaos|Taunt|p2a: Azor\n|-start|p2a: Azor|move: Taunt\n|\n|-heal|p1a: Chaos|37\/100 brn|[from] item: Leftovers\n|-damage|p1a: Chaos|25\/100 brn|[from] brn\n|upkeep\n|turn|22\n|\n|t:|1664658303\n|switch|p1a: Zangetsu|Garchomp, M, shiny|82\/100\n|switch|p2a: Furia Roja|Gyarados, M, shiny|66\/100\n|-ability|p2a: Furia Roja|Intimidate|boost\n|-unboost|p1a: Zangetsu|atk|1\n|\n|-heal|p1a: Zangetsu|88\/100|[from] item: Leftovers\n|upkeep\n|turn|23\n|\n|t:|1664658307\n|move|p1a: Zangetsu|Stealth Rock|p2a: Furia Roja\n|-sidestart|p2: EeveetoTheN00b|move: Stealth Rock\n|move|p2a: Furia Roja|Dragon Dance|p2a: Furia Roja\n|-boost|p2a: Furia Roja|atk|1\n|-boost|p2a: Furia Roja|spe|1\n|\n|-heal|p1a: Zangetsu|95\/100|[from] item: Leftovers\n|upkeep\n|turn|24\n|\n|t:|1664658312\n|switch|p1a: Crescent|Clefable, M, shiny|99\/100\n|move|p2a: Furia Roja|Dragon Dance|p2a: Furia Roja\n|-boost|p2a: Furia Roja|atk|1\n|-boost|p2a: Furia Roja|spe|1\n|\n|-heal|p1a: Crescent|100\/100|[from] item: Leftovers\n|upkeep\n|turn|25\n|\n|t:|1664658316\n|move|p2a: Furia Roja|Dragon Dance|p2a: Furia Roja\n|-boost|p2a: Furia Roja|atk|1\n|-boost|p2a: Furia Roja|spe|1\n|move|p1a: Crescent|Moonblast|p2a: Furia Roja\n|-damage|p2a: Furia Roja|43\/100\n|\n|upkeep\n|turn|26\n|\n|t:|1664658321\n|move|p2a: Furia Roja|Dragon Dance|p2a: Furia Roja\n|-boost|p2a: Furia Roja|atk|1\n|-boost|p2a: Furia Roja|spe|1\n|move|p1a: Crescent|Moonblast|p2a: Furia Roja\n|-damage|p2a: Furia Roja|21\/100\n|\n|upkeep\n|turn|27\n|\n|t:|1664658324\n|move|p2a: Furia Roja|Rest|p2a: Furia Roja\n|-status|p2a: Furia Roja|slp|[from] move: Rest\n|-heal|p2a: Furia Roja|100\/100 slp|[silent]\n|move|p1a: Crescent|Moonblast|p2a: Furia Roja\n|-damage|p2a: Furia Roja|77\/100 slp\n|\n|upkeep\n|turn|28\n|\n|t:|1664658328\n|cant|p2a: Furia Roja|slp\n|move|p2a: Furia Roja|Sleep Talk|p2a: Furia Roja\n|move|p2a: Furia Roja|Dragon Dance|p2a: Furia Roja|[from]move: Sleep Talk\n|-boost|p2a: Furia Roja|atk|1\n|-boost|p2a: Furia Roja|spe|1\n|move|p1a: Crescent|Calm Mind|p1a: Crescent\n|-boost|p1a: Crescent|spa|1\n|-boost|p1a: Crescent|spd|1\n|\n|upkeep\n|turn|29\n|\n|t:|1664658333\n|cant|p2a: Furia Roja|slp\n|move|p2a: Furia Roja|Sleep Talk|p2a: Furia Roja\n|move|p2a: Furia Roja|Waterfall|p1a: Crescent|[from]move: Sleep Talk\n|-damage|p1a: Crescent|76\/100\n|move|p1a: Crescent|Flamethrower|p2a: Furia Roja\n|-resisted|p2a: Furia Roja\n|-damage|p2a: Furia Roja|67\/100 slp\n|\n|-heal|p1a: Crescent|82\/100|[from] item: Leftovers\n|upkeep\n|turn|30\n|\n|t:|1664658338\n|detailschange|p2a: Furia Roja|Gyarados-Mega, M, shiny\n|-mega|p2a: Furia Roja|Gyarados|Gyaradosite\n|-ability|p2a: Furia Roja|Mold Breaker\n|-curestatus|p2a: Furia Roja|slp|[msg]\n|move|p2a: Furia Roja|Waterfall|p1a: Crescent\n|-damage|p1a: Crescent|0 fnt\n|faint|p1a: Crescent\n|\n|upkeep\n|\n|t:|1664658347\n|switch|p1a: Fungus|Breloom, M, shiny|100\/100\n|turn|31\n|c|\u2606Pok et Glace|forgot this lovely detail\n|\n|t:|1664658356\n|move|p1a: Fungus|Mach Punch|p2a: Furia Roja\n|-supereffective|p2a: Furia Roja\n|-damage|p2a: Furia Roja|2\/100\n|-damage|p1a: Fungus|91\/100|[from] item: Life Orb\n|move|p2a: Furia Roja|Waterfall|p1a: Fungus\n|-resisted|p1a: Fungus\n|-damage|p1a: Fungus|0 fnt\n|faint|p1a: Fungus\n|\n|upkeep\n|c|+Real FV13|LOL\n|\n|t:|1664658373\n|switch|p1a: Sage|Charizard-Mega-Y, M, shiny|100\/100\n|-weather|SunnyDay|[from] ability: Drought|[of] p1a: Sage\n|turn|32\n|\n|t:|1664658378\n|switch|p1a: Zangetsu|Garchomp, M, shiny|95\/100\n|move|p2a: Furia Roja|Rest|p2a: Furia Roja\n|-status|p2a: Furia Roja|slp|[from] move: Rest\n|-heal|p2a: Furia Roja|100\/100 slp|[silent]\n|\n|-weather|SunnyDay|[upkeep]\n|-heal|p1a: Zangetsu|100\/100|[from] item: Leftovers\n|upkeep\n|turn|33\n|\n|t:|1664658383\n|switch|p1a: Sage|Charizard-Mega-Y, M, shiny|100\/100\n|cant|p2a: Furia Roja|slp\n|move|p2a: Furia Roja|Sleep Talk|p2a: Furia Roja\n|move|p2a: Furia Roja|Rest||[from]move: Sleep Talk|[still]\n|-fail|p2a: Furia Roja\n|\n|-weather|SunnyDay|[upkeep]\n|upkeep\n|turn|34\n|\n|t:|1664658386\n|cant|p2a: Furia Roja|slp\n|move|p2a: Furia Roja|Sleep Talk|p2a: Furia Roja\n|move|p2a: Furia Roja|Rest||[from]move: Sleep Talk|[still]\n|-fail|p2a: Furia Roja\n|move|p1a: Sage|Solar Beam||[still]\n|-prepare|p1a: Sage|Solar Beam\n|-anim|p1a: Sage|Solar Beam|p2a: Furia Roja\n|-supereffective|p2a: Furia Roja\n|-damage|p2a: Furia Roja|36\/100 slp\n|\n|-weather|SunnyDay|[upkeep]\n|upkeep\n|turn|35\n|\n|t:|1664658391\n|-curestatus|p2a: Furia Roja|slp|[msg]\n|move|p2a: Furia Roja|Waterfall|p1a: Sage\n|-supereffective|p1a: Sage\n|-damage|p1a: Sage|0 fnt\n|faint|p1a: Sage\n|\n|-weather|SunnyDay|[upkeep]\n|upkeep\n|\n|t:|1664658396\n|switch|p1a: Zangetsu|Garchomp, M, shiny|100\/100\n|turn|36\n|\n|t:|1664658406\n|move|p2a: Furia Roja|Rest|p2a: Furia Roja\n|-status|p2a: Furia Roja|slp|[from] move: Rest\n|-heal|p2a: Furia Roja|100\/100 slp|[silent]\n|move|p1a: Zangetsu|Earthquake|p2a: Furia Roja\n|-damage|p2a: Furia Roja|71\/100 slp\n|\n|-weather|none\n|upkeep\n|turn|37\n|\n|t:|1664658409\n|cant|p2a: Furia Roja|slp\n|move|p2a: Furia Roja|Sleep Talk|p2a: Furia Roja\n|move|p2a: Furia Roja|Waterfall|p1a: Zangetsu|[from]move: Sleep Talk\n|-damage|p1a: Zangetsu|0 fnt\n|-damage|p2a: Furia Roja|59\/100 slp|[from] ability: Rough Skin|[of] p1a: Zangetsu\n|faint|p1a: Zangetsu\n|\n|upkeep\n|c|\u2606Pok et Glace|gg man\n|\n|t:|1664658417\n|switch|p1a: Impaler|Excadrill, M, shiny|78\/100\n|-ability|p1a: Impaler|Mold Breaker\n|turn|38\n|\n|t:|1664658424\n|cant|p2a: Furia Roja|slp\n|move|p2a: Furia Roja|Sleep Talk|p2a: Furia Roja\n|move|p2a: Furia Roja|Waterfall|p1a: Impaler|[from]move: Sleep Talk\n|-supereffective|p1a: Impaler\n|-damage|p1a: Impaler|0 fnt\n|faint|p1a: Impaler\n|\n|upkeep\n|c|\u2606EeveetoTheN00b|gg\n|\n|t:|1664658428\n|switch|p1a: Chaos|Mew, shiny|25\/100 brn\n|turn|39\n|\n|t:|1664658433\n|-curestatus|p2a: Furia Roja|slp|[msg]\n|move|p2a: Furia Roja|Waterfall|p1a: Chaos\n|-damage|p1a: Chaos|0 fnt\n|faint|p1a: Chaos\n|\n|win|EeveetoTheN00b\n","uploadtime":1664658434,"views":15,"p1id":"poketglace","p2id":"eeveetothen00b","formatid":"gen6ou","rating":0,"private":0,"password":null}