{"id":"smogtours-gen7ou-652326","p1":"Navys_1","p2":"Akalli","format":"gen7ou","log":"|inactive|Battle timer is ON: inactive players will automatically lose when time's up.\n|t:|1664725441\n|gametype|singles\n|player|p1|Navys_1|pokemaniac|\n|player|p2|Akalli|169|\n|teamsize|p1|6\n|teamsize|p2|6\n|gen|7\n|tier|[Gen 7] OU\n|rule|Sleep Clause Mod: Limit one foe put to sleep\n|rule|Species Clause: Limit one of each Pok\u00e9mon\n|rule|OHKO Clause: OHKO moves are banned\n|rule|Moody Clause: Moody is banned\n|rule|Evasion Items Clause: Evasion items are banned\n|rule|Evasion Moves Clause: Evasion moves are banned\n|rule|Endless Battle Clause: Forcing endless battles is banned\n|rule|HP Percentage Mod: HP is shown in percentages\n|clearpoke\n|poke|p1|Tapu Lele|item\n|poke|p1|Alakazam, F|item\n|poke|p1|Garchomp, F|item\n|poke|p1|Magearna|item\n|poke|p1|Zapdos|item\n|poke|p1|Greninja, M|item\n|poke|p2|Garchomp, F|item\n|poke|p2|Excadrill, M|item\n|poke|p2|Celesteela|item\n|poke|p2|Toxapex, M|item\n|poke|p2|Hippowdon, F|item\n|poke|p2|Greninja, M|item\n|teampreview\n|c|\u2606Akalli|hf \n|c|\u2606Navys_1|hf\n|\n|t:|1664725461\n|start\n|switch|p1a: Chaostine|Tapu Lele, shiny|100\/100\n|switch|p2a: Hippowdon|Hippowdon, F|100\/100\n|-fieldstart|move: Psychic Terrain|[from] ability: Psychic Surge|[of] p1a: Chaostine\n|-weather|Sandstorm|[from] ability: Sand Stream|[of] p2a: Hippowdon\n|turn|1\n|\n|t:|1664725474\n|switch|p2a: Celesteela|Celesteela|100\/100\n|move|p1a: Chaostine|Psyshock|p2a: Celesteela\n|-resisted|p2a: Celesteela\n|-damage|p2a: Celesteela|62\/100\n|\n|-weather|Sandstorm|[upkeep]\n|-damage|p1a: Chaostine|94\/100|[from] Sandstorm\n|-heal|p2a: Celesteela|69\/100|[from] item: Leftovers\n|upkeep\n|turn|2\n|\n|t:|1664725492\n|switch|p1a: Surricane Bouxii|Zapdos, shiny|100\/100\n|move|p2a: Celesteela|Leech Seed|p1a: Surricane Bouxii\n|-start|p1a: Surricane Bouxii|move: Leech Seed\n|\n|-weather|Sandstorm|[upkeep]\n|-damage|p1a: Surricane Bouxii|94\/100|[from] Sandstorm\n|-heal|p1a: Surricane Bouxii|100\/100|[from] item: Leftovers\n|-heal|p2a: Celesteela|75\/100|[from] item: Leftovers\n|-damage|p1a: Surricane Bouxii|88\/100|[from] Leech Seed|[of] p2a: Celesteela\n|-heal|p2a: Celesteela|86\/100|[silent]\n|upkeep\n|turn|3\n|\n|t:|1664725506\n|switch|p1a: Carcharodontosaur|Garchomp, F, shiny|100\/100\n|switch|p2a: Hippowdon|Hippowdon, F|100\/100\n|\n|-weather|Sandstorm|[upkeep]\n|upkeep\n|turn|4\n|\n|t:|1664725511\n|move|p1a: Carcharodontosaur|Stealth Rock|p2a: Hippowdon\n|-sidestart|p2: Akalli|move: Stealth Rock\n|move|p2a: Hippowdon|Toxic|p1a: Carcharodontosaur\n|-status|p1a: Carcharodontosaur|tox\n|\n|-weather|Sandstorm|[upkeep]\n|-damage|p1a: Carcharodontosaur|94\/100 tox|[from] psn\n|upkeep\n|turn|5\n|\n|t:|1664725515\n|move|p1a: Carcharodontosaur|Toxic|p2a: Hippowdon\n|-status|p2a: Hippowdon|tox\n|move|p2a: Hippowdon|Stealth Rock|p1a: Carcharodontosaur\n|-sidestart|p1: Navys_1|move: Stealth Rock\n|\n|-weather|none\n|-damage|p1a: Carcharodontosaur|82\/100 tox|[from] psn\n|-damage|p2a: Hippowdon|94\/100 tox|[from] psn\n|-fieldend|move: Psychic Terrain\n|upkeep\n|turn|6\n|\n|t:|1664725532\n|switch|p1a: Chaostine|Tapu Lele, shiny|94\/100\n|-damage|p1a: Chaostine|82\/100|[from] Stealth Rock\n|-fieldstart|move: Psychic Terrain|[from] ability: Psychic Surge|[of] p1a: Chaostine\n|move|p2a: Hippowdon|Earthquake|p1a: Chaostine\n|-damage|p1a: Chaostine|23\/100\n|\n|-heal|p2a: Hippowdon|100\/100 tox|[from] item: Leftovers\n|-damage|p2a: Hippowdon|88\/100 tox|[from] psn\n|upkeep\n|turn|7\n|\n|t:|1664725543\n|switch|p2a: Celesteela|Celesteela|86\/100\n|-damage|p2a: Celesteela|74\/100|[from] Stealth Rock\n|move|p1a: Chaostine|Psyshock|p2a: Celesteela\n|-resisted|p2a: Celesteela\n|-damage|p2a: Celesteela|37\/100\n|\n|-heal|p2a: Celesteela|43\/100|[from] item: Leftovers\n|upkeep\n|turn|8\n|inactive|Navys_1 has 270 seconds left.\n|\n|t:|1664725594\n|switch|p1a: Surricane Bouxii|Zapdos, shiny|88\/100\n|-damage|p1a: Surricane Bouxii|63\/100|[from] Stealth Rock\n|move|p2a: Celesteela|Protect||[still]\n|-fail|p2a: Celesteela\n|\n|-heal|p1a: Surricane Bouxii|69\/100|[from] item: Leftovers\n|-heal|p2a: Celesteela|49\/100|[from] item: Leftovers\n|upkeep\n|turn|9\n|inactive|Navys_1 has 240 seconds left.\n|\n|t:|1664725622\n|switch|p1a: Greugreu|Greninja, M|100\/100\n|-damage|p1a: Greugreu|88\/100|[from] Stealth Rock\n|move|p2a: Celesteela|Protect||[still]\n|-fail|p2a: Celesteela\n|\n|-heal|p2a: Celesteela|55\/100|[from] item: Leftovers\n|upkeep\n|turn|10\n|inactive|Navys_1 has 240 seconds left.\n|\n|t:|1664725650\n|move|p2a: Celesteela|Protect|p2a: Celesteela\n|-singleturn|p2a: Celesteela|Protect\n|move|p1a: Greugreu|Spikes|p2a: Celesteela\n|-start|p1a: Greugreu|typechange|Ground|[from] ability: Protean\n|-sidestart|p2: Akalli|Spikes\n|\n|-heal|p2a: Celesteela|61\/100|[from] item: Leftovers\n|-fieldend|move: Psychic Terrain\n|upkeep\n|turn|11\n|inactive|Navys_1 has 210 seconds left.\n|\n|t:|1664725673\n|move|p1a: Greugreu|Spikes|p2a: Celesteela\n|-sidestart|p2: Akalli|Spikes\n|move|p2a: Celesteela|Leech Seed|p1a: Greugreu\n|-start|p1a: Greugreu|move: Leech Seed\n|\n|-heal|p2a: Celesteela|68\/100|[from] item: Leftovers\n|-damage|p1a: Greugreu|76\/100|[from] Leech Seed|[of] p2a: Celesteela\n|-heal|p2a: Celesteela|76\/100|[silent]\n|upkeep\n|turn|12\n|\n|t:|1664725679\n|switch|p1a: Surricane Bouxii|Zapdos, shiny|69\/100\n|-damage|p1a: Surricane Bouxii|45\/100|[from] Stealth Rock\n|move|p2a: Celesteela|Flamethrower|p1a: Surricane Bouxii\n|-damage|p1a: Surricane Bouxii|21\/100\n|\n|-heal|p1a: Surricane Bouxii|27\/100|[from] item: Leftovers\n|-heal|p2a: Celesteela|82\/100|[from] item: Leftovers\n|upkeep\n|turn|13\n|\n|t:|1664725688\n|switch|p2a: Excadrill|Excadrill, M|100\/100\n|-damage|p2a: Excadrill|97\/100|[from] Stealth Rock\n|-damage|p2a: Excadrill|81\/100|[from] Spikes\n|move|p1a: Surricane Bouxii|Roost|p1a: Surricane Bouxii\n|-heal|p1a: Surricane Bouxii|78\/100\n|-singleturn|p1a: Surricane Bouxii|move: Roost\n|\n|-heal|p1a: Surricane Bouxii|84\/100|[from] item: Leftovers\n|upkeep\n|turn|14\n|\n|t:|1664725701\n|move|p2a: Excadrill|Rapid Spin|p1a: Surricane Bouxii\n|-damage|p1a: Surricane Bouxii|78\/100\n|-status|p2a: Excadrill|par|[from] ability: Static|[of] p1a: Surricane Bouxii\n|-sideend|p2: Akalli|Spikes|[from] move: Rapid Spin|[of] p2a: Excadrill\n|-sideend|p2: Akalli|Stealth Rock|[from] move: Rapid Spin|[of] p2a: Excadrill\n|move|p1a: Surricane Bouxii|Heat Wave|p2a: Excadrill\n|-supereffective|p2a: Excadrill\n|-damage|p2a: Excadrill|10\/100 par\n|\n|-heal|p1a: Surricane Bouxii|84\/100|[from] item: Leftovers\n|upkeep\n|turn|15\n|\n|t:|1664725712\n|switch|p2a: Toxapex|Toxapex, M|100\/100\n|move|p1a: Surricane Bouxii|Defog|p2a: Toxapex\n|-unboost|p2a: Toxapex|evasion|1\n|-sideend|p1: Navys_1|Stealth Rock|[from] move: Defog|[of] p1a: Surricane Bouxii\n|\n|-heal|p1a: Surricane Bouxii|90\/100|[from] item: Leftovers\n|upkeep\n|turn|16\n|\n|t:|1664725718\n|move|p1a: Surricane Bouxii|Volt Switch|p2a: Toxapex\n|-supereffective|p2a: Toxapex\n|-damage|p2a: Toxapex|60\/100\n|\n|t:|1664725731\n|switch|p1a: Carcharodontosaur|Garchomp, F, shiny|82\/100 tox|[from]move: Volt Switch\n|move|p2a: Toxapex|Knock Off|p1a: Carcharodontosaur\n|-damage|p1a: Carcharodontosaur|70\/100 tox\n|-damage|p2a: Toxapex|48\/100|[from] ability: Rough Skin|[of] p1a: Carcharodontosaur\n|-damage|p2a: Toxapex|31\/100|[from] item: Rocky Helmet|[of] p1a: Carcharodontosaur\n|-enditem|p1a: Carcharodontosaur|Rocky Helmet|[from] move: Knock Off|[of] p2a: Toxapex\n|\n|-heal|p2a: Toxapex|38\/100|[from] item: Black Sludge\n|-damage|p1a: Carcharodontosaur|63\/100 tox|[from] psn\n|upkeep\n|turn|17\n|\n|t:|1664725739\n|switch|p2a: Hippowdon|Hippowdon, F|88\/100 tox\n|-weather|Sandstorm|[from] ability: Sand Stream|[of] p2a: Hippowdon\n|move|p1a: Carcharodontosaur|Stealth Rock|p2a: Hippowdon\n|-sidestart|p2: Akalli|move: Stealth Rock\n|\n|-weather|Sandstorm|[upkeep]\n|-heal|p2a: Hippowdon|94\/100 tox|[from] item: Leftovers\n|-damage|p1a: Carcharodontosaur|51\/100 tox|[from] psn\n|-damage|p2a: Hippowdon|88\/100 tox|[from] psn\n|upkeep\n|turn|18\n|\n|t:|1664725750\n|move|p2a: Hippowdon|Earthquake|p1a: Carcharodontosaur\n|-damage|p1a: Carcharodontosaur|16\/100 tox\n|move|p1a: Carcharodontosaur|Dragon Tail|p2a: Hippowdon\n|-crit|p2a: Hippowdon\n|-damage|p2a: Hippowdon|65\/100 tox\n|drag|p2a: Excadrill|Excadrill, M|10\/100 par\n|-damage|p2a: Excadrill|7\/100 par|[from] Stealth Rock\n|\n|-weather|Sandstorm|[upkeep]\n|-damage|p1a: Carcharodontosaur|0 fnt|[from] psn\n|faint|p1a: Carcharodontosaur\n|upkeep\n|\n|t:|1664725763\n|switch|p1a: Rockwell|Alakazam, F|100\/100\n|turn|19\n|\n|t:|1664725772\n|switch|p2a: Celesteela|Celesteela|82\/100\n|-damage|p2a: Celesteela|70\/100|[from] Stealth Rock\n|detailschange|p1a: Rockwell|Alakazam-Mega, F\n|-mega|p1a: Rockwell|Alakazam|Alakazite\n|-ability|p1a: Rockwell|Beast Boost|[from] ability: Trace|[of] p2a: Celesteela\n|move|p1a: Rockwell|Psychic|p2a: Celesteela\n|-resisted|p2a: Celesteela\n|-damage|p2a: Celesteela|53\/100\n|\n|-weather|Sandstorm|[upkeep]\n|-damage|p1a: Rockwell|95\/100|[from] Sandstorm\n|-heal|p2a: Celesteela|59\/100|[from] item: Leftovers\n|upkeep\n|turn|20\n|\n|t:|1664725782\n|switch|p1a: Surricane Bouxii|Zapdos, shiny|90\/100\n|move|p2a: Celesteela|Leech Seed|p1a: Surricane Bouxii\n|-start|p1a: Surricane Bouxii|move: Leech Seed\n|\n|-weather|Sandstorm|[upkeep]\n|-damage|p1a: Surricane Bouxii|84\/100|[from] Sandstorm\n|-heal|p1a: Surricane Bouxii|90\/100|[from] item: Leftovers\n|-heal|p2a: Celesteela|65\/100|[from] item: Leftovers\n|-damage|p1a: Surricane Bouxii|78\/100|[from] Leech Seed|[of] p2a: Celesteela\n|-heal|p2a: Celesteela|77\/100|[silent]\n|upkeep\n|turn|21\n|\n|t:|1664725791\n|switch|p1a: Chaostine|Tapu Lele, shiny|23\/100\n|-fieldstart|move: Psychic Terrain|[from] ability: Psychic Surge|[of] p1a: Chaostine\n|move|p2a: Celesteela|Protect||[still]\n|-fail|p2a: Celesteela\n|\n|-weather|none\n|-heal|p2a: Celesteela|83\/100|[from] item: Leftovers\n|upkeep\n|turn|22\n|inactive|Navys_1 has 240 seconds left.\n|\n|t:|1664725799\n|switch|p1a: Surricane Bouxii|Zapdos, shiny|78\/100\n|move|p2a: Celesteela|Flamethrower|p1a: Surricane Bouxii\n|-damage|p1a: Surricane Bouxii|54\/100\n|\n|-heal|p1a: Surricane Bouxii|60\/100|[from] item: Leftovers\n|-heal|p2a: Celesteela|89\/100|[from] item: Leftovers\n|upkeep\n|turn|23\n|\n|t:|1664725814\n|move|p1a: Surricane Bouxii|Heat Wave|p2a: Celesteela\n|-supereffective|p2a: Celesteela\n|-damage|p2a: Celesteela|54\/100\n|move|p2a: Celesteela|Leech Seed|p1a: Surricane Bouxii\n|-start|p1a: Surricane Bouxii|move: Leech Seed\n|\n|-heal|p1a: Surricane Bouxii|66\/100|[from] item: Leftovers\n|-heal|p2a: Celesteela|60\/100|[from] item: Leftovers\n|-damage|p1a: Surricane Bouxii|54\/100|[from] Leech Seed|[of] p2a: Celesteela\n|-heal|p2a: Celesteela|72\/100|[silent]\n|upkeep\n|turn|24\n|\n|t:|1664725819\n|switch|p2a: Hippowdon|Hippowdon, F|65\/100 tox\n|-damage|p2a: Hippowdon|58\/100 tox|[from] Stealth Rock\n|-weather|Sandstorm|[from] ability: Sand Stream|[of] p2a: Hippowdon\n|move|p1a: Surricane Bouxii|Roost|p1a: Surricane Bouxii\n|-heal|p1a: Surricane Bouxii|100\/100\n|-singleturn|p1a: Surricane Bouxii|move: Roost\n|\n|-weather|Sandstorm|[upkeep]\n|-damage|p1a: Surricane Bouxii|94\/100|[from] Sandstorm\n|-heal|p1a: Surricane Bouxii|100\/100|[from] item: Leftovers\n|-heal|p2a: Hippowdon|65\/100 tox|[from] item: Leftovers\n|-damage|p1a: Surricane Bouxii|88\/100|[from] Leech Seed|[of] p2a: Hippowdon\n|-heal|p2a: Hippowdon|76\/100 tox|[silent]\n|-damage|p2a: Hippowdon|70\/100 tox|[from] psn\n|upkeep\n|turn|25\n|\n|t:|1664725843\n|switch|p1a: Chaostine|Tapu Lele, shiny|23\/100\n|move|p2a: Hippowdon|Stealth Rock|p1a: Chaostine\n|-sidestart|p1: Navys_1|move: Stealth Rock\n|\n|-weather|Sandstorm|[upkeep]\n|-damage|p1a: Chaostine|17\/100|[from] Sandstorm\n|-heal|p2a: Hippowdon|76\/100 tox|[from] item: Leftovers\n|-damage|p2a: Hippowdon|63\/100 tox|[from] psn\n|-fieldend|move: Psychic Terrain\n|upkeep\n|turn|26\n|inactive|Navys_1 has 240 seconds left.\n|\n|t:|1664725859\n|switch|p2a: Excadrill|Excadrill, M|7\/100 par\n|-damage|p2a: Excadrill|4\/100 par|[from] Stealth Rock\n|move|p1a: Chaostine|Psyshock|p2a: Excadrill\n|-resisted|p2a: Excadrill\n|-damage|p2a: Excadrill|0 fnt\n|faint|p2a: Excadrill\n|\n|-weather|Sandstorm|[upkeep]\n|-damage|p1a: Chaostine|11\/100|[from] Sandstorm\n|upkeep\n|\n|t:|1664725873\n|switch|p2a: Garchomp|Garchomp, F|100\/100\n|-damage|p2a: Garchomp|94\/100|[from] Stealth Rock\n|turn|27\n|inactive|Navys_1 has 240 seconds left.\n|\n|t:|1664725889\n|move|p2a: Garchomp|Earthquake|p1a: Chaostine\n|-damage|p1a: Chaostine|0 fnt\n|faint|p1a: Chaostine\n|\n|-weather|Sandstorm|[upkeep]\n|upkeep\n|\n|t:|1664725893\n|switch|p1a: Greugreu|Greninja, M|76\/100\n|-damage|p1a: Greugreu|64\/100|[from] Stealth Rock\n|turn|28\n|\n|t:|1664725904\n|switch|p2a: Toxapex|Toxapex, M|71\/100\n|-damage|p2a: Toxapex|58\/100|[from] Stealth Rock\n|move|p1a: Greugreu|Ice Beam|p2a: Toxapex\n|-start|p1a: Greugreu|typechange|Ice|[from] ability: Protean\n|-resisted|p2a: Toxapex\n|-damage|p2a: Toxapex|47\/100\n|\n|-weather|none\n|-heal|p2a: Toxapex|53\/100|[from] item: Black Sludge\n|upkeep\n|turn|29\n|\n|t:|1664725922\n|switch|p2a: Celesteela|Celesteela|72\/100\n|-damage|p2a: Celesteela|59\/100|[from] Stealth Rock\n|-zpower|p1a: Greugreu\n|move|p1a: Greugreu|Tectonic Rage|p2a: Celesteela|[zeffect]\n|-start|p1a: Greugreu|typechange|Ground|[from] ability: Protean\n|-immune|p2a: Celesteela\n|\n|-heal|p2a: Celesteela|65\/100|[from] item: Leftovers\n|upkeep\n|turn|30\n|inactive|Navys_1 has 240 seconds left.\n|\n|t:|1664725940\n|move|p1a: Greugreu|Ice Beam|p2a: Celesteela\n|-start|p1a: Greugreu|typechange|Ice|[from] ability: Protean\n|-damage|p2a: Celesteela|44\/100\n|move|p2a: Celesteela|Flamethrower|p1a: Greugreu\n|-supereffective|p1a: Greugreu\n|-damage|p1a: Greugreu|0 fnt\n|faint|p1a: Greugreu\n|-ability|p2a: Celesteela|Beast Boost|boost\n|-boost|p2a: Celesteela|spd|1\n|\n|-heal|p2a: Celesteela|50\/100|[from] item: Leftovers\n|upkeep\n|inactive|Navys_1 has 240 seconds left.\n|\n|t:|1664725952\n|switch|p1a: Surricane Bouxii|Zapdos, shiny|88\/100\n|-damage|p1a: Surricane Bouxii|63\/100|[from] Stealth Rock\n|turn|31\n|\n|t:|1664725957\n|move|p2a: Celesteela|Protect|p2a: Celesteela\n|-singleturn|p2a: Celesteela|Protect\n|move|p1a: Surricane Bouxii|Volt Switch|p2a: Celesteela\n|-activate|p2a: Celesteela|move: Protect\n|\n|-heal|p1a: Surricane Bouxii|69\/100|[from] item: Leftovers\n|-heal|p2a: Celesteela|56\/100|[from] item: Leftovers\n|upkeep\n|turn|32\n|\n|t:|1664725962\n|move|p1a: Surricane Bouxii|Volt Switch|p2a: Celesteela\n|-supereffective|p2a: Celesteela\n|-damage|p2a: Celesteela|29\/100\n|\n|t:|1664725965\n|switch|p1a: Magearna|Magearna|100\/100|[from]move: Volt Switch\n|-damage|p1a: Magearna|94\/100|[from] Stealth Rock\n|move|p2a: Celesteela|Leech Seed|p1a: Magearna\n|-start|p1a: Magearna|move: Leech Seed\n|\n|-heal|p2a: Celesteela|35\/100|[from] item: Leftovers\n|-damage|p1a: Magearna|82\/100|[from] Leech Seed|[of] p2a: Celesteela\n|-heal|p2a: Celesteela|46\/100|[silent]\n|upkeep\n|turn|33\n|\n|t:|1664725970\n|move|p2a: Celesteela|Flamethrower|p1a: Magearna\n|-supereffective|p1a: Magearna\n|-damage|p1a: Magearna|64\/100\n|move|p1a: Magearna|Volt Switch|p2a: Celesteela\n|-supereffective|p2a: Celesteela\n|-damage|p2a: Celesteela|27\/100\n|\n|t:|1664725976\n|switch|p1a: Surricane Bouxii|Zapdos, shiny|69\/100|[from]move: Volt Switch\n|-damage|p1a: Surricane Bouxii|45\/100|[from] Stealth Rock\n|\n|-heal|p1a: Surricane Bouxii|51\/100|[from] item: Leftovers\n|-heal|p2a: Celesteela|33\/100|[from] item: Leftovers\n|upkeep\n|turn|34\n|\n|t:|1664725992\n|move|p2a: Celesteela|Protect|p2a: Celesteela\n|-singleturn|p2a: Celesteela|Protect\n|move|p1a: Surricane Bouxii|Roost|p1a: Surricane Bouxii\n|-heal|p1a: Surricane Bouxii|100\/100\n|-singleturn|p1a: Surricane Bouxii|move: Roost\n|\n|-heal|p2a: Celesteela|39\/100|[from] item: Leftovers\n|upkeep\n|turn|35\n|\n|t:|1664725997\n|switch|p2a: Garchomp|Garchomp, F|94\/100\n|-damage|p2a: Garchomp|88\/100|[from] Stealth Rock\n|move|p1a: Surricane Bouxii|Heat Wave|p2a: Garchomp\n|-resisted|p2a: Garchomp\n|-damage|p2a: Garchomp|75\/100\n|\n|upkeep\n|turn|36\n|\n|t:|1664726007\n|move|p2a: Garchomp|Swords Dance|p2a: Garchomp\n|-boost|p2a: Garchomp|atk|2\n|move|p1a: Surricane Bouxii|Heat Wave|p2a: Garchomp\n|-resisted|p2a: Garchomp\n|-damage|p2a: Garchomp|61\/100\n|\n|upkeep\n|turn|37\n|\n|t:|1664726028\n|detailschange|p2a: Garchomp|Garchomp-Mega, F\n|-mega|p2a: Garchomp|Garchomp|Garchompite\n|move|p2a: Garchomp|Dragon Claw|p1a: Surricane Bouxii\n|-damage|p1a: Surricane Bouxii|27\/100\n|-status|p2a: Garchomp|par|[from] ability: Static|[of] p1a: Surricane Bouxii\n|move|p1a: Surricane Bouxii|Heat Wave|p2a: Garchomp|[miss]\n|-miss|p1a: Surricane Bouxii|p2a: Garchomp\n|\n|-heal|p1a: Surricane Bouxii|33\/100|[from] item: Leftovers\n|upkeep\n|turn|38\n|\n|t:|1664726039\n|move|p1a: Surricane Bouxii|Roost|p1a: Surricane Bouxii\n|-heal|p1a: Surricane Bouxii|83\/100\n|-singleturn|p1a: Surricane Bouxii|move: Roost\n|cant|p2a: Garchomp|par\n|\n|-heal|p1a: Surricane Bouxii|89\/100|[from] item: Leftovers\n|upkeep\n|turn|39\n|\n|t:|1664726048\n|move|p1a: Surricane Bouxii|Heat Wave|p2a: Garchomp\n|-resisted|p2a: Garchomp\n|-damage|p2a: Garchomp|47\/100 par\n|cant|p2a: Garchomp|par\n|\n|-heal|p1a: Surricane Bouxii|95\/100|[from] item: Leftovers\n|upkeep\n|turn|40\n|\n|t:|1664726055\n|move|p1a: Surricane Bouxii|Heat Wave|p2a: Garchomp\n|-resisted|p2a: Garchomp\n|-damage|p2a: Garchomp|34\/100 par\n|move|p2a: Garchomp|Dragon Claw|p1a: Surricane Bouxii\n|-damage|p1a: Surricane Bouxii|23\/100\n|\n|-heal|p1a: Surricane Bouxii|29\/100|[from] item: Leftovers\n|upkeep\n|turn|41\n|\n|t:|1664726061\n|move|p1a: Surricane Bouxii|Roost|p1a: Surricane Bouxii\n|-heal|p1a: Surricane Bouxii|79\/100\n|-singleturn|p1a: Surricane Bouxii|move: Roost\n|cant|p2a: Garchomp|par\n|\n|-heal|p1a: Surricane Bouxii|85\/100|[from] item: Leftovers\n|upkeep\n|turn|42\n|\n|t:|1664726069\n|move|p1a: Surricane Bouxii|Heat Wave|p2a: Garchomp\n|-resisted|p2a: Garchomp\n|-damage|p2a: Garchomp|20\/100 par\n|move|p2a: Garchomp|Dragon Claw|p1a: Surricane Bouxii\n|-damage|p1a: Surricane Bouxii|3\/100\n|\n|-heal|p1a: Surricane Bouxii|9\/100|[from] item: Leftovers\n|upkeep\n|turn|43\n|\n|t:|1664726076\n|switch|p2a: Toxapex|Toxapex, M|87\/100\n|-damage|p2a: Toxapex|74\/100|[from] Stealth Rock\n|move|p1a: Surricane Bouxii|Roost|p1a: Surricane Bouxii\n|-heal|p1a: Surricane Bouxii|59\/100\n|-singleturn|p1a: Surricane Bouxii|move: Roost\n|\n|-heal|p1a: Surricane Bouxii|65\/100|[from] item: Leftovers\n|-heal|p2a: Toxapex|80\/100|[from] item: Black Sludge\n|upkeep\n|turn|44\n|\n|t:|1664726083\n|move|p1a: Surricane Bouxii|Volt Switch|p2a: Toxapex\n|-supereffective|p2a: Toxapex\n|-damage|p2a: Toxapex|38\/100\n|\n|t:|1664726101\n|switch|p1a: Magearna|Magearna|64\/100|[from]move: Volt Switch\n|-damage|p1a: Magearna|58\/100|[from] Stealth Rock\n|move|p2a: Toxapex|Toxic Spikes|p1a: Magearna\n|-sidestart|p1: Navys_1|move: Toxic Spikes\n|\n|-heal|p2a: Toxapex|45\/100|[from] item: Black Sludge\n|upkeep\n|turn|45\n|\n|t:|1664726112\n|move|p1a: Magearna|Volt Switch|p2a: Toxapex\n|-supereffective|p2a: Toxapex\n|-damage|p2a: Toxapex|18\/100\n|\n|t:|1664726116\n|switch|p1a: Surricane Bouxii|Zapdos, shiny|65\/100|[from]move: Volt Switch\n|-damage|p1a: Surricane Bouxii|40\/100|[from] Stealth Rock\n|move|p2a: Toxapex|Recover|p2a: Toxapex\n|-heal|p2a: Toxapex|68\/100\n|\n|-heal|p1a: Surricane Bouxii|46\/100|[from] item: Leftovers\n|-heal|p2a: Toxapex|75\/100|[from] item: Black Sludge\n|upkeep\n|turn|46\n|\n|t:|1664726120\n|move|p1a: Surricane Bouxii|Defog|p2a: Toxapex\n|-unboost|p2a: Toxapex|evasion|1\n|-sideend|p2: Akalli|Stealth Rock|[from] move: Defog|[of] p1a: Surricane Bouxii\n|-sideend|p1: Navys_1|Toxic Spikes|[from] move: Defog|[of] p1a: Surricane Bouxii\n|-sideend|p1: Navys_1|Stealth Rock|[from] move: Defog|[of] p1a: Surricane Bouxii\n|move|p2a: Toxapex|Knock Off|p1a: Surricane Bouxii\n|-damage|p1a: Surricane Bouxii|34\/100\n|-status|p2a: Toxapex|par|[from] ability: Static|[of] p1a: Surricane Bouxii\n|-enditem|p1a: Surricane Bouxii|Leftovers|[from] move: Knock Off|[of] p2a: Toxapex\n|\n|-heal|p2a: Toxapex|81\/100 par|[from] item: Black Sludge\n|upkeep\n|turn|47\n|\n|t:|1664726125\n|switch|p2a: Hippowdon|Hippowdon, F|63\/100 tox\n|-weather|Sandstorm|[from] ability: Sand Stream|[of] p2a: Hippowdon\n|move|p1a: Surricane Bouxii|Roost|p1a: Surricane Bouxii\n|-heal|p1a: Surricane Bouxii|84\/100\n|-singleturn|p1a: Surricane Bouxii|move: Roost\n|\n|-weather|Sandstorm|[upkeep]\n|-damage|p1a: Surricane Bouxii|78\/100|[from] Sandstorm\n|-heal|p2a: Hippowdon|70\/100 tox|[from] item: Leftovers\n|-damage|p2a: Hippowdon|63\/100 tox|[from] psn\n|upkeep\n|turn|48\n|\n|t:|1664726130\n|move|p1a: Surricane Bouxii|Heat Wave|p2a: Hippowdon|[miss]\n|-miss|p1a: Surricane Bouxii|p2a: Hippowdon\n|move|p2a: Hippowdon|Slack Off|p2a: Hippowdon\n|-heal|p2a: Hippowdon|100\/100 tox\n|\n|-weather|Sandstorm|[upkeep]\n|-damage|p1a: Surricane Bouxii|72\/100|[from] Sandstorm\n|-damage|p2a: Hippowdon|88\/100 tox|[from] psn\n|upkeep\n|turn|49\n|\n|t:|1664726136\n|switch|p1a: Magearna|Magearna|58\/100\n|move|p2a: Hippowdon|Toxic|p1a: Magearna\n|-immune|p1a: Magearna\n|\n|-weather|Sandstorm|[upkeep]\n|-heal|p2a: Hippowdon|94\/100 tox|[from] item: Leftovers\n|-damage|p2a: Hippowdon|76\/100 tox|[from] psn\n|upkeep\n|turn|50\n|\n|t:|1664726145\n|switch|p1a: Surricane Bouxii|Zapdos, shiny|72\/100\n|switch|p2a: Toxapex|Toxapex, M|100\/100 par\n|\n|-weather|Sandstorm|[upkeep]\n|-damage|p1a: Surricane Bouxii|66\/100|[from] Sandstorm\n|-damage|p2a: Toxapex|94\/100 par|[from] Sandstorm\n|-heal|p2a: Toxapex|100\/100 par|[from] item: Black Sludge\n|upkeep\n|turn|51\n|\n|t:|1664726155\n|switch|p2a: Hippowdon|Hippowdon, F|76\/100 tox\n|move|p1a: Surricane Bouxii|Volt Switch|p2a: Hippowdon\n|-immune|p2a: Hippowdon\n|\n|-weather|none\n|-heal|p2a: Hippowdon|82\/100 tox|[from] item: Leftovers\n|-damage|p2a: Hippowdon|76\/100 tox|[from] psn\n|upkeep\n|turn|52\n|\n|t:|1664726160\n|move|p1a: Surricane Bouxii|Roost|p1a: Surricane Bouxii\n|-heal|p1a: Surricane Bouxii|100\/100\n|-singleturn|p1a: Surricane Bouxii|move: Roost\n|move|p2a: Hippowdon|Slack Off|p2a: Hippowdon\n|-heal|p2a: Hippowdon|100\/100 tox\n|\n|-damage|p2a: Hippowdon|88\/100 tox|[from] psn\n|upkeep\n|turn|53\n|\n|t:|1664726178\n|move|p1a: Surricane Bouxii|Heat Wave|p2a: Hippowdon\n|-damage|p2a: Hippowdon|65\/100 tox\n|move|p2a: Hippowdon|Toxic|p1a: Surricane Bouxii\n|-status|p1a: Surricane Bouxii|tox\n|\n|-heal|p2a: Hippowdon|72\/100 tox|[from] item: Leftovers\n|-damage|p1a: Surricane Bouxii|94\/100 tox|[from] psn\n|-damage|p2a: Hippowdon|53\/100 tox|[from] psn\n|upkeep\n|turn|54\n|\n|t:|1664726183\n|move|p1a: Surricane Bouxii|Heat Wave|p2a: Hippowdon\n|-damage|p2a: Hippowdon|28\/100 tox\n|move|p2a: Hippowdon|Slack Off|p2a: Hippowdon\n|-heal|p2a: Hippowdon|78\/100 tox\n|\n|-heal|p2a: Hippowdon|84\/100 tox|[from] item: Leftovers\n|-damage|p1a: Surricane Bouxii|82\/100 tox|[from] psn\n|-damage|p2a: Hippowdon|59\/100 tox|[from] psn\n|upkeep\n|turn|55\n|\n|t:|1664726192\n|switch|p2a: Garchomp|Garchomp-Mega, F|20\/100 par\n|move|p1a: Surricane Bouxii|Heat Wave|p2a: Garchomp\n|-resisted|p2a: Garchomp\n|-damage|p2a: Garchomp|8\/100 par\n|\n|-damage|p1a: Surricane Bouxii|64\/100 tox|[from] psn\n|upkeep\n|turn|56\n|\n|t:|1664726206\n|switch|p2a: Hippowdon|Hippowdon, F|59\/100 tox\n|-weather|Sandstorm|[from] ability: Sand Stream|[of] p2a: Hippowdon\n|move|p1a: Surricane Bouxii|Heat Wave|p2a: Hippowdon\n|-damage|p2a: Hippowdon|35\/100 tox\n|\n|-weather|Sandstorm|[upkeep]\n|-damage|p1a: Surricane Bouxii|58\/100 tox|[from] Sandstorm\n|-heal|p2a: Hippowdon|41\/100 tox|[from] item: Leftovers\n|-damage|p1a: Surricane Bouxii|34\/100 tox|[from] psn\n|-damage|p2a: Hippowdon|35\/100 tox|[from] psn\n|upkeep\n|turn|57\n|\n|t:|1664726234\n|switch|p1a: Magearna|Magearna|58\/100\n|move|p2a: Hippowdon|Slack Off|p2a: Hippowdon\n|-heal|p2a: Hippowdon|85\/100 tox\n|\n|-weather|Sandstorm|[upkeep]\n|-heal|p2a: Hippowdon|91\/100 tox|[from] item: Leftovers\n|-damage|p2a: Hippowdon|79\/100 tox|[from] psn\n|upkeep\n|turn|58\n|\n|t:|1664726251\n|switch|p1a: Surricane Bouxii|Zapdos, shiny|34\/100 tox\n|switch|p2a: Garchomp|Garchomp-Mega, F|8\/100 par\n|\n|-weather|Sandstorm|[upkeep]\n|-damage|p1a: Surricane Bouxii|28\/100 tox|[from] Sandstorm\n|-damage|p1a: Surricane Bouxii|22\/100 tox|[from] psn\n|upkeep\n|turn|59\n|\n|t:|1664726263\n|switch|p2a: Hippowdon|Hippowdon, F|79\/100 tox\n|move|p1a: Surricane Bouxii|Roost|p1a: Surricane Bouxii\n|-heal|p1a: Surricane Bouxii|73\/100 tox\n|-singleturn|p1a: Surricane Bouxii|move: Roost\n|\n|-weather|Sandstorm|[upkeep]\n|-damage|p1a: Surricane Bouxii|67\/100 tox|[from] Sandstorm\n|-heal|p2a: Hippowdon|85\/100 tox|[from] item: Leftovers\n|-damage|p1a: Surricane Bouxii|55\/100 tox|[from] psn\n|-damage|p2a: Hippowdon|79\/100 tox|[from] psn\n|upkeep\n|turn|60\n|\n|t:|1664726267\n|move|p1a: Surricane Bouxii|Roost|p1a: Surricane Bouxii\n|-heal|p1a: Surricane Bouxii|100\/100 tox\n|-singleturn|p1a: Surricane Bouxii|move: Roost\n|move|p2a: Hippowdon|Slack Off|p2a: Hippowdon\n|-heal|p2a: Hippowdon|100\/100 tox\n|\n|-weather|none\n|-damage|p1a: Surricane Bouxii|82\/100 tox|[from] psn\n|-damage|p2a: Hippowdon|88\/100 tox|[from] psn\n|upkeep\n|turn|61\n|\n|t:|1664726271\n|move|p1a: Surricane Bouxii|Heat Wave|p2a: Hippowdon\n|-damage|p2a: Hippowdon|64\/100 tox\n|move|p2a: Hippowdon|Stealth Rock|p1a: Surricane Bouxii\n|-sidestart|p1: Navys_1|move: Stealth Rock\n|\n|-heal|p2a: Hippowdon|70\/100 tox|[from] item: Leftovers\n|-damage|p1a: Surricane Bouxii|58\/100 tox|[from] psn\n|-damage|p2a: Hippowdon|51\/100 tox|[from] psn\n|upkeep\n|turn|62\n|\n|t:|1664726278\n|move|p1a: Surricane Bouxii|Roost|p1a: Surricane Bouxii\n|-heal|p1a: Surricane Bouxii|100\/100 tox\n|-singleturn|p1a: Surricane Bouxii|move: Roost\n|move|p2a: Hippowdon|Slack Off|p2a: Hippowdon\n|-heal|p2a: Hippowdon|100\/100 tox\n|\n|-damage|p1a: Surricane Bouxii|70\/100 tox|[from] psn\n|-damage|p2a: Hippowdon|76\/100 tox|[from] psn\n|upkeep\n|turn|63\n|\n|t:|1664726291\n|switch|p2a: Toxapex|Toxapex, M|100\/100 par\n|move|p1a: Surricane Bouxii|Defog|p2a: Toxapex\n|-unboost|p2a: Toxapex|evasion|1\n|-sideend|p1: Navys_1|Stealth Rock|[from] move: Defog|[of] p1a: Surricane Bouxii\n|\n|-damage|p1a: Surricane Bouxii|34\/100 tox|[from] psn\n|upkeep\n|turn|64\n|\n|t:|1664726295\n|switch|p2a: Hippowdon|Hippowdon, F|76\/100 tox\n|-weather|Sandstorm|[from] ability: Sand Stream|[of] p2a: Hippowdon\n|move|p1a: Surricane Bouxii|Volt Switch|p2a: Hippowdon\n|-immune|p2a: Hippowdon\n|\n|-weather|Sandstorm|[upkeep]\n|-damage|p1a: Surricane Bouxii|28\/100 tox|[from] Sandstorm\n|-heal|p2a: Hippowdon|82\/100 tox|[from] item: Leftovers\n|-damage|p1a: Surricane Bouxii|0 fnt|[from] psn\n|faint|p1a: Surricane Bouxii\n|-damage|p2a: Hippowdon|76\/100 tox|[from] psn\n|upkeep\n|\n|t:|1664726310\n|switch|p1a: Rockwell|Alakazam-Mega, F|95\/100\n|-ability|p1a: Rockwell|Sand Stream|[from] ability: Trace|[of] p2a: Hippowdon\n|turn|65\n|\n|t:|1664726317\n|move|p1a: Rockwell|Psychic|p2a: Hippowdon\n|-damage|p2a: Hippowdon|19\/100 tox\n|-unboost|p2a: Hippowdon|spd|1\n|move|p2a: Hippowdon|Earthquake|p1a: Rockwell\n|-damage|p1a: Rockwell|28\/100\n|\n|-weather|Sandstorm|[upkeep]\n|-damage|p1a: Rockwell|22\/100|[from] Sandstorm\n|-heal|p2a: Hippowdon|25\/100 tox|[from] item: Leftovers\n|-damage|p2a: Hippowdon|12\/100 tox|[from] psn\n|upkeep\n|turn|66\n|\n|t:|1664726330\n|move|p1a: Rockwell|Psychic|p2a: Hippowdon\n|-damage|p2a: Hippowdon|0 fnt\n|faint|p2a: Hippowdon\n|\n|-weather|Sandstorm|[upkeep]\n|-damage|p1a: Rockwell|16\/100|[from] Sandstorm\n|upkeep\n|\n|t:|1664726341\n|switch|p2a: Celesteela|Celesteela|39\/100\n|turn|67\n|inactive|Navys_1 has 270 seconds left.\n|\n|t:|1664726377\n|move|p2a: Celesteela|Protect|p2a: Celesteela\n|-singleturn|p2a: Celesteela|Protect\n|move|p1a: Rockwell|Psychic|p2a: Celesteela\n|-activate|p2a: Celesteela|move: Protect\n|\n|-weather|Sandstorm|[upkeep]\n|-damage|p1a: Rockwell|10\/100|[from] Sandstorm\n|-heal|p2a: Celesteela|45\/100|[from] item: Leftovers\n|upkeep\n|turn|68\n|inactive|Navys_1 has 270 seconds left.\n|\n|t:|1664726389\n|move|p1a: Rockwell|Psychic|p2a: Celesteela\n|-resisted|p2a: Celesteela\n|-damage|p2a: Celesteela|25\/100\n|-unboost|p2a: Celesteela|spd|1\n|move|p2a: Celesteela|Heavy Slam|p1a: Rockwell\n|-damage|p1a: Rockwell|0 fnt\n|faint|p1a: Rockwell\n|-ability|p2a: Celesteela|Beast Boost|boost\n|-boost|p2a: Celesteela|spd|1\n|\n|-weather|none\n|-heal|p2a: Celesteela|31\/100|[from] item: Leftovers\n|upkeep\n|\n|t:|1664726395\n|switch|p1a: Magearna|Magearna|58\/100\n|turn|69\n|inactive|Navys_1 has 270 seconds left.\n|\n|t:|1664726403\n|move|p2a: Celesteela|Protect|p2a: Celesteela\n|-singleturn|p2a: Celesteela|Protect\n|move|p1a: Magearna|Volt Switch|p2a: Celesteela\n|-activate|p2a: Celesteela|move: Protect\n|\n|-heal|p2a: Celesteela|37\/100|[from] item: Leftovers\n|upkeep\n|turn|70\n|\n|t:|1664726412\n|move|p2a: Celesteela|Heavy Slam|p1a: Magearna\n|-damage|p1a: Magearna|23\/100\n|move|p1a: Magearna|Volt Switch|p2a: Celesteela\n|-supereffective|p2a: Celesteela\n|-damage|p2a: Celesteela|10\/100\n|\n|-heal|p2a: Celesteela|16\/100|[from] item: Leftovers\n|upkeep\n|turn|71\n|\n|t:|1664726417\n|move|p2a: Celesteela|Heavy Slam|p1a: Magearna\n|-damage|p1a: Magearna|0 fnt\n|faint|p1a: Magearna\n|\n|win|Akalli\n","uploadtime":1664726419,"views":13,"p1id":"navys1","p2id":"akalli","formatid":"gen7ou","rating":0,"private":0,"password":null}