{"id":"smogtours-gen8uu-596237","p1":"tolstoy","p2":"ford focus 2028","format":"gen8uu","log":"|inactive|Battle timer is ON: inactive players will automatically lose when time's up.\n|t:|1638722428\n|gametype|singles\n|player|p1|tolstoy|dawn|\n|player|p2|ford focus 2028|picnicker|\n|teamsize|p1|6\n|teamsize|p2|6\n|gen|8\n|tier|[Gen 8] UU\n|rule|Sleep Clause Mod: Limit one foe put to sleep\n|rule|Species Clause: Limit one of each Pok\u00e9mon\n|rule|OHKO Clause: OHKO moves are banned\n|rule|Evasion Moves Clause: Evasion moves are banned\n|rule|Endless Battle Clause: Forcing endless battles is banned\n|rule|HP Percentage Mod: HP is shown in percentages\n|rule|Dynamax Clause: You cannot dynamax\n|clearpoke\n|poke|p1|Raikou|\n|poke|p1|Nihilego|\n|poke|p1|Moltres|\n|poke|p1|Cobalion|\n|poke|p1|Primarina, F|\n|poke|p1|Excadrill, M|\n|poke|p2|Mienshao, F|\n|poke|p2|Thundurus-Therian, M|\n|poke|p2|Zarude-Dada|\n|poke|p2|Salamence, M|\n|poke|p2|Slowking, F|\n|poke|p2|Excadrill, M|\n|teampreview\n|c|+ALlCE|number go up\n|c|+ALlCE|go lax\n|c|\u2606ford focus 2028|hf \n|inactive|tolstoy has 270 seconds left.\n|inactive|ford focus 2028 has 270 seconds left.\n|c|+avarice|LETS GO UMBRY\n|c|\u2606tolstoy|u2\n|c|+avarice|bringing it back\n|c|+typical_bastard|what's this for?\n|c|+avarice|uusd\n|c|+typical_bastard|oh epic\n|inactive|tolstoy has 240 seconds left.\n|inactive|ford focus 2028 has 240 seconds left.\n|\n|t:|1638722511\n|start\n|switch|p1a: Cobalion|Cobalion|100\/100\n|switch|p2a: Mienshao|Mienshao, F|100\/100\n|turn|1\n|\n|t:|1638722529\n|move|p1a: Cobalion|Stealth Rock|p2a: Mienshao\n|-sidestart|p2: ford focus 2028|move: Stealth Rock\n|move|p2a: Mienshao|Close Combat|p1a: Cobalion\n|-supereffective|p1a: Cobalion\n|-damage|p1a: Cobalion|0 fnt\n|-unboost|p2a: Mienshao|def|1\n|-unboost|p2a: Mienshao|spd|1\n|faint|p1a: Cobalion\n|-damage|p2a: Mienshao|91\/100|[from] item: Life Orb\n|\n|upkeep\n|inactive|tolstoy has 270 seconds left.\n|c|+A HERO'S DESTINY|EAE ha\n|c|+A HERO'S DESTINY|HS\n|c|+TDK|up\n|c|+ALlCE|up\n|\n|t:|1638722552\n|switch|p1a: Raikou|Raikou|100\/100\n|-ability|p1a: Raikou|Pressure\n|turn|2\n|c|\u2606ford focus 2028|raiko\n|\n|t:|1638722576\n|switch|p2a: Zarude|Zarude-Dada|100\/100\n|-damage|p2a: Zarude|88\/100|[from] Stealth Rock\n|move|p1a: Raikou|Scald|p2a: Zarude\n|-resisted|p2a: Zarude\n|-damage|p2a: Zarude|74\/100\n|\n|upkeep\n|turn|3\n|c|+HYDREIGON SPECS|raiko\n|\n|t:|1638722582\n|switch|p1a: Moltres|Moltres|100\/100\n|move|p2a: Zarude|U-turn|p1a: Moltres\n|-resisted|p1a: Moltres\n|-damage|p1a: Moltres|94\/100\n|-status|p2a: Zarude|brn|[from] ability: Flame Body|[of] p1a: Moltres\n|c|+mncmt|raiko\n|\n|t:|1638722600\n|switch|p2a: Slowking|Slowking, F|100\/100|[from]move: U-turn\n|-damage|p2a: Slowking|88\/100|[from] Stealth Rock\n|\n|upkeep\n|turn|4\n|\n|t:|1638722606\n|move|p1a: Moltres|U-turn|p2a: Slowking\n|-supereffective|p2a: Slowking\n|-damage|p2a: Slowking|63\/100\n|\n|t:|1638722617\n|switch|p1a: aiko aiko|Primarina, F|100\/100|[from]move: U-turn\n|move|p2a: Slowking|Scald|p1a: aiko aiko\n|-resisted|p1a: aiko aiko\n|-damage|p1a: aiko aiko|90\/100\n|-status|p1a: aiko aiko|brn\n|\n|-heal|p1a: aiko aiko|96\/100 brn|[from] item: Leftovers\n|-damage|p1a: aiko aiko|90\/100 brn|[from] brn\n|upkeep\n|turn|5\n|c|+TDK|aiko aiko\n|c|\u2606ford focus 2028|hows aiko not raikou\n|c|\u2606ford focus 2028|what\n|inactive|tolstoy has 270 seconds left.\n|\n|t:|1638722647\n|switch|p1a: Raikou|Raikou|100\/100\n|-ability|p1a: Raikou|Pressure\n|move|p2a: Slowking|Teleport|p2a: Slowking\n|\n|t:|1638722651\n|switch|p2a: Excadrill|Excadrill, M|100\/100|[from]move: Teleport\n|-damage|p2a: Excadrill|97\/100|[from] Stealth Rock\n|-ability|p2a: Excadrill|Mold Breaker\n|\n|-heal|p2a: Excadrill|100\/100|[from] item: Leftovers\n|upkeep\n|turn|6\n|\n|t:|1638722660\n|switch|p1a: Moltres|Moltres|94\/100\n|move|p2a: Excadrill|Rapid Spin|p1a: Moltres\n|-damage|p1a: Moltres|75\/100\n|-boost|p2a: Excadrill|spe|1\n|-sideend|p2: ford focus 2028|Stealth Rock|[from] move: Rapid Spin|[of] p2a: Excadrill\n|\n|upkeep\n|turn|7\n|\n|t:|1638722669\n|move|p2a: Excadrill|Stealth Rock|p1a: Moltres\n|-sidestart|p1: tolstoy|move: Stealth Rock\n|move|p1a: Moltres|U-turn|p2a: Excadrill\n|-resisted|p2a: Excadrill\n|-damage|p2a: Excadrill|91\/100\n|\n|t:|1638722674\n|switch|p1a: aiko aiko|Primarina, F|90\/100 brn|[from]move: U-turn\n|-damage|p1a: aiko aiko|77\/100 brn|[from] Stealth Rock\n|\n|-heal|p2a: Excadrill|97\/100|[from] item: Leftovers\n|-heal|p1a: aiko aiko|83\/100 brn|[from] item: Leftovers\n|-damage|p1a: aiko aiko|77\/100 brn|[from] brn\n|upkeep\n|turn|8\n|\n|t:|1638722684\n|switch|p2a: Slowking|Slowking, F|96\/100\n|move|p1a: aiko aiko|Scald|p2a: Slowking\n|-resisted|p2a: Slowking\n|-damage|p2a: Slowking|85\/100\n|\n|-heal|p1a: aiko aiko|83\/100 brn|[from] item: Leftovers\n|-damage|p1a: aiko aiko|77\/100 brn|[from] brn\n|upkeep\n|turn|9\n|\n|t:|1638722694\n|move|p1a: aiko aiko|Scald|p2a: Slowking\n|-resisted|p2a: Slowking\n|-damage|p2a: Slowking|74\/100\n|-status|p2a: Slowking|brn\n|move|p2a: Slowking|Teleport|p2a: Slowking\n|\n|t:|1638722696\n|switch|p2a: Thundurus|Thundurus-Therian, M|100\/100|[from]move: Teleport\n|\n|-heal|p1a: aiko aiko|83\/100 brn|[from] item: Leftovers\n|-damage|p1a: aiko aiko|77\/100 brn|[from] brn\n|upkeep\n|turn|10\n|\n|t:|1638722700\n|switch|p1a: Excadrill|Excadrill, M|100\/100\n|-damage|p1a: Excadrill|97\/100|[from] Stealth Rock\n|-ability|p1a: Excadrill|Mold Breaker\n|move|p2a: Thundurus|Volt Switch|p1a: Excadrill\n|-immune|p1a: Excadrill\n|\n|-heal|p1a: Excadrill|100\/100|[from] item: Leftovers\n|upkeep\n|turn|11\n|\n|t:|1638722705\n|move|p2a: Thundurus|Knock Off|p1a: Excadrill\n|-damage|p1a: Excadrill|72\/100\n|-enditem|p1a: Excadrill|Leftovers|[from] move: Knock Off|[of] p2a: Thundurus\n|move|p1a: Excadrill|Rapid Spin|p2a: Thundurus\n|-damage|p2a: Thundurus|75\/100\n|-boost|p1a: Excadrill|spe|1\n|-sideend|p1: tolstoy|Stealth Rock|[from] move: Rapid Spin|[of] p1a: Excadrill\n|\n|upkeep\n|turn|12\n|\n|t:|1638722710\n|switch|p1a: aiko aiko|Primarina, F|77\/100 brn\n|switch|p2a: Salamence|Salamence, M|100\/100\n|-ability|p2a: Salamence|Intimidate|boost\n|-unboost|p1a: aiko aiko|atk|1\n|\n|-heal|p1a: aiko aiko|83\/100 brn|[from] item: Leftovers\n|-damage|p1a: aiko aiko|77\/100 brn|[from] brn\n|upkeep\n|turn|13\n|\n|t:|1638722716\n|switch|p2a: Slowking|Slowking, F|100\/100 brn\n|switch|p1a: Raikou|Raikou|100\/100\n|-ability|p1a: Raikou|Pressure\n|\n|-damage|p2a: Slowking|94\/100 brn|[from] brn\n|upkeep\n|turn|14\n|\n|t:|1638722720\n|move|p1a: Raikou|Substitute|p1a: Raikou\n|-start|p1a: Raikou|Substitute\n|-damage|p1a: Raikou|76\/100\n|move|p2a: Slowking|Teleport|p2a: Slowking\n|\n|t:|1638722726\n|switch|p2a: Mienshao|Mienshao, F|100\/100|[from]move: Teleport\n|\n|-heal|p1a: Raikou|82\/100|[from] item: Leftovers\n|upkeep\n|turn|15\n|\n|t:|1638722730\n|move|p1a: Raikou|Calm Mind|p1a: Raikou\n|-boost|p1a: Raikou|spa|1\n|-boost|p1a: Raikou|spd|1\n|move|p2a: Mienshao|U-turn|p1a: Raikou\n|-end|p1a: Raikou|Substitute\n|-damage|p2a: Mienshao|91\/100|[from] item: Life Orb\n|\n|t:|1638722739\n|switch|p2a: Excadrill|Excadrill, M|97\/100|[from]move: U-turn\n|-ability|p2a: Excadrill|Mold Breaker\n|\n|-heal|p1a: Raikou|88\/100|[from] item: Leftovers\n|-heal|p2a: Excadrill|100\/100|[from] item: Leftovers\n|upkeep\n|turn|16\n|\n|t:|1638722742\n|move|p1a: Raikou|Scald|p2a: Excadrill\n|-supereffective|p2a: Excadrill\n|-damage|p2a: Excadrill|26\/100\n|move|p2a: Excadrill|Earthquake|p1a: Raikou\n|-supereffective|p1a: Raikou\n|-damage|p1a: Raikou|0 fnt\n|faint|p1a: Raikou\n|\n|-heal|p2a: Excadrill|32\/100|[from] item: Leftovers\n|upkeep\n|\n|t:|1638722745\n|switch|p1a: Moltres|Moltres|75\/100\n|turn|17\n|\n|t:|1638722754\n|switch|p2a: Slowking|Slowking, F|100\/100 brn\n|move|p1a: Moltres|Hurricane|p2a: Slowking\n|-damage|p2a: Slowking|63\/100 brn\n|-start|p2a: Slowking|confusion\n|\n|-damage|p2a: Slowking|57\/100 brn|[from] brn\n|upkeep\n|turn|18\n|\n|t:|1638722760\n|switch|p2a: Thundurus|Thundurus-Therian, M|75\/100\n|move|p1a: Moltres|Hurricane|p2a: Thundurus\n|-resisted|p2a: Thundurus\n|-damage|p2a: Thundurus|37\/100\n|-start|p2a: Thundurus|confusion\n|\n|upkeep\n|turn|19\n|\n|t:|1638722766\n|switch|p1a: Excadrill|Excadrill, M|72\/100\n|-ability|p1a: Excadrill|Mold Breaker\n|-activate|p2a: Thundurus|confusion\n|move|p2a: Thundurus|Volt Switch|p1a: Excadrill\n|-immune|p1a: Excadrill\n|\n|upkeep\n|turn|20\n|\n|t:|1638722772\n|switch|p2a: Salamence|Salamence, M|100\/100\n|-ability|p2a: Salamence|Intimidate|boost\n|-unboost|p1a: Excadrill|atk|1\n|move|p1a: Excadrill|Iron Head|p2a: Salamence\n|-damage|p2a: Salamence|65\/100\n|\n|upkeep\n|turn|21\n|\n|t:|1638722777\n|switch|p1a: Among|Nihilego|100\/100\n|move|p2a: Salamence|Roost|p2a: Salamence\n|-heal|p2a: Salamence|100\/100\n|-singleturn|p2a: Salamence|move: Roost\n|\n|upkeep\n|turn|22\n|c|+ALlCE|amogus\n|inactive|ford focus 2028 has 270 seconds left.\n|\n|t:|1638722809\n|switch|p2a: Excadrill|Excadrill, M|32\/100\n|-ability|p2a: Excadrill|Mold Breaker\n|move|p1a: Among|Sludge Wave|p2a: Excadrill\n|-immune|p2a: Excadrill\n|\n|-heal|p2a: Excadrill|38\/100|[from] item: Leftovers\n|upkeep\n|turn|23\n|inactive|ford focus 2028 has 270 seconds left.\n|\n|t:|1638722819\n|move|p1a: Among|Knock Off|p2a: Excadrill\n|-damage|p2a: Excadrill|20\/100\n|-enditem|p2a: Excadrill|Leftovers|[from] move: Knock Off|[of] p1a: Among\n|move|p2a: Excadrill|Earthquake|p1a: Among\n|-supereffective|p1a: Among\n|-damage|p1a: Among|0 fnt\n|faint|p1a: Among\n|\n|upkeep\n|\n|t:|1638722823\n|switch|p1a: Moltres|Moltres|75\/100\n|turn|24\n|\n|t:|1638722835\n|move|p1a: Moltres|Hurricane|p2a: Excadrill\n|-resisted|p2a: Excadrill\n|-damage|p2a: Excadrill|0 fnt\n|faint|p2a: Excadrill\n|\n|upkeep\n|inactive|ford focus 2028 has 270 seconds left.\n|\n|t:|1638722856\n|switch|p2a: Slowking|Slowking, F|90\/100 brn\n|turn|25\n|\n|t:|1638722866\n|move|p1a: Moltres|Hurricane|p2a: Slowking|[miss]\n|-miss|p1a: Moltres|p2a: Slowking\n|move|p2a: Slowking|Scald|p1a: Moltres\n|-supereffective|p1a: Moltres\n|-damage|p1a: Moltres|2\/100\n|\n|-damage|p2a: Slowking|84\/100 brn|[from] brn\n|upkeep\n|turn|26\n|\n|t:|1638722871\n|move|p1a: Moltres|U-turn|p2a: Slowking\n|-supereffective|p2a: Slowking\n|-damage|p2a: Slowking|62\/100 brn\n|\n|t:|1638722873\n|switch|p1a: aiko aiko|Primarina, F|77\/100 brn|[from]move: U-turn\n|move|p2a: Slowking|Scald|p1a: aiko aiko\n|-resisted|p1a: aiko aiko\n|-damage|p1a: aiko aiko|68\/100 brn\n|\n|-heal|p1a: aiko aiko|74\/100 brn|[from] item: Leftovers\n|-damage|p1a: aiko aiko|68\/100 brn|[from] brn\n|-damage|p2a: Slowking|56\/100 brn|[from] brn\n|upkeep\n|turn|27\n|\n|t:|1638722877\n|move|p1a: aiko aiko|Moonblast|p2a: Slowking\n|-damage|p2a: Slowking|28\/100 brn\n|move|p2a: Slowking|Teleport|p2a: Slowking\n|\n|t:|1638722880\n|switch|p2a: Thundurus|Thundurus-Therian, M|37\/100|[from]move: Teleport\n|\n|-heal|p1a: aiko aiko|74\/100 brn|[from] item: Leftovers\n|-damage|p1a: aiko aiko|68\/100 brn|[from] brn\n|upkeep\n|turn|28\n|\n|t:|1638722884\n|switch|p1a: Excadrill|Excadrill, M|72\/100\n|-ability|p1a: Excadrill|Mold Breaker\n|move|p2a: Thundurus|Grass Knot|p1a: Excadrill\n|-damage|p1a: Excadrill|43\/100\n|\n|upkeep\n|turn|29\n|\n|t:|1638722888\n|switch|p2a: Salamence|Salamence, M|100\/100\n|-ability|p2a: Salamence|Intimidate|boost\n|-unboost|p1a: Excadrill|atk|1\n|switch|p1a: aiko aiko|Primarina, F|68\/100 brn\n|\n|-heal|p1a: aiko aiko|74\/100 brn|[from] item: Leftovers\n|-damage|p1a: aiko aiko|68\/100 brn|[from] brn\n|upkeep\n|turn|30\n|\n|t:|1638722896\n|move|p2a: Salamence|Hurricane|p1a: aiko aiko\n|-damage|p1a: aiko aiko|32\/100 brn\n|-start|p1a: aiko aiko|confusion\n|-activate|p1a: aiko aiko|confusion\n|move|p1a: aiko aiko|Moonblast|p2a: Salamence\n|-supereffective|p2a: Salamence\n|-damage|p2a: Salamence|8\/100\n|\n|-heal|p1a: aiko aiko|38\/100 brn|[from] item: Leftovers\n|-damage|p1a: aiko aiko|32\/100 brn|[from] brn\n|upkeep\n|turn|31\n|\n|t:|1638722903\n|switch|p1a: Moltres|Moltres|2\/100\n|move|p2a: Salamence|Hurricane|p1a: Moltres\n|-damage|p1a: Moltres|0 fnt\n|faint|p1a: Moltres\n|\n|upkeep\n|\n|t:|1638722906\n|switch|p1a: Excadrill|Excadrill, M|43\/100\n|-ability|p1a: Excadrill|Mold Breaker\n|turn|32\n|\n|t:|1638722908\n|move|p2a: Salamence|Flamethrower|p1a: Excadrill\n|-supereffective|p1a: Excadrill\n|-damage|p1a: Excadrill|0 fnt\n|faint|p1a: Excadrill\n|\n|upkeep\n|\n|t:|1638722911\n|switch|p1a: aiko aiko|Primarina, F|32\/100 brn\n|turn|33\n|\n|t:|1638722912\n|move|p2a: Salamence|Hurricane|p1a: aiko aiko|[miss]\n|-miss|p2a: Salamence|p1a: aiko aiko\n|move|p1a: aiko aiko|Rest|p1a: aiko aiko\n|-status|p1a: aiko aiko|slp|[from] move: Rest\n|-heal|p1a: aiko aiko|100\/100 slp|[silent]\n|\n|upkeep\n|turn|34\n|\n|t:|1638722915\n|move|p2a: Salamence|Hurricane|p1a: aiko aiko|[miss]\n|-miss|p2a: Salamence|p1a: aiko aiko\n|cant|p1a: aiko aiko|slp\n|move|p1a: aiko aiko|Sleep Talk|p1a: aiko aiko\n|move|p1a: aiko aiko|Moonblast|p2a: Salamence|[from]move: Sleep Talk\n|-supereffective|p2a: Salamence\n|-damage|p2a: Salamence|0 fnt\n|faint|p2a: Salamence\n|\n|upkeep\n|\n|t:|1638722918\n|switch|p2a: Thundurus|Thundurus-Therian, M|37\/100\n|turn|35\n|\n|t:|1638722919\n|move|p2a: Thundurus|Volt Switch|p1a: aiko aiko\n|-supereffective|p1a: aiko aiko\n|-damage|p1a: aiko aiko|38\/100 slp\n|\n|t:|1638722922\n|switch|p2a: Mienshao|Mienshao, F|100\/100|[from]move: Volt Switch\n|cant|p1a: aiko aiko|slp\n|move|p1a: aiko aiko|Sleep Talk|p1a: aiko aiko\n|move|p1a: aiko aiko|Rest||[from]move: Sleep Talk|[still]\n|-fail|p1a: aiko aiko\n|\n|-heal|p1a: aiko aiko|44\/100 slp|[from] item: Leftovers\n|upkeep\n|turn|36\n|\n|t:|1638722925\n|move|p2a: Mienshao|Poison Jab|p1a: aiko aiko\n|-supereffective|p1a: aiko aiko\n|-damage|p1a: aiko aiko|0 fnt\n|faint|p1a: aiko aiko\n|-damage|p2a: Mienshao|91\/100|[from] item: Life Orb\n|\n|win|ford focus 2028\n|c|\u2606ford focus 2028|gg\n|c|\u2606tolstoy|gg\n","uploadtime":1638722926,"views":895,"p1id":"tolstoy","p2id":"fordfocus2028","formatid":"gen8uu","rating":0,"private":0,"password":null}