{"id":"smogtours-gen7ou-565553","p1":"smogon gangster","p2":"not mb","format":"gen7ou","log":"|inactive|Battle timer is ON: inactive players will automatically lose when time's up.\n|t:|1623379373\n|gametype|singles\n|player|p1|smogon gangster|169|\n|player|p2|not mb|2|\n|teamsize|p1|6\n|teamsize|p2|6\n|gen|7\n|tier|[Gen 7] OU\n|rule|Sleep Clause Mod: Limit one foe put to sleep\n|rule|Species Clause: Limit one of each Pok\u00e9mon\n|rule|OHKO Clause: OHKO moves are banned\n|rule|Moody Clause: Moody is banned\n|rule|Evasion Moves Clause: Evasion moves are banned\n|rule|Endless Battle Clause: Forcing endless battles is banned\n|rule|HP Percentage Mod: HP is shown in percentages\n|clearpoke\n|poke|p1|Serperior, M|item\n|poke|p1|Zapdos|item\n|poke|p1|Tapu Fini|item\n|poke|p1|Gallade, M|item\n|poke|p1|Heatran, F|item\n|poke|p1|Landorus-Therian, M|item\n|poke|p2|Mawile, M|item\n|poke|p2|Greninja, M|item\n|poke|p2|Tapu Bulu|item\n|poke|p2|Landorus-Therian, M|item\n|poke|p2|Rotom-Wash|item\n|poke|p2|Heatran, F|item\n|teampreview\n|inactive|smogon gangster has 270 seconds left.\n|inactive|not mb has 270 seconds left.\n|\n|t:|1623379416\n|start\n|switch|p1a: Serperior|Serperior, M|100\/100\n|switch|p2a: Greninja|Greninja, M|100\/100\n|turn|1\n|\n|t:|1623379435\n|switch|p1a: Heatran|Heatran, F|100\/100\n|move|p2a: Greninja|Gunk Shot|p1a: Heatran\n|-start|p2a: Greninja|typechange|Poison|[from] ability: Protean\n|-immune|p1a: Heatran\n|\n|upkeep\n|turn|2\n|\n|t:|1623379440\n|move|p2a: Greninja|U-turn|p1a: Heatran\n|-start|p2a: Greninja|typechange|Bug|[from] ability: Protean\n|-resisted|p1a: Heatran\n|-damage|p1a: Heatran|94\/100\n|\n|t:|1623379448\n|switch|p2a: Heatran|Heatran, F|100\/100|[from]move: U-turn\n|move|p1a: Heatran|Stealth Rock|p2a: Heatran\n|-sidestart|p2: not mb|move: Stealth Rock\n|\n|-heal|p1a: Heatran|99\/100|[from] item: Leftovers\n|upkeep\n|turn|3\n|\n|t:|1623379456\n|move|p2a: Heatran|Stealth Rock|p1a: Heatran\n|-sidestart|p1: smogon gangster|move: Stealth Rock\n|move|p1a: Heatran|Earth Power|p2a: Heatran\n|-supereffective|p2a: Heatran\n|-damage|p2a: Heatran|29\/100\n|-unboost|p2a: Heatran|spd|1\n|\n|-heal|p2a: Heatran|35\/100|[from] item: Leftovers\n|-heal|p1a: Heatran|100\/100|[from] item: Leftovers\n|upkeep\n|turn|4\n|\n|t:|1623379460\n|switch|p2a: Rotom|Rotom-Wash|100\/100\n|-damage|p2a: Rotom|88\/100|[from] Stealth Rock\n|move|p1a: Heatran|Earth Power|p2a: Rotom\n|-immune|p2a: Rotom|[from] ability: Levitate\n|\n|-heal|p2a: Rotom|94\/100|[from] item: Leftovers\n|upkeep\n|turn|5\n|\n|t:|1623379472\n|move|p1a: Heatran|Magma Storm|p2a: Rotom\n|-resisted|p2a: Rotom\n|-damage|p2a: Rotom|76\/100\n|-activate|p2a: Rotom|move: Magma Storm|[of] p1a: Heatran\n|move|p2a: Rotom|Hydro Pump|p1a: Heatran\n|-supereffective|p1a: Heatran\n|-damage|p1a: Heatran|49\/100\n|\n|-heal|p1a: Heatran|55\/100|[from] item: Leftovers\n|-heal|p2a: Rotom|82\/100|[from] item: Leftovers\n|-damage|p2a: Rotom|70\/100|[from] move: Magma Storm|[partiallytrapped]\n|upkeep\n|turn|6\n|\n|t:|1623379489\n|switch|p1a: Serperior|Serperior, M|100\/100\n|-damage|p1a: Serperior|88\/100|[from] Stealth Rock\n|move|p2a: Rotom|Volt Switch|p1a: Serperior\n|-resisted|p1a: Serperior\n|-damage|p1a: Serperior|72\/100\n|\n|t:|1623379493\n|switch|p2a: Greninja|Greninja, M|100\/100|[from]move: Volt Switch\n|-damage|p2a: Greninja|88\/100|[from] Stealth Rock\n|\n|upkeep\n|turn|7\n|inactive|smogon gangster has 270 seconds left.\n|\n|t:|1623379536\n|switch|p1a: Heatran|Heatran, F|55\/100\n|-damage|p1a: Heatran|43\/100|[from] Stealth Rock\n|move|p2a: Greninja|U-turn|p1a: Heatran\n|-start|p2a: Greninja|typechange|Bug|[from] ability: Protean\n|-resisted|p1a: Heatran\n|-damage|p1a: Heatran|37\/100\n|\n|t:|1623379553\n|switch|p2a: Rotom|Rotom-Wash|70\/100|[from]move: U-turn\n|-damage|p2a: Rotom|58\/100|[from] Stealth Rock\n|\n|-heal|p1a: Heatran|43\/100|[from] item: Leftovers\n|-heal|p2a: Rotom|64\/100|[from] item: Leftovers\n|upkeep\n|turn|8\n|inactive|smogon gangster has 270 seconds left.\n|inactive|not mb has 270 seconds left.\n|\n|t:|1623379575\n|switch|p1a: Serperior|Serperior, M|72\/100\n|-damage|p1a: Serperior|60\/100|[from] Stealth Rock\n|move|p2a: Rotom|Volt Switch|p1a: Serperior\n|-resisted|p1a: Serperior\n|-damage|p1a: Serperior|45\/100\n|\n|t:|1623379601\n|switch|p2a: Greninja|Greninja, M|88\/100|[from]move: Volt Switch\n|-damage|p2a: Greninja|76\/100|[from] Stealth Rock\n|\n|upkeep\n|turn|9\n|inactive|smogon gangster has 270 seconds left.\n|\n|t:|1623379622\n|switch|p1a: Heatran|Heatran, F|43\/100\n|-damage|p1a: Heatran|31\/100|[from] Stealth Rock\n|move|p2a: Greninja|Ice Beam|p1a: Heatran\n|-start|p2a: Greninja|typechange|Ice|[from] ability: Protean\n|-resisted|p1a: Heatran\n|-damage|p1a: Heatran|26\/100\n|\n|-heal|p1a: Heatran|32\/100|[from] item: Leftovers\n|upkeep\n|turn|10\n|\n|t:|1623379629\n|move|p2a: Greninja|U-turn|p1a: Heatran\n|-start|p2a: Greninja|typechange|Bug|[from] ability: Protean\n|-resisted|p1a: Heatran\n|-damage|p1a: Heatran|26\/100\n|\n|t:|1623379631\n|switch|p2a: Heatran|Heatran, F|35\/100|[from]move: U-turn\n|-damage|p2a: Heatran|23\/100|[from] Stealth Rock\n|move|p1a: Heatran|Magma Storm|p2a: Heatran\n|-start|p2a: Heatran|ability: Flash Fire\n|\n|-heal|p2a: Heatran|29\/100|[from] item: Leftovers\n|-heal|p1a: Heatran|32\/100|[from] item: Leftovers\n|upkeep\n|turn|11\n|inactive|smogon gangster has 270 seconds left.\n|inactive|not mb has 240 seconds left.\n|inactive|smogon gangster has 240 seconds left.\n|\n|t:|1623379689\n|move|p2a: Heatran|Earth Power|p1a: Heatran\n|-supereffective|p1a: Heatran\n|-damage|p1a: Heatran|0 fnt\n|faint|p1a: Heatran\n|\n|-heal|p2a: Heatran|35\/100|[from] item: Leftovers\n|upkeep\n|\n|t:|1623379692\n|switch|p1a: Gallade|Gallade, M|100\/100\n|-damage|p1a: Gallade|94\/100|[from] Stealth Rock\n|turn|12\n|inactive|not mb has 240 seconds left.\n|inactive|smogon gangster has 240 seconds left.\n|\n|t:|1623379703\n|-end|p2a: Heatran|ability: Flash Fire|[silent]\n|switch|p2a: Tapu Bulu|Tapu Bulu|100\/100\n|-damage|p2a: Tapu Bulu|88\/100|[from] Stealth Rock\n|-fieldstart|move: Grassy Terrain|[from] ability: Grassy Surge|[of] p2a: Tapu Bulu\n|detailschange|p1a: Gallade|Gallade-Mega, M\n|-mega|p1a: Gallade|Gallade|Galladite\n|move|p1a: Gallade|Close Combat|p2a: Tapu Bulu\n|-resisted|p2a: Tapu Bulu\n|-damage|p2a: Tapu Bulu|55\/100\n|-unboost|p1a: Gallade|def|1\n|-unboost|p1a: Gallade|spd|1\n|\n|-heal|p1a: Gallade|100\/100|[from] Grassy Terrain\n|-heal|p2a: Tapu Bulu|61\/100|[from] Grassy Terrain\n|-heal|p2a: Tapu Bulu|67\/100|[from] item: Leftovers\n|upkeep\n|turn|13\n|inactive|not mb has 240 seconds left.\n|inactive|smogon gangster has 240 seconds left.\n|\n|t:|1623379720\n|switch|p1a: Zapdos|Zapdos|100\/100\n|-damage|p1a: Zapdos|76\/100|[from] Stealth Rock\n|-ability|p1a: Zapdos|Pressure\n|switch|p2a: Mawile|Mawile, M|100\/100\n|-damage|p2a: Mawile|95\/100|[from] Stealth Rock\n|-ability|p2a: Mawile|Intimidate|boost\n|-unboost|p1a: Zapdos|atk|1\n|\n|-heal|p2a: Mawile|100\/100|[from] Grassy Terrain\n|upkeep\n|turn|14\n|\n|t:|1623379736\n|detailschange|p2a: Mawile|Mawile-Mega, M\n|-mega|p2a: Mawile|Mawile|Mawilite\n|move|p1a: Zapdos|Volt Switch|p2a: Mawile\n|-damage|p2a: Mawile|58\/100\n|\n|t:|1623379742\n|switch|p1a: Tapu Fini|Tapu Fini|100\/100|[from]move: Volt Switch\n|-damage|p1a: Tapu Fini|88\/100|[from] Stealth Rock\n|-fieldstart|move: Misty Terrain|[from] ability: Misty Surge|[of] p1a: Tapu Fini\n|move|p2a: Mawile|Ice Punch|p1a: Tapu Fini\n|-resisted|p1a: Tapu Fini\n|-damage|p1a: Tapu Fini|68\/100\n|\n|-heal|p1a: Tapu Fini|74\/100|[from] item: Leftovers\n|upkeep\n|turn|15\n|inactive|smogon gangster has 240 seconds left.\n|\n|t:|1623379759\n|move|p1a: Tapu Fini|Nature's Madness|p2a: Mawile\n|-damage|p2a: Mawile|29\/100\n|move|p2a: Mawile|Play Rough|p1a: Tapu Fini|[miss]\n|-miss|p2a: Mawile|p1a: Tapu Fini\n|\n|-heal|p1a: Tapu Fini|80\/100|[from] item: Leftovers\n|upkeep\n|turn|16\n|inactive|not mb has 240 seconds left.\n|\n|t:|1623379770\n|move|p1a: Tapu Fini|Moonblast|p2a: Mawile\n|-resisted|p2a: Mawile\n|-damage|p2a: Mawile|6\/100\n|-unboost|p2a: Mawile|spa|1\n|move|p2a: Mawile|Thunder Punch|p1a: Tapu Fini\n|-supereffective|p1a: Tapu Fini\n|-damage|p1a: Tapu Fini|0 fnt\n|faint|p1a: Tapu Fini\n|\n|upkeep\n|inactive|smogon gangster has 240 seconds left.\n|\n|t:|1623379794\n|switch|p1a: Gallade|Gallade-Mega, M|100\/100\n|-damage|p1a: Gallade|94\/100|[from] Stealth Rock\n|turn|17\n|inactive|smogon gangster has 240 seconds left.\n|inactive|not mb has 240 seconds left.\n|\n|t:|1623379806\n|move|p1a: Gallade|Zen Headbutt|p2a: Mawile\n|-resisted|p2a: Mawile\n|-damage|p2a: Mawile|0 fnt\n|faint|p2a: Mawile\n|\n|upkeep\n|inactive|not mb has 240 seconds left.\n|\n|t:|1623379821\n|switch|p2a: Greninja|Greninja, M|76\/100\n|-damage|p2a: Greninja|64\/100|[from] Stealth Rock\n|turn|18\n|\n|t:|1623379830\n|move|p2a: Greninja|U-turn|p1a: Gallade\n|-start|p2a: Greninja|typechange|Bug|[from] ability: Protean\n|-damage|p1a: Gallade|55\/100\n|\n|t:|1623379834\n|switch|p2a: Landorus|Landorus-Therian, M|100\/100|[from]move: U-turn\n|-damage|p2a: Landorus|88\/100|[from] Stealth Rock\n|-ability|p2a: Landorus|Intimidate|boost\n|-unboost|p1a: Gallade|atk|1\n|move|p1a: Gallade|Zen Headbutt|p2a: Landorus\n|-damage|p2a: Landorus|53\/100\n|\n|-fieldend|Misty Terrain\n|upkeep\n|turn|19\n|inactive|not mb has 240 seconds left.\n|\n|t:|1623379861\n|move|p2a: Landorus|U-turn|p1a: Gallade\n|-damage|p1a: Gallade|23\/100\n|\n|t:|1623379875\n|switch|p2a: Heatran|Heatran, F|35\/100|[from]move: U-turn\n|-damage|p2a: Heatran|23\/100|[from] Stealth Rock\n|move|p1a: Gallade|Zen Headbutt|p2a: Heatran\n|-resisted|p2a: Heatran\n|-damage|p2a: Heatran|9\/100\n|\n|-heal|p2a: Heatran|15\/100|[from] item: Leftovers\n|upkeep\n|turn|20\n|\n|t:|1623379887\n|move|p1a: Gallade|Close Combat|p2a: Heatran\n|-supereffective|p2a: Heatran\n|-damage|p2a: Heatran|0 fnt\n|-unboost|p1a: Gallade|def|1\n|-unboost|p1a: Gallade|spd|1\n|faint|p2a: Heatran\n|\n|upkeep\n|\n|t:|1623379891\n|switch|p2a: Greninja|Greninja, M|64\/100\n|-damage|p2a: Greninja|51\/100|[from] Stealth Rock\n|turn|21\n|\n|t:|1623379910\n|switch|p1a: Serperior|Serperior, M|45\/100\n|-damage|p1a: Serperior|33\/100|[from] Stealth Rock\n|move|p2a: Greninja|Ice Beam|p1a: Serperior\n|-start|p2a: Greninja|typechange|Ice|[from] ability: Protean\n|-supereffective|p1a: Serperior\n|-damage|p1a: Serperior|0 fnt\n|faint|p1a: Serperior\n|\n|upkeep\n|\n|t:|1623379911\n|switch|p1a: Landorus|Landorus-Therian, M|100\/100\n|-damage|p1a: Landorus|88\/100|[from] Stealth Rock\n|-ability|p1a: Landorus|Intimidate|boost\n|-unboost|p2a: Greninja|atk|1\n|turn|22\n|\n|t:|1623379922\n|switch|p2a: Landorus|Landorus-Therian, M|53\/100\n|-damage|p2a: Landorus|41\/100|[from] Stealth Rock\n|-ability|p2a: Landorus|Intimidate|boost\n|-unboost|p1a: Landorus|atk|1\n|move|p1a: Landorus|U-turn|p2a: Landorus\n|-resisted|p2a: Landorus\n|-damage|p2a: Landorus|30\/100\n|\n|t:|1623379928\n|switch|p1a: Zapdos|Zapdos|76\/100|[from]move: U-turn\n|-damage|p1a: Zapdos|51\/100|[from] Stealth Rock\n|-ability|p1a: Zapdos|Pressure\n|\n|upkeep\n|turn|23\n|\n|t:|1623379941\n|move|p2a: Landorus|Stone Edge|p1a: Zapdos\n|-supereffective|p1a: Zapdos\n|-crit|p1a: Zapdos\n|-damage|p1a: Zapdos|0 fnt\n|faint|p1a: Zapdos\n|\n|upkeep\n|\n|t:|1623379945\n|switch|p1a: Gallade|Gallade-Mega, M|23\/100\n|-damage|p1a: Gallade|16\/100|[from] Stealth Rock\n|turn|24\n|\n|t:|1623379949\n|move|p2a: Landorus|Stone Edge|p1a: Gallade\n|-resisted|p1a: Gallade\n|-damage|p1a: Gallade|0 fnt\n|faint|p1a: Gallade\n|\n|upkeep\n|\n|t:|1623379951\n|switch|p1a: Landorus|Landorus-Therian, M|88\/100\n|-damage|p1a: Landorus|76\/100|[from] Stealth Rock\n|-ability|p1a: Landorus|Intimidate|boost\n|-unboost|p2a: Landorus|atk|1\n|turn|25\n|\n|t:|1623379956\n|switch|p2a: Tapu Bulu|Tapu Bulu|67\/100\n|-damage|p2a: Tapu Bulu|55\/100|[from] Stealth Rock\n|-fieldstart|move: Grassy Terrain|[from] ability: Grassy Surge|[of] p2a: Tapu Bulu\n|move|p1a: Landorus|Stone Edge|p2a: Tapu Bulu\n|-damage|p2a: Tapu Bulu|23\/100\n|\n|-heal|p2a: Tapu Bulu|29\/100|[from] Grassy Terrain\n|-heal|p2a: Tapu Bulu|35\/100|[from] item: Leftovers\n|upkeep\n|turn|26\n|\n|t:|1623379965\n|move|p2a: Tapu Bulu|Protect|p2a: Tapu Bulu\n|-singleturn|p2a: Tapu Bulu|Protect\n|move|p1a: Landorus|Stone Edge|p2a: Tapu Bulu\n|-activate|p2a: Tapu Bulu|move: Protect\n|\n|-heal|p2a: Tapu Bulu|41\/100|[from] Grassy Terrain\n|-heal|p2a: Tapu Bulu|47\/100|[from] item: Leftovers\n|upkeep\n|turn|27\n|\n|t:|1623379968\n|switch|p2a: Landorus|Landorus-Therian, M|30\/100\n|-damage|p2a: Landorus|18\/100|[from] Stealth Rock\n|-ability|p2a: Landorus|Intimidate|boost\n|-unboost|p1a: Landorus|atk|1\n|move|p1a: Landorus|Stone Edge|p2a: Landorus|[miss]\n|-miss|p1a: Landorus|p2a: Landorus\n|\n|upkeep\n|turn|28\n|\n|t:|1623379974\n|move|p2a: Landorus|Defog|p1a: Landorus\n|-unboost|p1a: Landorus|evasion|1\n|-sideend|p1: smogon gangster|Stealth Rock|[from] move: Defog|[of] p2a: Landorus\n|-sideend|p2: not mb|Stealth Rock|[from] move: Defog|[of] p2a: Landorus\n|move|p1a: Landorus|Stone Edge|p2a: Landorus\n|-damage|p2a: Landorus|0 fnt\n|faint|p2a: Landorus\n|\n|upkeep\n|\n|t:|1623379978\n|switch|p2a: Greninja|Greninja, M|51\/100\n|turn|29\n|\n|t:|1623379984\n|move|p1a: Landorus|Stone Edge|p2a: Greninja\n|-damage|p2a: Greninja|4\/100\n|move|p2a: Greninja|Dig||[still]\n|-prepare|p2a: Greninja|Dig\n|-start|p2a: Greninja|typechange|Ground|[from] ability: Protean\n|\n|-fieldend|move: Grassy Terrain\n|upkeep\n|turn|30\n|\n|t:|1623379988\n|move|p1a: Landorus|Stone Edge|p2a: Greninja|[miss]\n|-miss|p1a: Landorus|p2a: Greninja\n|move|p2a: Greninja|Dig|p1a: Landorus|[from]lockedmove\n|-immune|p1a: Landorus\n|\n|upkeep\n|turn|31\n|-message|smogon gangster forfeited.\n|\n|win|not mb\n","uploadtime":1623379993,"views":57,"p1id":"smogongangster","p2id":"notmb","formatid":"gen7ou","rating":0,"private":0,"password":null}