{"id":"smogtours-gen8nationaldex-646627","p1":"hump","p2":"Faygos","format":"gen8nationaldex","log":"|inactive|Battle timer is ON: inactive players will automatically lose when time's up.\n|t:|1662327573\n|gametype|singles\n|player|p1|hump|dawn-masters|\n|player|p2|Faygos|265|\n|teamsize|p1|6\n|teamsize|p2|6\n|gen|8\n|tier|[Gen 8] National Dex\n|rule|HP Percentage Mod: HP is shown in percentages\n|rule|Endless Battle Clause: Forcing endless battles is banned\n|rule|OHKO Clause: OHKO moves are banned\n|rule|Evasion Moves Clause: Evasion moves are banned\n|rule|Species Clause: Limit one of each Pok\u00e9mon\n|rule|Dynamax Clause: You cannot dynamax\n|rule|Sleep Clause Mod: Limit one foe put to sleep\n|clearpoke\n|poke|p1|Landorus-Therian, M|\n|poke|p1|Araquanid, M|\n|poke|p1|Tapu Lele|\n|poke|p1|Xurkitree|\n|poke|p1|Mawile, M|\n|poke|p1|Kartana|\n|poke|p2|Serperior, F|\n|poke|p2|Absol, M|\n|poke|p2|Buzzwole|\n|poke|p2|Medicham, M|\n|poke|p2|Victini|\n|poke|p2|Landorus-Therian, M|\n|teampreview\n|inactive|hump also wants the timer to be on.\n|inactive|Faygos also wants the timer to be on.\n|\n|t:|1662327586\n|start\n|switch|p1a: CHE DIRANNO|Landorus-Therian, M|100\/100\n|switch|p2a: Absol|Absol, M|100\/100\n|-ability|p1a: CHE DIRANNO|Intimidate|boost\n|-unboost|p2a: Absol|atk|1\n|-ability|p2a: Absol|Pressure\n|turn|1\n|\n|t:|1662327590\n|detailschange|p2a: Absol|Absol-Mega, M\n|-mega|p2a: Absol|Absol|Absolite\n|move|p2a: Absol|Ice Beam|p1a: CHE DIRANNO\n|-supereffective|p1a: CHE DIRANNO\n|-enditem|p1a: CHE DIRANNO|Focus Sash\n|-damage|p1a: CHE DIRANNO|1\/100\n|move|p1a: CHE DIRANNO|Explosion|p2a: Absol\n|-damage|p2a: Absol|0 fnt\n|faint|p1a: CHE DIRANNO\n|faint|p2a: Absol\n|\n|upkeep\n|\n|t:|1662327606\n|switch|p2a: Serperior|Serperior, F|100\/100\n|switch|p1a: I GIORNALI|Araquanid, M|100\/100\n|turn|2\n|\n|t:|1662327611\n|move|p2a: Serperior|Leaf Storm|p1a: I GIORNALI\n|-damage|p1a: I GIORNALI|72\/100\n|-boost|p2a: Serperior|spa|2\n|move|p1a: I GIORNALI|Toxic|p2a: Serperior\n|-status|p2a: Serperior|tox\n|\n|-damage|p2a: Serperior|94\/100 tox|[from] psn\n|upkeep\n|turn|3\n|\n|t:|1662327614\n|move|p2a: Serperior|Leaf Storm|p1a: I GIORNALI\n|-damage|p1a: I GIORNALI|15\/100\n|-boost|p2a: Serperior|spa|2\n|move|p1a: I GIORNALI|Sticky Web|p2a: Serperior\n|-sidestart|p2: Faygos|move: Sticky Web\n|\n|-damage|p2a: Serperior|82\/100 tox|[from] psn\n|upkeep\n|turn|4\n|-enditem|p1a: I GIORNALI|Custap Berry|[eat]\n|-activate|p1a: I GIORNALI|item: Custap Berry|[consumed]\n|\n|t:|1662327617\n|move|p1a: I GIORNALI|Liquidation|p2a: Serperior\n|-resisted|p2a: Serperior\n|-damage|p2a: Serperior|50\/100 tox\n|move|p2a: Serperior|Leaf Storm|p1a: I GIORNALI|[miss]\n|-miss|p2a: Serperior|p1a: I GIORNALI\n|\n|-damage|p2a: Serperior|31\/100 tox|[from] psn\n|upkeep\n|turn|5\n|\n|t:|1662327620\n|move|p2a: Serperior|Leaf Storm|p1a: I GIORNALI\n|-damage|p1a: I GIORNALI|0 fnt\n|-boost|p2a: Serperior|spa|2\n|faint|p1a: I GIORNALI\n|\n|-damage|p2a: Serperior|6\/100 tox|[from] psn\n|upkeep\n|\n|t:|1662327626\n|switch|p1a: LECCACULO|Tapu Lele|100\/100\n|-fieldstart|move: Psychic Terrain|[from] ability: Psychic Surge|[of] p1a: LECCACULO\n|turn|6\n|\n|t:|1662327628\n|move|p1a: LECCACULO|Moonblast|p2a: Serperior\n|-damage|p2a: Serperior|0 fnt\n|faint|p2a: Serperior\n|\n|upkeep\n|\n|t:|1662327635\n|switch|p2a: Victini|Victini|100\/100\n|-activate|p2a: Victini|move: Sticky Web\n|-unboost|p2a: Victini|spe|1\n|turn|7\n|\n|t:|1662327643\n|move|p1a: LECCACULO|Moonblast|p2a: Victini\n|-resisted|p2a: Victini\n|-damage|p2a: Victini|76\/100\n|-zpower|p2a: Victini\n|move|p2a: Victini|Z-Celebrate|p2a: Victini|[anim]Celebrate\n|-boost|p2a: Victini|atk|1|[zeffect]\n|-boost|p2a: Victini|def|1|[zeffect]\n|-boost|p2a: Victini|spa|1|[zeffect]\n|-boost|p2a: Victini|spd|1|[zeffect]\n|-boost|p2a: Victini|spe|1|[zeffect]\n|-activate|p2a: Victini|move: Celebrate\n|\n|upkeep\n|turn|8\n|\n|t:|1662327648\n|switch|p1a: DELL'ANNO|Xurkitree|100\/100\n|move|p2a: Victini|Searing Shot|p1a: DELL'ANNO\n|-damage|p1a: DELL'ANNO|0 fnt\n|faint|p1a: DELL'ANNO\n|\n|upkeep\n|\n|t:|1662327663\n|switch|p1a: VAFFANCULO|Kartana|100\/100\n|turn|9\n|\n|t:|1662327667\n|-zpower|p1a: VAFFANCULO\n|move|p1a: VAFFANCULO|Corkscrew Crash|p2a: Victini|[zeffect]\n|-resisted|p2a: Victini\n|-damage|p2a: Victini|45\/100\n|move|p2a: Victini|Searing Shot|p1a: VAFFANCULO\n|-supereffective|p1a: VAFFANCULO\n|-damage|p1a: VAFFANCULO|0 fnt\n|faint|p1a: VAFFANCULO\n|\n|upkeep\n|\n|t:|1662327669\n|switch|p1a: LECCACULO|Tapu Lele|100\/100\n|turn|10\n|\n|t:|1662327672\n|move|p1a: LECCACULO|Moonblast|p2a: Victini\n|-resisted|p2a: Victini\n|-damage|p2a: Victini|31\/100\n|move|p2a: Victini|Searing Shot|p1a: LECCACULO\n|-damage|p1a: LECCACULO|23\/100\n|\n|-fieldend|move: Psychic Terrain\n|upkeep\n|turn|11\n|\n|t:|1662327677\n|move|p1a: LECCACULO|Moonblast|p2a: Victini\n|-resisted|p2a: Victini\n|-damage|p2a: Victini|15\/100\n|move|p2a: Victini|Searing Shot|p1a: LECCACULO\n|-damage|p1a: LECCACULO|0 fnt\n|faint|p1a: LECCACULO\n|\n|upkeep\n|\n|t:|1662327678\n|switch|p1a: LA PROMESSA|Mawile, M|100\/100\n|-ability|p1a: LA PROMESSA|Intimidate|boost\n|-unboost|p2a: Victini|atk|1\n|turn|12\n|\n|t:|1662327681\n|move|p1a: LA PROMESSA|Sucker Punch|p2a: Victini\n|-supereffective|p2a: Victini\n|-damage|p2a: Victini|0 fnt\n|faint|p2a: Victini\n|\n|upkeep\n|\n|t:|1662327686\n|switch|p2a: Landorus|Landorus-Therian, M|100\/100\n|-ability|p2a: Landorus|Intimidate|boost\n|-unboost|p1a: LA PROMESSA|atk|1\n|turn|13\n|\n|t:|1662327688\n|detailschange|p1a: LA PROMESSA|Mawile-Mega, M\n|-mega|p1a: LA PROMESSA|Mawile|Mawilite\n|move|p2a: Landorus|Earthquake|p1a: LA PROMESSA\n|-supereffective|p1a: LA PROMESSA\n|-damage|p1a: LA PROMESSA|0 fnt\n|faint|p1a: LA PROMESSA\n|\n|win|Faygos\n","uploadtime":1662327689,"views":19,"p1id":"hump","p2id":"faygos","formatid":"gen8nationaldex","rating":0,"private":0,"password":null}