{"id":"smogtours-ou-55891","p1":"Malekith","p2":"Marshall.Law","format":"ou","log":"|inactive|Battle timer is ON: inactive players will automatically lose when time's up.\n|J|Malekith\n|J|Marshall.Law\n|player|p1|Malekith|151\n|player|p2|Marshall.Law|2\n|gametype|singles\n|gen|6\n|tier|OU\n|clearpoke\n|poke|p1|Scolipede, F\n|poke|p1|Diancie\n|poke|p1|Reuniclus, M\n|poke|p1|Landorus, M\n|poke|p1|Ferrothorn, F\n|poke|p1|Raikou, shiny\n|poke|p2|Gliscor, F\n|poke|p2|Lopunny, M\n|poke|p2|Dragonite, M\n|poke|p2|Latias, F\n|poke|p2|Azumarill, M\n|poke|p2|Tyranitar, F\n|rule|Swagger Clause: Swagger is banned\n|rule|Baton Pass Clause: Limit one Pok\u00e9mon knowing Baton Pass\n|rule|Sleep Clause Mod: Limit one foe put to sleep\n|rule|Species Clause: Limit one of each Pok\u00e9mon\n|rule|OHKO Clause: OHKO moves are banned\n|rule|Moody Clause: Moody is banned\n|rule|Evasion Moves Clause: Evasion moves are banned\n|rule|Endless Battle Clause: Forcing endless battles is banned\n|rule|HP Percentage Mod: HP is shown in percentages\n|teampreview\n|c|\u2605Malekith|gl\n|c|\u2605Marshall.Law|u2\n|J|Randorix\n|J|ShinigamiZet\n|\n|start\n|switch|p1a: Scolipede|Scolipede, F|324\/324\n|switch|p2a: Dragonite|Dragonite, M|323\/323\n|turn|1\n|J|Rewer\n|L|Rewer\n|J|Tyrano\n|\n|move|p1a: Scolipede|Toxic Spikes|p2a: Dragonite\n|-sidestart|p2: Marshall.Law|move: Toxic Spikes\n|move|p2a: Dragonite|Earthquake|p1a: Scolipede\n|-damage|p1a: Scolipede|219\/324\n|\n|-boost|p1a: Scolipede|spe|1|[from] ability: Speed Boost\n|turn|2\n|\n|move|p1a: Scolipede|Iron Defense|p1a: Scolipede\n|-boost|p1a: Scolipede|def|2\n|move|p2a: Dragonite|Dragon Claw|p1a: Scolipede\n|-crit|p1a: Scolipede\n|-damage|p1a: Scolipede|5\/324\n|\n|-boost|p1a: Scolipede|spe|1|[from] ability: Speed Boost\n|turn|3\n|\n|move|p2a: Dragonite|Extreme Speed|p1a: Scolipede\n|-damage|p1a: Scolipede|0 fnt\n|faint|p1a: Scolipede\n|\n|c|\u2605Malekith|o\n|J|Get this Money\n|\n|switch|p1a: Ferrothorn|Ferrothorn, F|352\/352\n|turn|4\n|\n|switch|p2a: Tyranitar|Tyranitar, F|342\/342\n|-status|p2a: Tyranitar|psn\n|-weather|Sandstorm\n|move|p1a: Ferrothorn|Leech Seed|p2a: Tyranitar\n|-start|p2a: Tyranitar|move: Leech Seed\n|\n|-weather|Sandstorm|[upkeep]\n|-damage|p2a: Tyranitar|300\/342 psn|[from] Leech Seed|[of] p1a: Ferrothorn\n|-damage|p2a: Tyranitar|258\/342 psn|[from] psn\n|turn|5\n|J|River Martini\n|\n|move|p2a: Tyranitar|Stealth Rock|p1a: Ferrothorn\n|-sidestart|p1: Malekith|move: Stealth Rock\n|move|p1a: Ferrothorn|Stealth Rock|p2a: Tyranitar\n|-sidestart|p2: Marshall.Law|move: Stealth Rock\n|\n|-weather|Sandstorm|[upkeep]\n|-damage|p2a: Tyranitar|216\/342 psn|[from] Leech Seed|[of] p1a: Ferrothorn\n|-damage|p2a: Tyranitar|174\/342 psn|[from] psn\n|turn|6\n|\n|move|p2a: Tyranitar|Fire Punch|p1a: Ferrothorn\n|-supereffective|p1a: Ferrothorn\n|-damage|p1a: Ferrothorn|76\/352\n|-damage|p2a: Tyranitar|132\/342 psn|[from] ability: Iron Barbs|[of] p1a: Ferrothorn\n|move|p1a: Ferrothorn|Gyro Ball|p2a: Tyranitar\n|-supereffective|p2a: Tyranitar\n|-damage|p2a: Tyranitar|0 fnt\n|faint|p2a: Tyranitar\n|\n|-weather|Sandstorm|[upkeep]\n|\n|switch|p2a: Gliscor|Gliscor, F|352\/352\n|-damage|p2a: Gliscor|308\/352|[from] Stealth Rock\n|turn|7\n|L|Get this Money\n|\n|switch|p1a: Landorus|Landorus, M|319\/319\n|-damage|p1a: Landorus|280\/319|[from] Stealth Rock\n|move|p2a: Gliscor|Swords Dance|p2a: Gliscor\n|-boost|p2a: Gliscor|atk|2\n|\n|-weather|Sandstorm|[upkeep]\n|-status|p2a: Gliscor|tox|[from] item: Toxic Orb\n|turn|8\n|\n|switch|p1a: Ferrothorn|Ferrothorn, F|76\/352\n|-damage|p1a: Ferrothorn|54\/352|[from] Stealth Rock\n|move|p2a: Gliscor|Baton Pass|p2a: Gliscor\n|\n|switch|p2a: Lopunny|Lopunny, M|272\/272\n|-status|p2a: Lopunny|psn\n|-damage|p2a: Lopunny|238\/272 psn|[from] Stealth Rock\n|\n|-weather|none\n|-damage|p2a: Lopunny|204\/272 psn|[from] psn\n|turn|9\n|\n|detailschange|p2a: Lopunny|Lopunny-Mega, M\n|-mega|p2a: Lopunny|Lopunny|Lopunnite\n|move|p2a: Lopunny|Power-Up Punch|p1a: Ferrothorn\n|-supereffective|p1a: Ferrothorn\n|-damage|p1a: Ferrothorn|0 fnt\n|-damage|p2a: Lopunny|170\/272 psn|[from] ability: Iron Barbs|[of] p1a: Ferrothorn\n|-boost|p2a: Lopunny|atk|1\n|faint|p1a: Ferrothorn\n|\n|-damage|p2a: Lopunny|136\/272 psn|[from] psn\n|J|DennisEG\n|\n|switch|p1a: Reuniclus|Reuniclus, M|421\/421\n|turn|10\n|\n|move|p2a: Lopunny|Frustration|p1a: Reuniclus\n|-damage|p1a: Reuniclus|417\/421\n|move|p1a: Reuniclus|Psyshock|p2a: Lopunny\n|-supereffective|p2a: Lopunny\n|-damage|p2a: Lopunny|0 fnt\n|faint|p2a: Lopunny\n|\n|c|\u2605Marshall.Law|what\n|L|DennisEG\n|\n|switch|p2a: Gliscor|Gliscor, F|308\/352 tox\n|-damage|p2a: Gliscor|264\/352 tox|[from] Stealth Rock\n|turn|11\n|c|+Tyrano|strong\n|c|\u2605Marshall.Law|i don't understand\n|L|River Martini\n|c|+Tyrano|your lopunny is too happy\n|\n|move|p2a: Gliscor|Swords Dance|p2a: Gliscor\n|-boost|p2a: Gliscor|atk|2\n|move|p1a: Reuniclus|Calm Mind|p1a: Reuniclus\n|-boost|p1a: Reuniclus|spa|1\n|-boost|p1a: Reuniclus|spd|1\n|\n|-heal|p2a: Gliscor|308\/352 tox|[from] ability: Poison Heal\n|turn|12\n|\n|move|p2a: Gliscor|Swords Dance|p2a: Gliscor\n|-boost|p2a: Gliscor|atk|2\n|move|p1a: Reuniclus|Psyshock|p2a: Gliscor\n|-damage|p2a: Gliscor|164\/352 tox\n|\n|-heal|p2a: Gliscor|208\/352 tox|[from] ability: Poison Heal\n|turn|13\n|\n|move|p2a: Gliscor|Agility|p2a: Gliscor\n|-boost|p2a: Gliscor|spe|2\n|move|p1a: Reuniclus|Psyshock|p2a: Gliscor\n|-damage|p2a: Gliscor|75\/352 tox\n|\n|-heal|p2a: Gliscor|119\/352 tox|[from] ability: Poison Heal\n|turn|14\n|\n|move|p2a: Gliscor|Roost|p2a: Gliscor\n|-heal|p2a: Gliscor|295\/352 tox\n|move|p1a: Reuniclus|Psyshock|p2a: Gliscor\n|-damage|p2a: Gliscor|150\/352 tox\n|\n|-heal|p2a: Gliscor|194\/352 tox|[from] ability: Poison Heal\n|turn|15\n|\n|move|p2a: Gliscor|Swords Dance|p2a: Gliscor\n|-boost|p2a: Gliscor|atk|2\n|move|p1a: Reuniclus|Calm Mind|p1a: Reuniclus\n|-boost|p1a: Reuniclus|spa|1\n|-boost|p1a: Reuniclus|spd|1\n|\n|-heal|p2a: Gliscor|238\/352 tox|[from] ability: Poison Heal\n|turn|16\n|\n|move|p2a: Gliscor|Baton Pass|p2a: Gliscor\n|\n|switch|p2a: Dragonite|Dragonite, M|323\/323\n|-damage|p2a: Dragonite|243\/323|[from] Stealth Rock\n|move|p1a: Reuniclus|Psyshock|p2a: Dragonite\n|-damage|p2a: Dragonite|15\/323\n|\n|turn|17\n|\n|move|p2a: Dragonite|Dragon Claw|p1a: Reuniclus\n|-damage|p1a: Reuniclus|0 fnt\n|faint|p1a: Reuniclus\n|\n|c|\u2605Malekith|gg\n|c|\u2605Malekith|I played pretty bad this \n|\n|switch|p1a: Diancie|Diancie|241\/241\n|-damage|p1a: Diancie|211\/241|[from] Stealth Rock\n|turn|18\n|c|\u2605Marshall.Law|gg\n|\n|detailschange|p1a: Diancie|Diancie-Mega\n|-mega|p1a: Diancie|Diancie|Diancite\n|move|p2a: Dragonite|Iron Head|p1a: Diancie\n|-supereffective|p1a: Diancie\n|-damage|p1a: Diancie|0 fnt\n|faint|p1a: Diancie\n|\n|\n|switch|p1a: Landorus|Landorus, M|280\/319\n|-damage|p1a: Landorus|241\/319|[from] Stealth Rock\n|turn|19\n|\n|move|p2a: Dragonite|Extreme Speed|p1a: Landorus\n|-damage|p1a: Landorus|0 fnt\n|faint|p1a: Landorus\n|\n|-message|Malekith forfeited.\n|\n|win|Marshall.Law\n|L|Malekith\n|player|p1\n|L|Marshall.Law\n|player|p2\n|L|Tyrano\n|J|Marshall.Law","inputlog":null,"uploadtime":1430492739,"views":883,"p1id":"malekith","p2id":"marshalllaw","formatid":"ou","rating":0,"private":0,"password":null}