{"id":"smogtours-gen8nfe-646390","p1":"PandaDoux\u2665\u2661\u32db\u2605\u2729","p2":"Skysolo \u2764","format":"gen8nfe","log":"|inactive|Battle timer is ON: inactive players will automatically lose when time's up.\n|t:|1662299674\n|gametype|singles\n|player|p1|PandaDoux\u2665\u2661\u32db\u2605\u2729|#omplxtempertyrantrums|\n|player|p2|Skysolo \u2764|#pspl2019ubers|\n|teamsize|p1|6\n|teamsize|p2|6\n|gen|8\n|tier|[Gen 8] NFE\n|rule|Species Clause: Limit one of each Pok\u00e9mon\n|rule|OHKO Clause: OHKO moves are banned\n|rule|Evasion Moves Clause: Evasion moves are banned\n|rule|Endless Battle Clause: Forcing endless battles is banned\n|rule|Dynamax Clause: You cannot dynamax\n|rule|HP Percentage Mod: HP is shown in percentages\n|rule|Sleep Clause Mod: Limit one foe put to sleep\n|clearpoke\n|poke|p1|Electabuzz, F|\n|poke|p1|Hattrem, F|\n|poke|p1|Piloswine, M|\n|poke|p1|Raboot, F|\n|poke|p1|Roselia, F|\n|poke|p1|Vullaby, F|\n|poke|p2|Wartortle, M|\n|poke|p2|Lampent, F|\n|poke|p2|Tangela, M|\n|poke|p2|Electabuzz, F|\n|poke|p2|Piloswine, M|\n|poke|p2|Vullaby, F|\n|teampreview\n|c|\u2606PandaDoux\u2665\u2661\u32db\u2605\u2729|hf\n|c|\u2606Skysolo \u2764|u2\n|inactive|PandaDoux\u2665\u2661\u32db\u2605\u2729 has 270 seconds left.\n|inactive|Skysolo \u2764 has 270 seconds left.\n|inactive|Skysolo \u2764 has 240 seconds left.\n|\n|t:|1662299753\n|start\n|switch|p1a: Roselia|Roselia, F|100\/100\n|switch|p2a: Tangela|Tangela, M|100\/100\n|turn|1\n|\n|t:|1662299762\n|switch|p2a: Vullaby|Vullaby, F|100\/100\n|move|p1a: Roselia|Sludge Bomb|p2a: Vullaby\n|-damage|p2a: Vullaby|82\/100\n|-status|p2a: Vullaby|psn\n|\n|-damage|p2a: Vullaby|70\/100 psn|[from] psn\n|upkeep\n|turn|2\n|\n|t:|1662299778\n|move|p1a: Roselia|Spikes|p2a: Vullaby\n|-sidestart|p2: Skysolo \u2764|Spikes\n|move|p2a: Vullaby|Knock Off|p1a: Roselia\n|-damage|p1a: Roselia|77\/100\n|-enditem|p1a: Roselia|Eviolite|[from] move: Knock Off|[of] p2a: Vullaby\n|\n|-damage|p2a: Vullaby|57\/100 psn|[from] psn\n|upkeep\n|turn|3\n|\n|t:|1662299787\n|switch|p1a: Piloswine|Piloswine, M|100\/100\n|move|p2a: Vullaby|Roost|p2a: Vullaby\n|-heal|p2a: Vullaby|100\/100 psn\n|-singleturn|p2a: Vullaby|move: Roost\n|\n|-damage|p2a: Vullaby|88\/100 psn|[from] psn\n|upkeep\n|turn|4\n|inactive|Skysolo \u2764 has 270 seconds left.\n|\n|t:|1662299817\n|switch|p2a: Tangela|Tangela, M|100\/100\n|-damage|p2a: Tangela|88\/100|[from] Spikes\n|move|p1a: Piloswine|Stealth Rock|p2a: Tangela\n|-sidestart|p2: Skysolo \u2764|move: Stealth Rock\n|\n|upkeep\n|turn|5\n|\n|t:|1662299826\n|switch|p1a: Roselia|Roselia, F|77\/100\n|move|p2a: Tangela|Sludge Bomb|p1a: Roselia\n|-damage|p1a: Roselia|57\/100\n|\n|upkeep\n|turn|6\n|\n|t:|1662299837\n|switch|p1a: Piloswine|Piloswine, M|100\/100\n|switch|p2a: Vullaby|Vullaby, F|88\/100 psn\n|-damage|p2a: Vullaby|63\/100 psn|[from] Stealth Rock\n|\n|-damage|p2a: Vullaby|51\/100 psn|[from] psn\n|upkeep\n|turn|7\n|\n|t:|1662299845\n|move|p1a: Piloswine|Icicle Crash|p2a: Vullaby|[miss]\n|-miss|p1a: Piloswine|p2a: Vullaby\n|move|p2a: Vullaby|Roost|p2a: Vullaby\n|-heal|p2a: Vullaby|100\/100 psn\n|-singleturn|p2a: Vullaby|move: Roost\n|\n|-damage|p2a: Vullaby|88\/100 psn|[from] psn\n|upkeep\n|turn|8\n|\n|t:|1662299850\n|move|p1a: Piloswine|Icicle Crash|p2a: Vullaby\n|-supereffective|p2a: Vullaby\n|-damage|p2a: Vullaby|14\/100 psn\n|move|p2a: Vullaby|Defog|p1a: Piloswine\n|-unboost|p1a: Piloswine|evasion|1\n|-sideend|p2: Skysolo \u2764|Spikes|[from] move: Defog|[of] p2a: Vullaby\n|-sideend|p2: Skysolo \u2764|Stealth Rock|[from] move: Defog|[of] p2a: Vullaby\n|\n|-damage|p2a: Vullaby|2\/100 psn|[from] psn\n|upkeep\n|turn|9\n|\n|t:|1662299857\n|move|p1a: Piloswine|Stealth Rock|p2a: Vullaby\n|-sidestart|p2: Skysolo \u2764|move: Stealth Rock\n|move|p2a: Vullaby|Defog|p1a: Piloswine\n|-unboost|p1a: Piloswine|evasion|1\n|-sideend|p2: Skysolo \u2764|Stealth Rock|[from] move: Defog|[of] p2a: Vullaby\n|\n|-damage|p2a: Vullaby|0 fnt|[from] psn\n|faint|p2a: Vullaby\n|upkeep\n|\n|t:|1662299868\n|switch|p2a: Lampent|Lampent, F|100\/100\n|turn|10\n|inactive|PandaDoux\u2665\u2661\u32db\u2605\u2729 has 270 seconds left.\n|inactive|PandaDoux\u2665\u2661\u32db\u2605\u2729 has 240 seconds left.\n|\n|t:|1662299930\n|switch|p1a: Vullaby|Vullaby, F|100\/100\n|move|p2a: Lampent|Fire Blast|p1a: Vullaby|[miss]\n|-miss|p2a: Lampent|p1a: Vullaby\n|\n|upkeep\n|turn|11\n|inactive|PandaDoux\u2665\u2661\u32db\u2605\u2729 has 240 seconds left.\n|\n|t:|1662299945\n|switch|p2a: Electabuzz|Electabuzz, F|100\/100\n|move|p1a: Vullaby|U-turn|p2a: Electabuzz\n|-damage|p2a: Electabuzz|82\/100\n|\n|t:|1662299948\n|switch|p1a: Piloswine|Piloswine, M|100\/100|[from]move: U-turn\n|\n|upkeep\n|turn|12\n|\n|t:|1662299960\n|switch|p2a: Wartortle|Wartortle, M|100\/100\n|move|p1a: Piloswine|High Horsepower|p2a: Wartortle\n|-damage|p2a: Wartortle|63\/100\n|\n|upkeep\n|turn|13\n|\n|t:|1662299984\n|move|p2a: Wartortle|Shell Smash|p2a: Wartortle\n|-unboost|p2a: Wartortle|def|1\n|-unboost|p2a: Wartortle|spd|1\n|-boost|p2a: Wartortle|atk|2\n|-boost|p2a: Wartortle|spa|2\n|-boost|p2a: Wartortle|spe|2\n|move|p1a: Piloswine|High Horsepower|p2a: Wartortle\n|-damage|p2a: Wartortle|0 fnt\n|faint|p2a: Wartortle\n|\n|upkeep\n|-message|Skysolo \u2764 forfeited.\n|\n|win|PandaDoux\u2665\u2661\u32db\u2605\u2729\n|c|\u2606PandaDoux\u2665\u2661\u32db\u2605\u2729|gg\n","uploadtime":1662299992,"views":204,"p1id":"pandadoux","p2id":"skysolo","formatid":"gen8nfe","rating":0,"private":0,"password":null}