{"id":"smogtours-gen5ou-36900","p1":"lowgock","p2":"iMeridian","format":"gen5ou","log":"|J|lowgock\n|J|iMeridian\n|player|p1|lowgock|101\n|player|p2|iMeridian|169\n|gametype|singles\n|gen|5\n|tier|[Gen 5] OU\n|rule|Evasion Abilities Clause: Evasion abilities are banned\n|clearpoke\n|poke|p1|Dragonite, M\n|poke|p1|Mew\n|poke|p1|Forretress, F\n|poke|p1|Landorus-Therian, M\n|poke|p1|Gastrodon, M\n|poke|p1|Heatran, M\n|poke|p2|Garchomp, F\n|poke|p2|Terrakion\n|poke|p2|Keldeo-Resolute\n|poke|p2|Jirachi\n|poke|p2|Latios, M\n|poke|p2|Scizor, F\n|rule|Sleep Clause Mod: Limit one foe put to sleep\n|rule|Species Clause: Limit one of each Pok\u00e9mon\n|rule|OHKO Clause: OHKO moves are banned\n|rule|Moody Clause: Moody is banned\n|rule|Evasion Moves Clause: Evasion moves are banned\n|rule|Endless Battle Clause: Forcing endless battles is banned\n|rule|HP Percentage Mod: HP is shown in percentages\n|teampreview\n|J|Ren-chon\n|J|BKC\n|J|reyscarface\n|J|startwashy\n|J|Soulgazer\n|J|xastify\n|J|Najo\n|J|gizmo\n|J|elsoldier\n|J|Gee Mick\n|J|Steve Angello\n|J|Dice\n|J|vilest vileplume\n|J|McMeghan\n|J|boudouche\n|J|Reymedy\n|J|PROBLEMS\n|J|giara\n|J|Braverius\n|J|Dlanyer\n|raw|<div class=\"broadcast-red\"><b>Moderated chat was set to %!<\/b><br \/>Only users of rank % and higher can talk.<\/div>\n|J|Korby\n|J|bernar492\n|J|finally\n|J|the pdc show\n|J|steelphoenix\n|J|UBERZZZ\n|J|Sinclair\n|J|Lutra\n|J|TheEnder\n|J|Angel Konan\n|J|the Jaiho's lover\n|J|Lufia II\n|J|baenail\n|J|Alf\n|J|KratosMana\n|J|epic4eternity\n|J|Texas Cloverleaf\n|J|Laurel\n|J|EvaUnit10\n|J|BLUNDERR\n|J|zdrup\n|J|srk1214\n|J|4trackboy\n|J|Omfuga\n|J|Led Zeppelin\n|J|Nelson\n|J|Teddeh\n|J|Arcticblast\n|J|sugarhigh\n|J|FAJI\n|J|Val85\n|J|Mael oo\n|J|Zamrock\n|J|Blim\n|J|Vohlt\n|J|Bad Ass\n|J|Shinmei971\n|J|Deckline\n|J|Absow\n|J|ArchPhantom\n|J|its me god\n|J|Chirac\n|J|OuraganGastrique\n|J|BOUFF\n|J|DaAwesomeDude1\n|J|Finchinator\n|\n|start\n|switch|p1a: Landorus-Therian|Landorus-Therian, M|382\/382\n|switch|p2a: Terrakion|Terrakion|323\/323\n|-ability|p1a: Landorus-Therian|Intimidate|[of] p2a: Terrakion\n|-unboost|p2a: Terrakion|atk|1\n|turn|1\n|J|audino spumoni\n|J|Mustounet\n|J|ImSNT\n|L|audino spumoni\n|J|polo18\n|J|Forblaze\n|J|0NI\n|J|JambonDesPlages\n|J|YMAS\n|J|majaspic22\n|\n|move|p2a: Terrakion|Hidden Power|p1a: Landorus-Therian\n|-supereffective|p1a: Landorus-Therian\n|-damage|p1a: Landorus-Therian|117\/382\n|-damage|p2a: Terrakion|291\/323|[from] item: Life Orb\n|move|p1a: Landorus-Therian|Earthquake|p2a: Terrakion\n|-supereffective|p2a: Terrakion\n|-damage|p2a: Terrakion|0 fnt\n|faint|p2a: Terrakion\n|\n|-heal|p1a: Landorus-Therian|140\/382|[from] item: Leftovers\n|J|TRK)El Abogado\n|J|Leftiez\n|J|RFlush\n|J|Ratheran\n|J|Pyrogon\n|J|Nachos\n|J|Conflict\n|J|Fireburn\n|L|OuraganGastrique\n|J|Ax au loto\n|J|IronBullet93\n|J|gonna get haxed\n|J|G R M F\n|L|Ax au loto\n|\n|switch|p2a: Latios|Latios, M|301\/301\n|turn|2\n|J|Ax au loto\n|L|Ax au loto\n|L|polo18\n|L|finally\n|L|DaAwesomeDude1\n|J|LzrGunPewPew\n|J|MoxieInfinite\n|L|Korby\n|J|Real FV13\n|J|Bomber\n|J|Sweep\n|L|Bomber\n|J|gg i gguess\n|J|Jukain\n|\n|switch|p1a: Dragonite|Dragonite, M|386\/386\n|move|p2a: Latios|Draco Meteor|p1a: Dragonite\n|-supereffective|p1a: Dragonite\n|-damage|p1a: Dragonite|44\/386\n|-unboost|p2a: Latios|spa|2\n|\n|-heal|p1a: Dragonite|68\/386|[from] item: Leftovers\n|turn|3\n|J|weshbien\n|J|blackberry14\n|J|leremyju\n|J|DennisEG\n|J|AbrasNite\n|\n|switch|p2a: Garchomp|Garchomp, F|358\/358\n|switch|p1a: Forretress|Forretress, F|354\/354\n|\n|turn|4\n|L|AbrasNite\n|J|Aurious\n|\n|move|p2a: Garchomp|Swords Dance|p2a: Garchomp\n|-boost|p2a: Garchomp|atk|2\n|move|p1a: Forretress|Hidden Power|p2a: Garchomp\n|-supereffective|p2a: Garchomp\n|-damage|p2a: Garchomp|186\/358\n|\n|turn|5\n|J|Exeggutor\n|L|xastify\n|J|PISTOLERO\n|J|Ginku\n|J|stathakis\n|J|Saga\n|\n|move|p2a: Garchomp|Earthquake|p1a: Forretress\n|-damage|p1a: Forretress|159\/354\n|move|p1a: Forretress|Hidden Power|p2a: Garchomp\n|-supereffective|p2a: Garchomp\n|-damage|p2a: Garchomp|26\/358\n|-enditem|p2a: Garchomp|Salac Berry|[eat]\n|-boost|p2a: Garchomp|spe|1|[from] item: Salac Berry\n|\n|-heal|p1a: Forretress|181\/354|[from] item: Leftovers\n|turn|6\n|J|bugzinator RC\n|J|I ABR I\n|J|AbrasNite\n|\n|switch|p1a: Landorus-Therian|Landorus-Therian, M|140\/382\n|-ability|p1a: Landorus-Therian|Intimidate|[of] p2a: Garchomp\n|-unboost|p2a: Garchomp|atk|1\n|move|p2a: Garchomp|Earthquake|p1a: Landorus-Therian\n|-immune|p1a: Landorus-Therian|[msg]\n|\n|-heal|p1a: Landorus-Therian|163\/382|[from] item: Leftovers\n|turn|7\n|L|I ABR I\n|J|WreckDra\n|J|BahaWin\n|J|Grey Squirrel\n|L|TheEnder\n|\n|move|p2a: Garchomp|Dragon Claw|p1a: Landorus-Therian\n|-damage|p1a: Landorus-Therian|0 fnt\n|faint|p1a: Landorus-Therian\n|\n|\n|switch|p1a: Forretress|Forretress, F|181\/354\n|turn|8\n|J|Mencemeat\n|J|Ezze\n|L|Jukain\n|J|snagaa\n|J|Jukain\n|\n|switch|p2a: Scizor|Scizor, F|301\/301\n|move|p1a: Forretress|Hidden Power|p2a: Scizor\n|-resisted|p2a: Scizor\n|-damage|p2a: Scizor|280\/301\n|\n|-heal|p1a: Forretress|203\/354|[from] item: Leftovers\n|turn|9\n|J|smurfer\n|\n|move|p2a: Scizor|Swords Dance|p2a: Scizor\n|-boost|p2a: Scizor|atk|2\n|move|p1a: Forretress|Volt Switch|p2a: Scizor\n|-damage|p2a: Scizor|233\/301\n|J|Mazary\n|\n|switch|p1a: Heatran|Heatran, M|328\/328\n|\n|turn|10\n|\n|switch|p2a: Keldeo-Resolute|Keldeo-Resolute|323\/323\n|move|p1a: Heatran|Fire Blast|p2a: Keldeo-Resolute\n|-resisted|p2a: Keldeo-Resolute\n|-damage|p2a: Keldeo-Resolute|206\/323\n|\n|turn|11\n|J|waffleshiek\n|L|startwashy\n|\n|switch|p2a: Latios|Latios, M|301\/301\n|switch|p1a: Gastrodon|Gastrodon, M|426\/426\n|\n|turn|12\n|L|Najo\n|J|Najo\n|J|Bleve\n|L|Najo\n|J|Najo\n|L|zdrup\n|L|Sinclair\n|L|Mazary\n|L|Mencemeat\n|J|IAmGingy\n|J|Mazary\n|L|Ren-chon\n|\n|move|p2a: Latios|Psyshock|p1a: Gastrodon\n|-damage|p1a: Gastrodon|218\/426\n|move|p1a: Gastrodon|Recover|p1a: Gastrodon\n|-heal|p1a: Gastrodon|426\/426\n|\n|turn|13\n|J|Ren-chon\n|L|Val85\n|L|IAmGingy\n|\n|switch|p2a: Jirachi|Jirachi|404\/404\n|move|p1a: Gastrodon|Toxic|p2a: Jirachi\n|-fail|p2a: Jirachi\n|\n|turn|14\n|J|xtraDOLLARshine\n|\n|move|p2a: Jirachi|Energy Ball|p1a: Gastrodon\n|-supereffective|p1a: Gastrodon\n|-damage|p1a: Gastrodon|98\/426\n|move|p1a: Gastrodon|Scald|p2a: Jirachi\n|-damage|p2a: Jirachi|313\/404\n|\n|-heal|p2a: Jirachi|338\/404|[from] item: Leftovers\n|-heal|p1a: Gastrodon|124\/426|[from] item: Leftovers\n|turn|15\n|J|xastify\n|J|DestinyUnknown\n|\n|switch|p1a: Mew|Mew|404\/404\n|move|p2a: Jirachi|Energy Ball|p1a: Mew\n|-damage|p1a: Mew|350\/404\n|\n|-heal|p2a: Jirachi|363\/404|[from] item: Leftovers\n|-heal|p1a: Mew|375\/404|[from] item: Leftovers\n|turn|16\n|J|tst_100\n|J|Shit user\n|\n|switch|p2a: Garchomp|Garchomp, F|26\/358\n|move|p1a: Mew|Will-O-Wisp|p2a: Garchomp\n|-status|p2a: Garchomp|brn\n|\n|-heal|p1a: Mew|400\/404|[from] item: Leftovers\n|-damage|p2a: Garchomp|0 fnt|[from] brn\n|faint|p2a: Garchomp\n|\n|switch|p2a: Scizor|Scizor, F|233\/301\n|turn|17\n|J|Stratos\n|\n|switch|p1a: Forretress|Forretress, F|203\/354\n|move|p2a: Scizor|Bug Bite|p1a: Forretress\n|-resisted|p1a: Forretress\n|-damage|p1a: Forretress|155\/354\n|\n|-heal|p1a: Forretress|177\/354|[from] item: Leftovers\n|turn|18\n|\n|move|p2a: Scizor|Superpower|p1a: Forretress\n|-damage|p1a: Forretress|87\/354\n|-unboost|p2a: Scizor|atk|1\n|-unboost|p2a: Scizor|def|1\n|move|p1a: Forretress|Volt Switch|p2a: Scizor\n|-damage|p2a: Scizor|192\/301\n|J|ium\n|L|its me god\n|L|Real FV13\n|\n|switch|p1a: Heatran|Heatran, M|328\/328\n|\n|turn|19\n|J|Brazilian Army\n|\n|switch|p2a: Keldeo-Resolute|Keldeo-Resolute|206\/323\n|move|p1a: Heatran|Fire Blast|p2a: Keldeo-Resolute\n|-resisted|p2a: Keldeo-Resolute\n|-damage|p2a: Keldeo-Resolute|68\/323\n|\n|turn|20\n|L|PISTOLERO\n|L|Najo\n|L|Teddeh\n|\n|switch|p2a: Latios|Latios, M|301\/301\n|switch|p1a: Mew|Mew|400\/404\n|\n|-heal|p1a: Mew|404\/404|[from] item: Leftovers\n|turn|21\n|\n|switch|p1a: Dragonite|Dragonite, M|68\/386\n|move|p2a: Latios|Draco Meteor|p1a: Dragonite\n|-supereffective|p1a: Dragonite\n|-damage|p1a: Dragonite|0 fnt\n|-unboost|p2a: Latios|spa|2\n|faint|p1a: Dragonite\n|\n|\n|switch|p1a: Mew|Mew|404\/404\n|turn|22\n|L|Zamrock\n|\n|switch|p2a: Jirachi|Jirachi|363\/404\n|move|p1a: Mew|Will-O-Wisp|p2a: Jirachi|[miss]\n|-miss|p1a: Mew|p2a: Jirachi\n|\n|-heal|p2a: Jirachi|388\/404|[from] item: Leftovers\n|turn|23\n|\n|move|p2a: Jirachi|Thunder|p1a: Mew\n|-damage|p1a: Mew|322\/404\n|-status|p1a: Mew|par\n|-status|p2a: Jirachi|par\n|move|p1a: Mew|Will-O-Wisp|p2a: Jirachi\n|-fail|p2a: Jirachi\n|\n|-heal|p2a: Jirachi|404\/404 par|[from] item: Leftovers\n|-heal|p1a: Mew|347\/404 par|[from] item: Leftovers\n|turn|24\n|L|G R M F\n|J|CrashinBoomBang\n|J|papai noel\n|\n|switch|p2a: Latios|Latios, M|301\/301\n|move|p1a: Mew|Earth Power|p2a: Latios\n|-immune|p2a: Latios|[msg]\n|\n|-heal|p1a: Mew|372\/404 par|[from] item: Leftovers\n|turn|25\n|J|PISTOLERO\n|J|Ary\n|L|bugzinator RC\n|J|Mizuhime\n|J|Cosine180\n|J|Meru\n|J|Lockheeed\n|\n|move|p2a: Latios|Draco Meteor|p1a: Mew|[miss]\n|-miss|p2a: Latios|p1a: Mew\n|move|p1a: Mew|Soft-Boiled|p1a: Mew\n|-heal|p1a: Mew|404\/404 par\n|\n|turn|26\n|\n|move|p2a: Latios|Draco Meteor|p1a: Mew\n|-damage|p1a: Mew|131\/404 par\n|-unboost|p2a: Latios|spa|2\n|move|p1a: Mew|Soft-Boiled|p1a: Mew\n|-heal|p1a: Mew|333\/404 par\n|\n|-heal|p1a: Mew|358\/404 par|[from] item: Leftovers\n|turn|27\n|L|Texas Cloverleaf\n|\n|switch|p2a: Jirachi|Jirachi|404\/404 par\n|move|p1a: Mew|Will-O-Wisp|p2a: Jirachi\n|-fail|p2a: Jirachi\n|\n|-heal|p1a: Mew|383\/404 par|[from] item: Leftovers\n|turn|28\n|L|Exeggutor\n|\n|move|p2a: Jirachi|Thunder|p1a: Mew\n|-damage|p1a: Mew|295\/404 par\n|move|p1a: Mew|Earth Power|p2a: Jirachi\n|-supereffective|p2a: Jirachi\n|-damage|p2a: Jirachi|262\/404 par\n|\n|-heal|p2a: Jirachi|287\/404 par|[from] item: Leftovers\n|-heal|p1a: Mew|320\/404 par|[from] item: Leftovers\n|turn|29\n|\n|switch|p2a: Latios|Latios, M|301\/301\n|move|p1a: Mew|Soft-Boiled|p1a: Mew\n|-heal|p1a: Mew|404\/404 par\n|\n|turn|30\n|L|Lufia II\n|\n|move|p2a: Latios|Draco Meteor|p1a: Mew\n|-damage|p1a: Mew|94\/404 par\n|-unboost|p2a: Latios|spa|2\n|move|p1a: Mew|Soft-Boiled|p1a: Mew\n|-heal|p1a: Mew|296\/404 par\n|\n|-heal|p1a: Mew|321\/404 par|[from] item: Leftovers\n|turn|31\n|J|sejun's ego\n|L|ArchPhantom\n|\n|switch|p2a: Keldeo-Resolute|Keldeo-Resolute|68\/323\n|move|p1a: Mew|Earth Power|p2a: Keldeo-Resolute\n|-damage|p2a: Keldeo-Resolute|0 fnt\n|faint|p2a: Keldeo-Resolute\n|\n|-heal|p1a: Mew|346\/404 par|[from] item: Leftovers\n|L|leremyju\n|\n|switch|p2a: Scizor|Scizor, F|192\/301\n|turn|32\n|L|FAJI\n|J|Nicojama Robin\n|L|xastify\n|\n|switch|p1a: Forretress|Forretress, F|87\/354\n|move|p2a: Scizor|Bug Bite|p1a: Forretress\n|-resisted|p1a: Forretress\n|-damage|p1a: Forretress|41\/354\n|\n|-heal|p1a: Forretress|63\/354|[from] item: Leftovers\n|turn|33\n|J|surtic stp\n|L|Ren-chon\n|\n|move|p2a: Scizor|Superpower|p1a: Forretress\n|-damage|p1a: Forretress|0 fnt\n|-unboost|p2a: Scizor|atk|1\n|-unboost|p2a: Scizor|def|1\n|faint|p1a: Forretress\n|\n|\n|switch|p1a: Heatran|Heatran, M|328\/328\n|turn|34\n|J|Ren-chon\n|\n|switch|p2a: Latios|Latios, M|301\/301\n|move|p1a: Heatran|Fire Blast|p2a: Latios\n|-resisted|p2a: Latios\n|-damage|p2a: Latios|193\/301\n|\n|turn|35\n|J|cbt\n|L|Soulgazer\n|J|The Man Of Wild\n|J|BBK\n|\n|switch|p1a: Gastrodon|Gastrodon, M|124\/426\n|move|p2a: Latios|Draco Meteor|p1a: Gastrodon\n|-damage|p1a: Gastrodon|0 fnt\n|-unboost|p2a: Latios|spa|2\n|faint|p1a: Gastrodon\n|\n|L|Shit user\n|L|IronBullet93\n|\n|switch|p1a: Heatran|Heatran, M|328\/328\n|turn|36\n|\n|switch|p2a: Jirachi|Jirachi|287\/404 par\n|move|p1a: Heatran|Fire Blast|p2a: Jirachi\n|-supereffective|p2a: Jirachi\n|-damage|p2a: Jirachi|0 fnt\n|faint|p2a: Jirachi\n|\n|\n|switch|p2a: Latios|Latios, M|193\/301\n|turn|37\n|L|BBK\n|\n|switch|p1a: Mew|Mew|346\/404 par\n|move|p2a: Latios|Surf|p1a: Mew\n|-damage|p1a: Mew|212\/404 par\n|\n|-heal|p1a: Mew|237\/404 par|[from] item: Leftovers\n|turn|38\n|J|BBK\n|L|Gee Mick\n|L|Fireburn\n|L|Brazilian Army\n|L|YMAS\n|L|Ratheran\n|J|Slimbolio\n|J|unamed\n|\n|switch|p2a: Scizor|Scizor, F|192\/301\n|move|p1a: Mew|Soft-Boiled|p1a: Mew\n|-heal|p1a: Mew|404\/404 par\n|\n|turn|39\n|J|Based Scythe\n|L|srk1214\n|J|srk1214\n|\n|move|p2a: Scizor|Superpower|p1a: Mew\n|-resisted|p1a: Mew\n|-damage|p1a: Mew|324\/404 par\n|-unboost|p2a: Scizor|atk|1\n|-unboost|p2a: Scizor|def|1\n|move|p1a: Mew|Will-O-Wisp|p2a: Scizor\n|-status|p2a: Scizor|brn\n|-enditem|p2a: Scizor|Lum Berry|[eat]\n|-curestatus|p2a: Scizor|brn\n|\n|-heal|p1a: Mew|349\/404 par|[from] item: Leftovers\n|turn|40\n|J|frozen lakes\n|J|davidTHEMASTER\n|L|smurfer\n|L|ImSNT\n|\n|switch|p2a: Latios|Latios, M|193\/301\n|switch|p1a: Heatran|Heatran, M|328\/328\n|\n|turn|41\n|\n|move|p1a: Heatran|Fire Blast|p2a: Latios\n|-resisted|p2a: Latios\n|-damage|p2a: Latios|91\/301\n|move|p2a: Latios|Surf|p1a: Heatran\n|-supereffective|p1a: Heatran\n|-damage|p1a: Heatran|4\/328\n|\n|turn|42\n|\n|move|p1a: Heatran|Fire Blast|p2a: Latios\n|-resisted|p2a: Latios\n|-damage|p2a: Latios|0 fnt\n|faint|p2a: Latios\n|\n|\n|switch|p2a: Scizor|Scizor, F|192\/301\n|turn|43\n|J|Giggling Grannie\n|\n|move|p2a: Scizor|Bullet Punch|p1a: Heatran\n|-resisted|p1a: Heatran\n|-damage|p1a: Heatran|0 fnt\n|faint|p1a: Heatran\n|\n|\n|switch|p1a: Mew|Mew|349\/404 par\n|turn|44\n|\n|move|p2a: Scizor|Bug Bite|p1a: Mew\n|-supereffective|p1a: Mew\n|-damage|p1a: Mew|1\/404 par\n|move|p1a: Mew|Will-O-Wisp|p2a: Scizor\n|-status|p2a: Scizor|brn\n|\n|-heal|p1a: Mew|26\/404 par|[from] item: Leftovers\n|-damage|p2a: Scizor|155\/301 brn|[from] brn\n|turn|45\n|L|stathakis\n|\n|move|p2a: Scizor|Bug Bite|p1a: Mew\n|-supereffective|p1a: Mew\n|-damage|p1a: Mew|0 fnt\n|faint|p1a: Mew\n|\n|win|iMeridian\n|L|elsoldier\n|L|Chirac\n|J|Seirlesito\n|L|Vohlt\n|L|KratosMana\n|L|tst_100\n|L|Braverius\n|L|Alf\n|L|McMeghan\n|L|Puralux\n|L|Aurious\n|L|davidTHEMASTER\n|L|Seirlesito\n|L|EvaUnit10\n|L|sugarhigh\n|L|boudouche\n|L|papai noel\n|L|giara\n|L|PISTOLERO\n|L|Sweep\n|L|Bad Ass\n|L|baenail\n|L|Forblaze\n|L|MoxieInfinite\n|L|Laurel\n|L|unamed\n|L|Arcticblast\n|L|xtraDOLLARshine\n|L|Mustounet\n|L|DestinyUnknown\n|L|WreckDra\n|L|BahaWin\n|L|Slimbolio\n|L|Nicojama Robin\n|L|ium\n|L|TRK)El Abogado\n|L|srk1214\n|L|Steve Angello\n|L|Grey Squirrel\n|L|Meru\n|L|the pdc show\n|L|Saga\n|L|gonna get haxed\n|L|UBERZZZ\n|L|epic4eternity\n|L|Nelson\n|L|surtic stp\n|L|sejun's ego\n|L|Reymedy\n|L|Ezze\n|L|Nachos\n|L|majaspic22\n|L|Mael oo\n|L|Angel Konan\n|L|Ginku\n|L|Cosine180\n|L|reyscarface\n|J|ImSNT\n|L|Shinmei971\n|L|The Man Of Wild\n|L|lowgock\n|player|p1\n|L|Ren-chon\n|L|4trackboy\n|L|DennisEG\n|L|BKC\n|L|Lockheeed\n|L|ImSNT\n|L|some ball 7\n|L|cbt\n|L|Mizuhime\n|L|Absow\n|L|Lutra\n|L|JambonDesPlages\n|L|gizmo\n|L|Giggling Grannie\n|L|fbc\n|L|iMeridian\n|player|p2\n|L|BOUFF\n|L|Ary\n|L|Dice\n|J|leremyju\n|L|leremyju\n|L|Jukain\n|L|Dlanyer\n|L|snagaa\n|L|BBK\n|L|Finchinator\n|L|LzrGunPewPew\n|J|the Jaiho\n|L|the Jaiho\n|L|Led Zeppelin\n|L|Stratos\n|L|Deckline\n|L|Pyrogon","inputlog":null,"uploadtime":1424643661,"views":818,"p1id":"lowgock","p2id":"imeridian","formatid":"gen5ou","rating":0,"private":0,"password":null}