{"id":"smogtours-gen8nfe-642598","p1":"lepton","p2":"Skysolo \u2764","format":"gen8nfe","log":"|inactive|Battle timer is ON: inactive players will automatically lose when time's up.\n|t:|1659920490\n|gametype|singles\n|player|p1|lepton|clair-gen2|\n|player|p2|Skysolo \u2764|#pspl2019ubers|\n|teamsize|p1|6\n|teamsize|p2|6\n|gen|8\n|tier|[Gen 8] NFE\n|rule|Sleep Clause Mod: Limit one foe put to sleep\n|rule|Species Clause: Limit one of each Pok\u00e9mon\n|rule|OHKO Clause: OHKO moves are banned\n|rule|Evasion Moves Clause: Evasion moves are banned\n|rule|Endless Battle Clause: Forcing endless battles is banned\n|rule|HP Percentage Mod: HP is shown in percentages\n|rule|Dynamax Clause: You cannot dynamax\n|clearpoke\n|poke|p1|Roselia, F|\n|poke|p1|Piloswine, M|\n|poke|p1|Lampent, M|\n|poke|p1|Wartortle, F|\n|poke|p1|Hattrem, F|\n|poke|p1|Linoone-Galar, M|\n|poke|p2|Thwackey, M|\n|poke|p2|Fraxure, M|\n|poke|p2|Vullaby, F|\n|poke|p2|Piloswine, F|\n|poke|p2|Corsola-Galar, F|\n|poke|p2|Electabuzz, F|\n|teampreview\n|c|\u2606lepton|glhf\n|c|+Arct!c|the strap\n|c|\u2606Skysolo \u2764|u2\n|inactive|lepton disconnected and has 300 seconds to reconnect!\n|player|p1|\n|inactive|Skysolo \u2764 has 270 seconds left.\n|inactive|lepton has 270 seconds to reconnect!\n|inactive|lepton reconnected and has 285 seconds left.\n|player|p1|lepton|clair-gen2\n|c|+ahmber|lepton.\n|c|\u2606lepton|hi\n|inactive|lepton has 270 seconds left.\n|inactive|Skysolo \u2764 has 240 seconds left.\n|\n|t:|1659920561\n|start\n|switch|p1a: Linoone|Linoone-Galar, M|100\/100\n|switch|p2a: Corsola|Corsola-Galar, F|100\/100\n|turn|1\n|\n|t:|1659920576\n|move|p1a: Linoone|Knock Off|p2a: Corsola\n|-supereffective|p2a: Corsola\n|-damage|p2a: Corsola|65\/100\n|-enditem|p2a: Corsola|Eviolite|[from] move: Knock Off|[of] p1a: Linoone\n|move|p2a: Corsola|Night Shade|p1a: Linoone\n|-immune|p1a: Linoone\n|\n|upkeep\n|turn|2\n|c|\u2606Skysolo \u2764|ops\n|\n|t:|1659920589\n|move|p1a: Linoone|Taunt|p2a: Corsola\n|-start|p2a: Corsola|move: Taunt\n|move|p2a: Corsola|Whirlpool|p1a: Linoone\n|-damage|p1a: Linoone|94\/100\n|-activate|p1a: Linoone|move: Whirlpool|[of] p2a: Corsola\n|\n|-damage|p1a: Linoone|82\/100|[from] move: Whirlpool|[partiallytrapped]\n|upkeep\n|turn|3\n|\n|t:|1659920600\n|move|p1a: Linoone|Parting Shot|p2a: Corsola\n|-unboost|p2a: Corsola|atk|1\n|-unboost|p2a: Corsola|spa|1\n|\n|t:|1659920613\n|switch|p1a: LEGION|Lampent, M|100\/100|[from]move: Parting Shot\n|move|p2a: Corsola|Whirlpool|p1a: LEGION|[miss]\n|-miss|p2a: Corsola|p1a: LEGION\n|\n|upkeep\n|turn|4\n|\n|t:|1659920624\n|switch|p2a: Vullaby|Vullaby, F|100\/100\n|move|p1a: LEGION|Toxic|p2a: Vullaby|[miss]\n|-miss|p1a: LEGION|p2a: Vullaby\n|\n|upkeep\n|turn|5\n|c|+ahmber|1\n|\n|t:|1659920646\n|switch|p1a: Piloswine|Piloswine, M|100\/100\n|move|p2a: Vullaby|Knock Off|p1a: Piloswine\n|-damage|p1a: Piloswine|85\/100\n|-enditem|p1a: Piloswine|Eviolite|[from] move: Knock Off|[of] p2a: Vullaby\n|\n|upkeep\n|turn|6\n|\n|t:|1659920657\n|switch|p2a: Corsola|Corsola-Galar, F|65\/100\n|move|p1a: Piloswine|Stealth Rock|p2a: Corsola\n|-sidestart|p2: Skysolo \u2764|move: Stealth Rock\n|\n|upkeep\n|turn|7\n|\n|t:|1659920674\n|switch|p1a: LEGION|Lampent, M|100\/100\n|move|p2a: Corsola|Stealth Rock|p1a: LEGION\n|-sidestart|p1: lepton|move: Stealth Rock\n|\n|upkeep\n|turn|8\n|inactive|Skysolo \u2764 has 270 seconds left.\n|\n|t:|1659920715\n|switch|p2a: Vullaby|Vullaby, F|100\/100\n|-damage|p2a: Vullaby|76\/100|[from] Stealth Rock\n|move|p1a: LEGION|Shadow Ball|p2a: Vullaby\n|-resisted|p2a: Vullaby\n|-damage|p2a: Vullaby|66\/100\n|-unboost|p2a: Vullaby|spd|1\n|\n|upkeep\n|turn|9\n|\n|t:|1659920722\n|switch|p1a: Wartortle|Wartortle, F|100\/100\n|-damage|p1a: Wartortle|88\/100|[from] Stealth Rock\n|move|p2a: Vullaby|Roost|p2a: Vullaby\n|-heal|p2a: Vullaby|100\/100\n|-singleturn|p2a: Vullaby|move: Roost\n|\n|upkeep\n|turn|10\n|inactive|Skysolo \u2764 has 270 seconds left.\n|\n|t:|1659920728\n|move|p2a: Vullaby|Defog|p1a: Wartortle\n|-unboost|p1a: Wartortle|evasion|1\n|-sideend|p1: lepton|Stealth Rock|[from] move: Defog|[of] p2a: Vullaby\n|-sideend|p2: Skysolo \u2764|Stealth Rock|[from] move: Defog|[of] p2a: Vullaby\n|move|p1a: Wartortle|Toxic|p2a: Vullaby\n|-status|p2a: Vullaby|tox\n|\n|-damage|p2a: Vullaby|94\/100 tox|[from] psn\n|upkeep\n|turn|11\n|inactive|Skysolo \u2764 has 270 seconds left.\n|\n|t:|1659920740\n|move|p2a: Vullaby|Knock Off|p1a: Wartortle\n|-damage|p1a: Wartortle|76\/100\n|-enditem|p1a: Wartortle|Eviolite|[from] move: Knock Off|[of] p2a: Vullaby\n|move|p1a: Wartortle|Flip Turn|p2a: Vullaby\n|-damage|p2a: Vullaby|83\/100 tox\n|\n|t:|1659920744\n|switch|p1a: Piloswine|Piloswine, M|85\/100|[from]move: Flip Turn\n|\n|-damage|p2a: Vullaby|71\/100 tox|[from] psn\n|upkeep\n|turn|12\n|inactive|Skysolo \u2764 has 270 seconds left.\n|\n|t:|1659920770\n|switch|p2a: Piloswine|Piloswine, F|100\/100\n|move|p1a: Piloswine|Icicle Crash|p2a: Piloswine\n|-damage|p2a: Piloswine|78\/100\n|\n|upkeep\n|turn|13\n|inactive|lepton has 270 seconds left.\n|inactive|Skysolo \u2764 has 240 seconds left.\n|\n|t:|1659920805\n|move|p2a: Piloswine|High Horsepower|p1a: Piloswine\n|-damage|p1a: Piloswine|14\/100\n|move|p1a: Piloswine|Earthquake|p2a: Piloswine\n|-damage|p2a: Piloswine|30\/100\n|\n|upkeep\n|turn|14\n|inactive|lepton has 270 seconds left.\n|\n|t:|1659920817\n|move|p2a: Piloswine|High Horsepower|p1a: Piloswine\n|-damage|p1a: Piloswine|0 fnt\n|faint|p1a: Piloswine\n|\n|upkeep\n|\n|t:|1659920821\n|switch|p1a: Linoone|Linoone-Galar, M|82\/100\n|turn|15\n|\n|t:|1659920833\n|switch|p2a: Electabuzz|Electabuzz, F|100\/100\n|move|p1a: Linoone|Knock Off|p2a: Electabuzz\n|-damage|p2a: Electabuzz|55\/100\n|-status|p1a: Linoone|par|[from] ability: Static|[of] p2a: Electabuzz\n|-enditem|p2a: Electabuzz|Eviolite|[from] move: Knock Off|[of] p1a: Linoone\n|\n|upkeep\n|turn|16\n|\n|t:|1659920839\n|cant|p1a: Linoone|par\n|move|p2a: Electabuzz|Volt Switch|p1a: Linoone\n|-damage|p1a: Linoone|49\/100 par\n|c|\u2606lepton|bro\n|\n|t:|1659920854\n|switch|p2a: Fraxure|Fraxure, M|100\/100|[from]move: Volt Switch\n|-ability|p2a: Fraxure|Mold Breaker\n|\n|upkeep\n|turn|17\n|\n|t:|1659920862\n|move|p1a: Linoone|Knock Off|p2a: Fraxure\n|-damage|p2a: Fraxure|42\/100\n|-enditem|p2a: Fraxure|Choice Band|[from] move: Knock Off|[of] p1a: Linoone\n|move|p2a: Fraxure|Dragon Claw|p1a: Linoone\n|-crit|p1a: Linoone\n|-damage|p1a: Linoone|0 fnt\n|faint|p1a: Linoone\n|\n|upkeep\n|\n|t:|1659920869\n|switch|p1a: LEGION|Lampent, M|100\/100\n|turn|18\n|\n|t:|1659920876\n|move|p1a: LEGION|Shadow Ball|p2a: Fraxure\n|-damage|p2a: Fraxure|0 fnt\n|faint|p2a: Fraxure\n|\n|upkeep\n|inactive|Skysolo \u2764 has 270 seconds left.\n|\n|t:|1659920889\n|switch|p2a: Thwackey|Thwackey, M|100\/100\n|-fieldstart|move: Grassy Terrain|[from] ability: Grassy Surge|[of] p2a: Thwackey\n|turn|19\n|inactive|Skysolo \u2764 has 270 seconds left.\n|\n|t:|1659920915\n|switch|p1a: Roselia|Roselia, F|100\/100\n|move|p2a: Thwackey|Knock Off|p1a: Roselia\n|-damage|p1a: Roselia|77\/100\n|-enditem|p1a: Roselia|Eviolite|[from] move: Knock Off|[of] p2a: Thwackey\n|\n|-heal|p1a: Roselia|83\/100|[from] Grassy Terrain\n|upkeep\n|turn|20\n|inactive|Skysolo \u2764 has 240 seconds left.\n|\n|t:|1659920944\n|switch|p2a: Corsola|Corsola-Galar, F|65\/100\n|move|p1a: Roselia|Sludge Bomb|p2a: Corsola\n|-resisted|p2a: Corsola\n|-damage|p2a: Corsola|49\/100\n|-status|p2a: Corsola|psn\n|\n|-heal|p1a: Roselia|89\/100|[from] Grassy Terrain\n|-heal|p2a: Corsola|55\/100 psn|[from] Grassy Terrain\n|-damage|p2a: Corsola|42\/100 psn|[from] psn\n|upkeep\n|turn|21\n|\n|t:|1659920956\n|move|p1a: Roselia|Spikes|p2a: Corsola\n|-sidestart|p2: Skysolo \u2764|Spikes\n|move|p2a: Corsola|Night Shade|p1a: Roselia\n|-damage|p1a: Roselia|56\/100\n|\n|-heal|p1a: Roselia|63\/100|[from] Grassy Terrain\n|-heal|p2a: Corsola|49\/100 psn|[from] Grassy Terrain\n|-damage|p2a: Corsola|36\/100 psn|[from] psn\n|upkeep\n|turn|22\n|\n|t:|1659920962\n|move|p1a: Roselia|Synthesis|p1a: Roselia\n|-heal|p1a: Roselia|100\/100\n|move|p2a: Corsola|Stealth Rock|p1a: Roselia\n|-sidestart|p1: lepton|move: Stealth Rock\n|\n|-heal|p2a: Corsola|42\/100 psn|[from] Grassy Terrain\n|-damage|p2a: Corsola|30\/100 psn|[from] psn\n|upkeep\n|turn|23\n|\n|t:|1659920964\n|move|p1a: Roselia|Leaf Storm|p2a: Corsola\n|-damage|p2a: Corsola|0 fnt\n|-unboost|p1a: Roselia|spa|2\n|faint|p2a: Corsola\n|\n|-fieldend|move: Grassy Terrain\n|upkeep\n|\n|t:|1659920972\n|switch|p2a: Piloswine|Piloswine, F|30\/100\n|-damage|p2a: Piloswine|18\/100|[from] Spikes\n|turn|24\n|inactive|Skysolo \u2764 has 270 seconds left.\n|\n|t:|1659920984\n|switch|p1a: Hattrem|Hattrem, F|100\/100\n|-damage|p1a: Hattrem|88\/100|[from] Stealth Rock\n|move|p2a: Piloswine|High Horsepower|p1a: Hattrem\n|-damage|p1a: Hattrem|24\/100\n|\n|upkeep\n|turn|25\n|\n|t:|1659920989\n|move|p2a: Piloswine|High Horsepower|p1a: Hattrem\n|-crit|p1a: Hattrem\n|-damage|p1a: Hattrem|0 fnt\n|faint|p1a: Hattrem\n|\n|upkeep\n|\n|t:|1659920991\n|switch|p1a: LEGION|Lampent, M|100\/100\n|-damage|p1a: LEGION|76\/100|[from] Stealth Rock\n|turn|26\n|\n|t:|1659921003\n|move|p1a: LEGION|Fire Blast|p2a: Piloswine\n|-supereffective|p2a: Piloswine\n|-damage|p2a: Piloswine|0 fnt\n|faint|p2a: Piloswine\n|\n|upkeep\n|inactive|Skysolo \u2764 has 270 seconds left.\n|\n|t:|1659921037\n|switch|p2a: Vullaby|Vullaby, F|71\/100 tox\n|turn|27\n|\n|t:|1659921044\n|switch|p1a: Roselia|Roselia, F|100\/100\n|-damage|p1a: Roselia|88\/100|[from] Stealth Rock\n|switch|p2a: Electabuzz|Electabuzz, F|55\/100\n|-damage|p2a: Electabuzz|43\/100|[from] Spikes\n|\n|upkeep\n|turn|28\n|\n|t:|1659921053\n|move|p2a: Electabuzz|Volt Switch|p1a: Roselia\n|-resisted|p1a: Roselia\n|-damage|p1a: Roselia|67\/100\n|\n|t:|1659921055\n|switch|p2a: Vullaby|Vullaby, F|71\/100 tox|[from]move: Volt Switch\n|move|p1a: Roselia|Sludge Bomb|p2a: Vullaby\n|-damage|p2a: Vullaby|50\/100 tox\n|\n|-damage|p2a: Vullaby|44\/100 tox|[from] psn\n|upkeep\n|turn|29\n|\n|t:|1659921062\n|move|p1a: Roselia|Synthesis|p1a: Roselia\n|-heal|p1a: Roselia|100\/100\n|move|p2a: Vullaby|Roost|p2a: Vullaby\n|-heal|p2a: Vullaby|94\/100 tox\n|-singleturn|p2a: Vullaby|move: Roost\n|\n|-damage|p2a: Vullaby|82\/100 tox|[from] psn\n|upkeep\n|turn|30\n|\n|t:|1659921067\n|move|p1a: Roselia|Sludge Bomb|p2a: Vullaby\n|-damage|p2a: Vullaby|62\/100 tox\n|move|p2a: Vullaby|Brave Bird|p1a: Roselia\n|-supereffective|p1a: Roselia\n|-damage|p1a: Roselia|35\/100\n|-damage|p2a: Vullaby|43\/100 tox|[from] Recoil\n|\n|-damage|p2a: Vullaby|24\/100 tox|[from] psn\n|upkeep\n|turn|31\n|\n|t:|1659921072\n|move|p1a: Roselia|Synthesis|p1a: Roselia\n|-heal|p1a: Roselia|85\/100\n|move|p2a: Vullaby|Roost|p2a: Vullaby\n|-heal|p2a: Vullaby|75\/100 tox\n|-singleturn|p2a: Vullaby|move: Roost\n|\n|-damage|p2a: Vullaby|50\/100 tox|[from] psn\n|upkeep\n|turn|32\n|\n|t:|1659921077\n|switch|p1a: Wartortle|Wartortle, F|76\/100\n|-damage|p1a: Wartortle|64\/100|[from] Stealth Rock\n|move|p2a: Vullaby|Roost|p2a: Vullaby\n|-heal|p2a: Vullaby|99\/100 tox\n|-singleturn|p2a: Vullaby|move: Roost\n|\n|-damage|p2a: Vullaby|70\/100 tox|[from] psn\n|upkeep\n|turn|33\n|\n|t:|1659921080\n|switch|p2a: Electabuzz|Electabuzz, F|43\/100\n|-damage|p2a: Electabuzz|30\/100|[from] Spikes\n|move|p1a: Wartortle|Rapid Spin|p2a: Electabuzz\n|-damage|p2a: Electabuzz|16\/100\n|-boost|p1a: Wartortle|spe|1\n|-status|p1a: Wartortle|par|[from] ability: Static|[of] p2a: Electabuzz\n|-sideend|p1: lepton|Stealth Rock|[from] move: Rapid Spin|[of] p1a: Wartortle\n|\n|upkeep\n|turn|34\n|\n|t:|1659921092\n|move|p2a: Electabuzz|Volt Switch|p1a: Wartortle\n|-supereffective|p1a: Wartortle\n|-damage|p1a: Wartortle|0 fnt\n|faint|p1a: Wartortle\n|\n|t:|1659921102\n|switch|p2a: Vullaby|Vullaby, F|70\/100 tox|[from]move: Volt Switch\n|\n|-damage|p2a: Vullaby|63\/100 tox|[from] psn\n|upkeep\n|\n|t:|1659921104\n|switch|p1a: Roselia|Roselia, F|85\/100\n|turn|35\n|\n|t:|1659921110\n|move|p1a: Roselia|Sludge Bomb|p2a: Vullaby\n|-damage|p2a: Vullaby|44\/100 tox\n|move|p2a: Vullaby|Roost|p2a: Vullaby\n|-heal|p2a: Vullaby|94\/100 tox\n|-singleturn|p2a: Vullaby|move: Roost\n|\n|-damage|p2a: Vullaby|82\/100 tox|[from] psn\n|upkeep\n|turn|36\n|\n|t:|1659921115\n|move|p1a: Roselia|Sludge Bomb|p2a: Vullaby\n|-damage|p2a: Vullaby|64\/100 tox\n|move|p2a: Vullaby|Brave Bird|p1a: Roselia\n|-supereffective|p1a: Roselia\n|-damage|p1a: Roselia|17\/100\n|-damage|p2a: Vullaby|44\/100 tox|[from] Recoil\n|\n|-damage|p2a: Vullaby|26\/100 tox|[from] psn\n|upkeep\n|turn|37\n|\n|t:|1659921121\n|move|p1a: Roselia|Synthesis|p1a: Roselia\n|-heal|p1a: Roselia|67\/100\n|move|p2a: Vullaby|Roost|p2a: Vullaby\n|-heal|p2a: Vullaby|76\/100 tox\n|-singleturn|p2a: Vullaby|move: Roost\n|\n|-damage|p2a: Vullaby|51\/100 tox|[from] psn\n|upkeep\n|turn|38\n|\n|t:|1659921126\n|move|p1a: Roselia|Sludge Bomb|p2a: Vullaby\n|-damage|p2a: Vullaby|30\/100 tox\n|move|p2a: Vullaby|Roost|p2a: Vullaby\n|-heal|p2a: Vullaby|80\/100 tox\n|-singleturn|p2a: Vullaby|move: Roost\n|\n|-damage|p2a: Vullaby|50\/100 tox|[from] psn\n|upkeep\n|turn|39\n|\n|t:|1659921130\n|move|p1a: Roselia|Sludge Bomb|p2a: Vullaby\n|-damage|p2a: Vullaby|31\/100 tox\n|move|p2a: Vullaby|Roost|p2a: Vullaby\n|-heal|p2a: Vullaby|82\/100 tox\n|-singleturn|p2a: Vullaby|move: Roost\n|\n|-damage|p2a: Vullaby|45\/100 tox|[from] psn\n|upkeep\n|turn|40\n|\n|t:|1659921137\n|switch|p2a: Electabuzz|Electabuzz, F|16\/100\n|-damage|p2a: Electabuzz|4\/100|[from] Spikes\n|move|p1a: Roselia|Sludge Bomb|p2a: Electabuzz\n|-damage|p2a: Electabuzz|0 fnt\n|faint|p2a: Electabuzz\n|\n|upkeep\n|\n|t:|1659921143\n|switch|p2a: Thwackey|Thwackey, M|100\/100\n|-damage|p2a: Thwackey|88\/100|[from] Spikes\n|-fieldstart|move: Grassy Terrain|[from] ability: Grassy Surge|[of] p2a: Thwackey\n|turn|41\n|\n|t:|1659921148\n|move|p2a: Thwackey|Acrobatics|p1a: Roselia\n|-supereffective|p1a: Roselia\n|-damage|p1a: Roselia|0 fnt\n|faint|p1a: Roselia\n|\n|-heal|p2a: Thwackey|94\/100|[from] Grassy Terrain\n|upkeep\n|\n|t:|1659921150\n|switch|p1a: LEGION|Lampent, M|76\/100\n|turn|42\n|\n|t:|1659921158\n|move|p2a: Thwackey|Grassy Glide|p1a: LEGION\n|-resisted|p1a: LEGION\n|-damage|p1a: LEGION|36\/100\n|move|p1a: LEGION|Fire Blast|p2a: Thwackey\n|-supereffective|p2a: Thwackey\n|-damage|p2a: Thwackey|0 fnt\n|faint|p2a: Thwackey\n|\n|-heal|p1a: LEGION|42\/100|[from] Grassy Terrain\n|upkeep\n|\n|t:|1659921162\n|switch|p2a: Vullaby|Vullaby, F|45\/100 tox\n|turn|43\n|\n|t:|1659921165\n|move|p1a: LEGION|Fire Blast|p2a: Vullaby\n|-crit|p2a: Vullaby\n|-damage|p2a: Vullaby|1\/100 tox\n|move|p2a: Vullaby|Knock Off|p1a: LEGION\n|-supereffective|p1a: LEGION\n|-damage|p1a: LEGION|0 fnt\n|-enditem|p1a: LEGION|Choice Scarf|[from] move: Knock Off|[of] p2a: Vullaby\n|faint|p1a: LEGION\n|\n|win|Skysolo \u2764\n|c|\u2606Skysolo \u2764|gg\n","uploadtime":1659921166,"views":222,"p1id":"lepton","p2id":"skysolo","formatid":"gen8nfe","rating":0,"private":0,"password":null}