{"id":"smogtours-gen4ubers-627821","p1":"TreinerOrenge","p2":"Raph369","format":"gen4ubers","log":"|inactive|Battle timer is ON: inactive players will automatically lose when time's up.\n|t:|1653247968\n|gametype|singles\n|player|p1|TreinerOrenge|266|\n|player|p2|Raph369|archer|\n|teamsize|p1|6\n|teamsize|p2|6\n|gen|4\n|tier|[Gen 4] Ubers\n|rule|Sleep Clause Mod: Limit one foe put to sleep\n|rule|Species Clause: Limit one of each Pok\u00e9mon\n|rule|OHKO Clause: OHKO moves are banned\n|rule|Evasion Moves Clause: Evasion moves are banned\n|rule|Endless Battle Clause: Forcing endless battles is banned\n|rule|HP Percentage Mod: HP is shown in percentages\n|\n|t:|1653247968\n|start\n|switch|p1a: Tentacruel|Tentacruel, M|100\/100\n|switch|p2a: Deoxys|Deoxys-Attack|100\/100\n|-ability|p2a: Deoxys|Pressure\n|turn|1\n|c|\u2606Raph369|hf\n|inactive|Raph369 has 270 seconds left.\n|c|\u2606TreinerOrenge|i will have fun only if your 6 pokemon die first\n|c|\u2606Raph369|don't have fun\n|\n|t:|1653248013\n|move|p2a: Deoxys|Extreme Speed|p1a: Tentacruel\n|-damage|p1a: Tentacruel|39\/100\n|move|p1a: Tentacruel|Toxic Spikes|p2a: Deoxys\n|-sidestart|p2: Raph369|move: Toxic Spikes\n|\n|upkeep\n|turn|2\n|c|+BluBirD|ok...boomer\n|\n|t:|1653248028\n|move|p2a: Deoxys|Extreme Speed|p1a: Tentacruel\n|-damage|p1a: Tentacruel|0 fnt\n|faint|p1a: Tentacruel\n|\n|upkeep\n|\n|t:|1653248031\n|switch|p1a: Bronzong|Bronzong|100\/100\n|turn|3\n|c|+Perry|LETS GO RAPH\n|\n|t:|1653248035\n|move|p2a: Deoxys|Spikes|p1a: Bronzong\n|-sidestart|p1: TreinerOrenge|Spikes\n|move|p1a: Bronzong|Stealth Rock|p2a: Deoxys\n|-sidestart|p2: Raph369|move: Stealth Rock\n|\n|upkeep\n|turn|4\n|\n|t:|1653248038\n|move|p2a: Deoxys|Spikes|p1a: Bronzong\n|-sidestart|p1: TreinerOrenge|Spikes\n|move|p1a: Bronzong|Earthquake|p2a: Deoxys\n|-damage|p2a: Deoxys|13\/100\n|\n|upkeep\n|turn|5\n|\n|t:|1653248040\n|move|p2a: Deoxys|Spikes|p1a: Bronzong\n|-sidestart|p1: TreinerOrenge|Spikes\n|move|p1a: Bronzong|Earthquake|p2a: Deoxys\n|-damage|p2a: Deoxys|0 fnt\n|faint|p2a: Deoxys\n|\n|upkeep\n|\n|t:|1653248048\n|switch|p2a: Kyogre|Kyogre|100\/100\n|-status|p2a: Kyogre|psn\n|-damage|p2a: Kyogre|88\/100 psn|[from] Stealth Rock\n|-weather|RainDance|[from] ability: Drizzle|[of] p2a: Kyogre\n|turn|6\n|\n|t:|1653248052\n|switch|p1a: Latios|Latios, M|100\/100\n|move|p2a: Kyogre|Water Spout|p1a: Latios\n|-resisted|p1a: Latios\n|-damage|p1a: Latios|32\/100\n|\n|-weather|RainDance|[upkeep]\n|-damage|p2a: Kyogre|76\/100 psn|[from] psn\n|upkeep\n|turn|7\n|\n|t:|1653248058\n|switch|p2a: Dialga|Dialga|100\/100\n|-damage|p2a: Dialga|94\/100|[from] Stealth Rock\n|-ability|p2a: Dialga|Pressure\n|move|p1a: Latios|Thunder|p2a: Dialga\n|-resisted|p2a: Dialga\n|-damage|p2a: Dialga|76\/100\n|\n|-weather|RainDance|[upkeep]\n|-heal|p2a: Dialga|82\/100|[from] item: Leftovers\n|upkeep\n|turn|8\n|\n|t:|1653248065\n|move|p1a: Latios|Draco Meteor|p2a: Dialga|[miss]\n|-miss|p1a: Latios|p2a: Dialga\n|move|p2a: Dialga|Stealth Rock|p1a: Latios\n|-sidestart|p1: TreinerOrenge|move: Stealth Rock\n|\n|-weather|RainDance|[upkeep]\n|-heal|p2a: Dialga|89\/100|[from] item: Leftovers\n|upkeep\n|turn|9\n|\n|t:|1653248070\n|move|p1a: Latios|Draco Meteor|p2a: Dialga\n|-damage|p2a: Dialga|22\/100\n|-unboost|p1a: Latios|spa|2\n|move|p2a: Dialga|Draco Meteor|p1a: Latios\n|-supereffective|p1a: Latios\n|-damage|p1a: Latios|0 fnt\n|-unboost|p2a: Dialga|spa|2\n|faint|p1a: Latios\n|\n|-weather|RainDance|[upkeep]\n|-heal|p2a: Dialga|28\/100|[from] item: Leftovers\n|upkeep\n|\n|t:|1653248075\n|switch|p1a: Giratina|Giratina-Origin|100\/100\n|-damage|p1a: Giratina|88\/100|[from] Stealth Rock\n|turn|10\n|\n|t:|1653248079\n|move|p1a: Giratina|Earthquake|p2a: Dialga\n|-supereffective|p2a: Dialga\n|-damage|p2a: Dialga|0 fnt\n|faint|p2a: Dialga\n|\n|-weather|RainDance|[upkeep]\n|upkeep\n|\n|t:|1653248085\n|switch|p2a: Darkrai|Darkrai|100\/100\n|-status|p2a: Darkrai|psn\n|-enditem|p2a: Darkrai|Lum Berry|[eat]\n|-curestatus|p2a: Darkrai|psn|[msg]\n|-damage|p2a: Darkrai|88\/100|[from] Stealth Rock\n|turn|11\n|\n|t:|1653248089\n|move|p2a: Darkrai|Substitute|p2a: Darkrai\n|-start|p2a: Darkrai|Substitute\n|-damage|p2a: Darkrai|63\/100\n|move|p1a: Giratina|Draco Meteor|p2a: Darkrai\n|-end|p2a: Darkrai|Substitute\n|-unboost|p1a: Giratina|spa|2\n|\n|-weather|RainDance|[upkeep]\n|upkeep\n|turn|12\n|\n|t:|1653248092\n|switch|p1a: Garchomp|Garchomp, F|100\/100\n|-damage|p1a: Garchomp|76\/100|[from] Spikes\n|-damage|p1a: Garchomp|69\/100|[from] Stealth Rock\n|move|p2a: Darkrai|Dark Void|p1a: Garchomp|[miss]\n|-miss|p2a: Darkrai|p1a: Garchomp\n|\n|-weather|RainDance|[upkeep]\n|upkeep\n|turn|13\n|inactive|Raph369 has 270 seconds left.\n|\n|t:|1653248138\n|move|p1a: Garchomp|Outrage|p2a: Darkrai\n|-damage|p2a: Darkrai|0 fnt\n|faint|p2a: Darkrai\n|\n|-weather|RainDance|[upkeep]\n|upkeep\n|\n|t:|1653248142\n|switch|p2a: Kingdra|Kingdra, M|100\/100\n|-status|p2a: Kingdra|psn\n|-damage|p2a: Kingdra|88\/100 psn|[from] Stealth Rock\n|turn|14\n|\n|t:|1653248164\n|move|p2a: Kingdra|Surf|p1a: Garchomp\n|-damage|p1a: Garchomp|0 fnt\n|faint|p1a: Garchomp\n|-damage|p2a: Kingdra|78\/100 psn|[from] item: Life Orb\n|\n|-weather|RainDance|[upkeep]\n|-damage|p2a: Kingdra|66\/100 psn|[from] psn\n|upkeep\n|\n|t:|1653248168\n|switch|p1a: Dialga|Dialga|100\/100\n|-damage|p1a: Dialga|75\/100|[from] Spikes\n|-damage|p1a: Dialga|69\/100|[from] Stealth Rock\n|-ability|p1a: Dialga|Pressure\n|turn|15\n|inactive|Raph369 has 240 seconds left.\n|\n|t:|1653248206\n|move|p2a: Kingdra|Draco Meteor|p1a: Dialga\n|-damage|p1a: Dialga|14\/100\n|-unboost|p2a: Kingdra|spa|2\n|-damage|p2a: Kingdra|56\/100 psn|[from] item: Life Orb\n|move|p1a: Dialga|Dragon Claw|p2a: Kingdra\n|-supereffective|p2a: Kingdra\n|-damage|p2a: Kingdra|0 fnt\n|faint|p2a: Kingdra\n|\n|-weather|RainDance|[upkeep]\n|-heal|p1a: Dialga|20\/100|[from] item: Leftovers\n|upkeep\n|\n|t:|1653248226\n|switch|p2a: Giratina|Giratina-Origin|100\/100\n|-damage|p2a: Giratina|88\/100|[from] Stealth Rock\n|turn|16\n|\n|t:|1653248235\n|move|p2a: Giratina|Earthquake|p1a: Dialga\n|-supereffective|p1a: Dialga\n|-damage|p1a: Dialga|0 fnt\n|faint|p1a: Dialga\n|\n|-weather|RainDance|[upkeep]\n|upkeep\n|\n|t:|1653248247\n|switch|p1a: Bronzong|Bronzong|100\/100\n|-damage|p1a: Bronzong|94\/100|[from] Stealth Rock\n|turn|17\n|inactive|Raph369 has 210 seconds left.\n|\n|t:|1653248304\n|switch|p2a: Kyogre|Kyogre|76\/100 psn\n|-damage|p2a: Kyogre|63\/100 psn|[from] Stealth Rock\n|move|p1a: Bronzong|Toxic||[still]\n|-fail|p1a: Bronzong\n|\n|-weather|RainDance|[upkeep]\n|-damage|p2a: Kyogre|51\/100 psn|[from] psn\n|-heal|p1a: Bronzong|100\/100|[from] item: Leftovers\n|upkeep\n|turn|18\n|inactive|Raph369 has 180 seconds left.\n|\n|t:|1653248323\n|move|p1a: Bronzong|Protect|p1a: Bronzong\n|-singleturn|p1a: Bronzong|Protect\n|move|p2a: Kyogre|Surf|p1a: Bronzong\n|-activate|p1a: Bronzong|Protect\n|\n|-weather|RainDance|[upkeep]\n|-damage|p2a: Kyogre|39\/100 psn|[from] psn\n|upkeep\n|turn|19\n|\n|t:|1653248328\n|switch|p1a: Giratina|Giratina-Origin|88\/100\n|-damage|p1a: Giratina|76\/100|[from] Stealth Rock\n|move|p2a: Kyogre|Surf|p1a: Giratina\n|-resisted|p1a: Giratina\n|-damage|p1a: Giratina|18\/100\n|\n|-weather|RainDance|[upkeep]\n|-damage|p2a: Kyogre|26\/100 psn|[from] psn\n|upkeep\n|turn|20\n|\n|t:|1653248337\n|move|p1a: Giratina|Shadow Sneak|p2a: Kyogre\n|-damage|p2a: Kyogre|1\/100 psn\n|move|p2a: Kyogre|Surf|p1a: Giratina\n|-resisted|p1a: Giratina\n|-damage|p1a: Giratina|0 fnt\n|faint|p1a: Giratina\n|\n|-weather|RainDance|[upkeep]\n|-damage|p2a: Kyogre|0 fnt|[from] psn\n|faint|p2a: Kyogre\n|upkeep\n|\n|t:|1653248339\n|switch|p1a: Bronzong|Bronzong|100\/100\n|switch|p2a: Giratina|Giratina-Origin|88\/100\n|-damage|p2a: Giratina|76\/100|[from] Stealth Rock\n|-damage|p1a: Bronzong|94\/100|[from] Stealth Rock\n|turn|21\n|\n|t:|1653248341\n|move|p2a: Giratina|Thunder|p1a: Bronzong\n|-damage|p1a: Bronzong|61\/100\n|move|p1a: Bronzong|Toxic|p2a: Giratina\n|-status|p2a: Giratina|tox\n|\n|-weather|RainDance|[upkeep]\n|-damage|p2a: Giratina|69\/100 tox|[from] psn\n|-heal|p1a: Bronzong|68\/100|[from] item: Leftovers\n|upkeep\n|turn|22\n|\n|t:|1653248345\n|move|p1a: Bronzong|Protect|p1a: Bronzong\n|-singleturn|p1a: Bronzong|Protect\n|move|p2a: Giratina|Thunder|p1a: Bronzong\n|-activate|p1a: Bronzong|Protect\n|\n|-weather|RainDance|[upkeep]\n|-damage|p2a: Giratina|57\/100 tox|[from] psn\n|-heal|p1a: Bronzong|74\/100|[from] item: Leftovers\n|upkeep\n|turn|23\n|\n|t:|1653248347\n|move|p1a: Bronzong|Protect|p1a: Bronzong\n|-singleturn|p1a: Bronzong|Protect\n|move|p2a: Giratina|Thunder|p1a: Bronzong\n|-activate|p1a: Bronzong|Protect\n|\n|-weather|RainDance|[upkeep]\n|-damage|p2a: Giratina|39\/100 tox|[from] psn\n|-heal|p1a: Bronzong|80\/100|[from] item: Leftovers\n|upkeep\n|turn|24\n|\n|t:|1653248349\n|move|p1a: Bronzong|Protect||[still]\n|-fail|p1a: Bronzong\n|move|p2a: Giratina|Thunder|p1a: Bronzong\n|-damage|p1a: Bronzong|51\/100\n|-status|p1a: Bronzong|par\n|\n|-weather|RainDance|[upkeep]\n|-damage|p2a: Giratina|14\/100 tox|[from] psn\n|-heal|p1a: Bronzong|57\/100 par|[from] item: Leftovers\n|upkeep\n|turn|25\n|\n|t:|1653248351\n|cant|p1a: Bronzong|par\n|move|p2a: Giratina|Thunder|p1a: Bronzong\n|-damage|p1a: Bronzong|27\/100 par\n|\n|-weather|RainDance|[upkeep]\n|-damage|p2a: Giratina|0 fnt|[from] psn\n|faint|p2a: Giratina\n|\n|win|TreinerOrenge\n|upkeep\n|c|\u2606Raph369|gg\n|c|\u2606TreinerOrenge|gg\n","uploadtime":1653248352,"views":747,"p1id":"treinerorenge","p2id":"raph369","formatid":"gen4ubers","rating":0,"private":0,"password":null}