{"id":"smogtours-gen8ubers-644364","p1":"Holy Flatemo","p2":"Skysolo \u2764","format":"gen8ubers","log":"|inactive|Battle timer is ON: inactive players will automatically lose when time's up.\n|t:|1660959441\n|gametype|singles\n|player|p1|Holy Flatemo|evelyn|\n|player|p2|Skysolo \u2764|#pspl2019ubers|\n|teamsize|p1|6\n|teamsize|p2|6\n|gen|8\n|tier|[Gen 8] Ubers\n|rule|Sleep Clause Mod: Limit one foe put to sleep\n|rule|Species Clause: Limit one of each Pok\u00e9mon\n|rule|OHKO Clause: OHKO moves are banned\n|rule|Evasion Moves Clause: Evasion moves are banned\n|rule|Endless Battle Clause: Forcing endless battles is banned\n|rule|HP Percentage Mod: HP is shown in percentages\n|rule|Dynamax Clause: You cannot dynamax\n|clearpoke\n|poke|p1|Necrozma-Dusk-Mane|\n|poke|p1|Zygarde|\n|poke|p1|Yveltal|\n|poke|p1|Eternatus|\n|poke|p1|Groudon|\n|poke|p1|Ho-Oh|\n|poke|p2|Necrozma-Dusk-Mane|\n|poke|p2|Kyogre|\n|poke|p2|Yveltal|\n|poke|p2|Zekrom|\n|poke|p2|Landorus-Therian, M|\n|poke|p2|Eternatus|\n|teampreview\n|inactive|Holy Flatemo also wants the timer to be on.\n|c|\u2606Skysolo \u2764|hf\n|c|\u2606Holy Flatemo|u2\n|inactive|Holy Flatemo has 270 seconds left.\n|inactive|Skysolo \u2764 has 270 seconds left.\n|inactive|Holy Flatemo has 240 seconds left.\n|inactive|Skysolo \u2764 has 240 seconds left.\n|\n|t:|1660959511\n|start\n|switch|p1a: Eternatus|Eternatus|100\/100\n|switch|p2a: Eternatus|Eternatus|100\/100\n|-ability|p2a: Eternatus|Pressure\n|-ability|p1a: Eternatus|Pressure\n|turn|1\n|\n|t:|1660959520\n|move|p2a: Eternatus|Draco Meteor|p1a: Eternatus\n|-supereffective|p1a: Eternatus\n|-damage|p1a: Eternatus|26\/100\n|-unboost|p2a: Eternatus|spa|2\n|-enditem|p2a: Eternatus|Eject Pack\n|\n|t:|1660959526\n|switch|p2a: Necrozma|Necrozma-Dusk-Mane|100\/100\n|move|p1a: Eternatus|Mystical Fire|p2a: Necrozma\n|-supereffective|p2a: Necrozma\n|-damage|p2a: Necrozma|77\/100\n|-unboost|p2a: Necrozma|spa|1\n|\n|-heal|p1a: Eternatus|32\/100|[from] item: Black Sludge\n|-heal|p2a: Necrozma|83\/100|[from] item: Leftovers\n|upkeep\n|turn|2\n|\n|t:|1660959533\n|move|p1a: Eternatus|Recover|p1a: Eternatus\n|-heal|p1a: Eternatus|82\/100\n|move|p2a: Necrozma|Stealth Rock|p1a: Eternatus\n|-sidestart|p1: Holy Flatemo|move: Stealth Rock\n|\n|-heal|p1a: Eternatus|88\/100|[from] item: Black Sludge\n|-heal|p2a: Necrozma|89\/100|[from] item: Leftovers\n|upkeep\n|turn|3\n|\n|t:|1660959543\n|move|p1a: Eternatus|Sludge Bomb|p2a: Necrozma\n|-immune|p2a: Necrozma\n|move|p2a: Necrozma|Iron Head|p1a: Eternatus\n|-crit|p1a: Eternatus\n|-damage|p1a: Eternatus|43\/100\n|\n|-heal|p1a: Eternatus|49\/100|[from] item: Black Sludge\n|-heal|p2a: Necrozma|95\/100|[from] item: Leftovers\n|upkeep\n|turn|4\n|\n|t:|1660959550\n|switch|p1a: Zygarde|Zygarde, shiny|100\/100\n|-damage|p1a: Zygarde|94\/100|[from] Stealth Rock\n|move|p2a: Necrozma|Thunder Wave|p1a: Zygarde\n|-immune|p1a: Zygarde\n|\n|-heal|p1a: Zygarde|100\/100|[from] item: Leftovers\n|-heal|p2a: Necrozma|100\/100|[from] item: Leftovers\n|upkeep\n|turn|5\n|\n|t:|1660959564\n|switch|p2a: Zekrom|Zekrom|100\/100\n|-ability|p2a: Zekrom|Teravolt\n|move|p1a: Zygarde|Substitute|p1a: Zygarde\n|-start|p1a: Zygarde|Substitute\n|-damage|p1a: Zygarde|76\/100\n|\n|-heal|p1a: Zygarde|82\/100|[from] item: Leftovers\n|upkeep\n|turn|6\n|inactive|Holy Flatemo has 270 seconds left.\n|\n|t:|1660959597\n|move|p2a: Zekrom|Dragon Claw|p1a: Zygarde\n|-supereffective|p1a: Zygarde\n|-end|p1a: Zygarde|Substitute\n|move|p1a: Zygarde|Dragon Dance|p1a: Zygarde\n|-boost|p1a: Zygarde|atk|1\n|-boost|p1a: Zygarde|spe|1\n|\n|-heal|p1a: Zygarde|88\/100|[from] item: Leftovers\n|upkeep\n|turn|7\n|inactive|Holy Flatemo has 270 seconds left.\n|inactive|Skysolo \u2764 has 270 seconds left.\n|inactive|Holy Flatemo has 240 seconds left.\n|inactive|Skysolo \u2764 has 240 seconds left.\n|inactive|Holy Flatemo has 210 seconds left.\n|inactive|Holy Flatemo has 180 seconds left.\n|\n|t:|1660959721\n|switch|p2a: Landorus|Landorus-Therian, M|100\/100\n|-ability|p2a: Landorus|Intimidate|boost\n|-unboost|p1a: Zygarde|atk|1\n|move|p1a: Zygarde|Thousand Arrows|p2a: Landorus\n|-damage|p2a: Landorus|59\/100\n|-start|p2a: Landorus|Smack Down\n|\n|-heal|p1a: Zygarde|94\/100|[from] item: Leftovers\n|upkeep\n|turn|8\n|\n|t:|1660959733\n|move|p2a: Landorus|U-turn|p1a: Zygarde\n|-damage|p1a: Zygarde|76\/100\n|\n|t:|1660959741\n|switch|p2a: Zekrom|Zekrom|100\/100|[from]move: U-turn\n|-ability|p2a: Zekrom|Teravolt\n|move|p1a: Zygarde|Substitute|p1a: Zygarde\n|-start|p1a: Zygarde|Substitute\n|-damage|p1a: Zygarde|51\/100\n|\n|-heal|p1a: Zygarde|57\/100|[from] item: Leftovers\n|upkeep\n|turn|9\n|\n|t:|1660959749\n|move|p1a: Zygarde|Thousand Arrows|p2a: Zekrom\n|-supereffective|p2a: Zekrom\n|-damage|p2a: Zekrom|32\/100\n|move|p2a: Zekrom|Dragon Claw|p1a: Zygarde\n|-supereffective|p1a: Zygarde\n|-end|p1a: Zygarde|Substitute\n|\n|-heal|p1a: Zygarde|63\/100|[from] item: Leftovers\n|upkeep\n|turn|10\n|inactive|Holy Flatemo has 180 seconds left.\n|\n|t:|1660959762\n|move|p1a: Zygarde|Substitute|p1a: Zygarde\n|-start|p1a: Zygarde|Substitute\n|-damage|p1a: Zygarde|38\/100\n|move|p2a: Zekrom|Dragon Claw|p1a: Zygarde\n|-supereffective|p1a: Zygarde\n|-end|p1a: Zygarde|Substitute\n|\n|-heal|p1a: Zygarde|44\/100|[from] item: Leftovers\n|-activate|p1a: Zygarde|ability: Power Construct\n|detailschange|p1a: Zygarde|Zygarde-Complete, shiny\n|-heal|p1a: Zygarde|65\/100|[silent]\n|upkeep\n|turn|11\n|\n|t:|1660959768\n|move|p1a: Zygarde|Thousand Arrows|p2a: Zekrom\n|-supereffective|p2a: Zekrom\n|-damage|p2a: Zekrom|0 fnt\n|faint|p2a: Zekrom\n|\n|-heal|p1a: Zygarde|72\/100|[from] item: Leftovers\n|upkeep\n|\n|t:|1660959776\n|switch|p2a: Kyogre|Kyogre|100\/100\n|-weather|RainDance|[from] ability: Drizzle|[of] p2a: Kyogre\n|turn|12\n|inactive|Holy Flatemo has 180 seconds left.\n|inactive|Skysolo \u2764 has 210 seconds left.\n|inactive|Holy Flatemo has 150 seconds left.\n|inactive|Holy Flatemo has 120 seconds left.\n|\n|t:|1660959884\n|switch|p1a: Eternatus|Eternatus|49\/100\n|-damage|p1a: Eternatus|36\/100|[from] Stealth Rock\n|-ability|p1a: Eternatus|Pressure\n|move|p2a: Kyogre|Surf|p1a: Eternatus\n|-resisted|p1a: Eternatus\n|-crit|p1a: Eternatus\n|-damage|p1a: Eternatus|0 fnt\n|faint|p1a: Eternatus\n|\n|-weather|RainDance|[upkeep]\n|upkeep\n|\n|t:|1660959898\n|switch|p1a: Groudon|Groudon|100\/100\n|-damage|p1a: Groudon|94\/100|[from] Stealth Rock\n|-weather|SunnyDay|[from] ability: Drought|[of] p1a: Groudon\n|turn|13\n|inactive|Skysolo \u2764 has 180 seconds left.\n|inactive|Holy Flatemo has 90 seconds left.\n|\n|t:|1660959957\n|switch|p2a: Yveltal|Yveltal|100\/100\n|-ability|p2a: Yveltal|Dark Aura\n|move|p1a: Groudon|Precipice Blades|p2a: Yveltal\n|-immune|p2a: Yveltal\n|\n|-weather|SunnyDay|[upkeep]\n|-heal|p1a: Groudon|100\/100|[from] item: Leftovers\n|upkeep\n|turn|14\n|\n|t:|1660959965\n|move|p2a: Yveltal|Taunt|p1a: Groudon\n|-start|p1a: Groudon|move: Taunt\n|cant|p1a: Groudon|move: Taunt|Toxic\n|\n|-weather|SunnyDay|[upkeep]\n|upkeep\n|turn|15\n|\n|t:|1660959969\n|switch|p1a: Yveltal|Yveltal|100\/100\n|-ability|p1a: Yveltal|Dark Aura\n|move|p2a: Yveltal|Knock Off|p1a: Yveltal\n|-resisted|p1a: Yveltal\n|-damage|p1a: Yveltal|73\/100\n|-enditem|p1a: Yveltal|Heavy-Duty Boots|[from] move: Knock Off|[of] p2a: Yveltal\n|\n|-weather|SunnyDay|[upkeep]\n|upkeep\n|turn|16\n|\n|t:|1660959976\n|move|p1a: Yveltal|Defog|p2a: Yveltal\n|-unboost|p2a: Yveltal|evasion|1\n|-sideend|p1: Holy Flatemo|Stealth Rock|[from] move: Defog|[of] p1a: Yveltal\n|move|p2a: Yveltal|Taunt|p1a: Yveltal\n|-start|p1a: Yveltal|move: Taunt\n|\n|-weather|SunnyDay|[upkeep]\n|upkeep\n|turn|17\n|\n|t:|1660959987\n|switch|p2a: Eternatus|Eternatus|100\/100\n|-ability|p2a: Eternatus|Pressure\n|move|p1a: Yveltal|Knock Off|p2a: Eternatus\n|-damage|p2a: Eternatus|74\/100\n|\n|-weather|none\n|upkeep\n|turn|18\n|\n|t:|1660960007\n|switch|p2a: Kyogre|Kyogre|100\/100\n|-weather|RainDance|[from] ability: Drizzle|[of] p2a: Kyogre\n|switch|p1a: Groudon|Groudon|100\/100\n|-weather|SunnyDay|[from] ability: Drought|[of] p1a: Groudon\n|\n|-weather|SunnyDay|[upkeep]\n|upkeep\n|turn|19\n|inactive|Skysolo \u2764 has 180 seconds left.\n|\n|t:|1660960039\n|switch|p1a: Yveltal|Yveltal|73\/100\n|-ability|p1a: Yveltal|Dark Aura\n|move|p2a: Kyogre|Water Spout|p1a: Yveltal\n|-damage|p1a: Yveltal|20\/100\n|\n|-weather|SunnyDay|[upkeep]\n|upkeep\n|turn|20\n|inactive|Skysolo \u2764 has 180 seconds left.\n|\n|t:|1660960046\n|switch|p2a: Eternatus|Eternatus|74\/100\n|-ability|p2a: Eternatus|Pressure\n|move|p1a: Yveltal|Roost|p1a: Yveltal\n|-heal|p1a: Yveltal|70\/100\n|-singleturn|p1a: Yveltal|move: Roost\n|\n|-weather|SunnyDay|[upkeep]\n|upkeep\n|turn|21\n|inactive|Skysolo \u2764 has 180 seconds left.\n|\n|t:|1660960060\n|switch|p2a: Kyogre|Kyogre|100\/100\n|-weather|RainDance|[from] ability: Drizzle|[of] p2a: Kyogre\n|switch|p1a: Necrozma|Necrozma-Dusk-Mane|100\/100\n|\n|-weather|RainDance|[upkeep]\n|upkeep\n|turn|22\n|\n|t:|1660960068\n|switch|p1a: Ho-Oh|Ho-Oh|100\/100\n|move|p2a: Kyogre|Water Spout|p1a: Ho-Oh\n|-supereffective|p1a: Ho-Oh\n|-damage|p1a: Ho-Oh|0 fnt\n|faint|p1a: Ho-Oh\n|\n|-weather|RainDance|[upkeep]\n|upkeep\n|\n|t:|1660960070\n|switch|p1a: Groudon|Groudon|100\/100\n|-weather|SunnyDay|[from] ability: Drought|[of] p1a: Groudon\n|turn|23\n|inactive|Holy Flatemo has 120 seconds left.\n|\n|t:|1660960086\n|switch|p1a: Yveltal|Yveltal|70\/100\n|-ability|p1a: Yveltal|Dark Aura\n|move|p2a: Kyogre|Water Spout|p1a: Yveltal\n|-damage|p1a: Yveltal|16\/100\n|\n|-weather|SunnyDay|[upkeep]\n|upkeep\n|turn|24\n|inactive|Holy Flatemo has 120 seconds left.\n|inactive|Skysolo \u2764 has 210 seconds left.\n|\n|t:|1660960091\n|switch|p2a: Eternatus|Eternatus|74\/100\n|-ability|p2a: Eternatus|Pressure\n|move|p1a: Yveltal|Roost|p1a: Yveltal\n|-heal|p1a: Yveltal|66\/100\n|-singleturn|p1a: Yveltal|move: Roost\n|\n|-weather|SunnyDay|[upkeep]\n|upkeep\n|turn|25\n|\n|t:|1660960098\n|switch|p1a: Groudon|Groudon|100\/100\n|move|p2a: Eternatus|Flamethrower|p1a: Groudon\n|-damage|p1a: Groudon|60\/100\n|\n|-weather|SunnyDay|[upkeep]\n|-heal|p1a: Groudon|66\/100|[from] item: Leftovers\n|upkeep\n|turn|26\n|inactive|Skysolo \u2764 has 210 seconds left.\n|\n|t:|1660960138\n|move|p2a: Eternatus|Draco Meteor|p1a: Groudon\n|-damage|p1a: Groudon|10\/100\n|-unboost|p2a: Eternatus|spa|2\n|move|p1a: Groudon|Precipice Blades|p2a: Eternatus\n|-supereffective|p2a: Eternatus\n|-damage|p2a: Eternatus|0 fnt\n|faint|p2a: Eternatus\n|\n|-weather|SunnyDay|[upkeep]\n|-heal|p1a: Groudon|16\/100|[from] item: Leftovers\n|upkeep\n|\n|t:|1660960143\n|switch|p2a: Kyogre|Kyogre|100\/100\n|-weather|RainDance|[from] ability: Drizzle|[of] p2a: Kyogre\n|turn|27\n|\n|t:|1660960150\n|move|p2a: Kyogre|Water Spout|p1a: Groudon\n|-supereffective|p1a: Groudon\n|-damage|p1a: Groudon|0 fnt\n|faint|p1a: Groudon\n|\n|-weather|RainDance|[upkeep]\n|upkeep\n|\n|t:|1660960154\n|switch|p1a: Yveltal|Yveltal|66\/100\n|-ability|p1a: Yveltal|Dark Aura\n|turn|28\n|inactive|Skysolo \u2764 has 210 seconds left.\n|\n|t:|1660960164\n|switch|p2a: Yveltal|Yveltal|100\/100\n|-ability|p2a: Yveltal|Dark Aura\n|move|p1a: Yveltal|Knock Off|p2a: Yveltal\n|-resisted|p2a: Yveltal\n|-damage|p2a: Yveltal|78\/100\n|-enditem|p2a: Yveltal|Heavy-Duty Boots|[from] move: Knock Off|[of] p1a: Yveltal\n|\n|-weather|RainDance|[upkeep]\n|upkeep\n|turn|29\n|\n|t:|1660960167\n|move|p1a: Yveltal|Knock Off|p2a: Yveltal\n|-resisted|p2a: Yveltal\n|-damage|p2a: Yveltal|63\/100\n|move|p2a: Yveltal|Knock Off|p1a: Yveltal\n|-resisted|p1a: Yveltal\n|-damage|p1a: Yveltal|48\/100\n|\n|-weather|RainDance|[upkeep]\n|upkeep\n|turn|30\n|\n|t:|1660960171\n|move|p1a: Yveltal|Defog|p2a: Yveltal\n|-unboost|p2a: Yveltal|evasion|1\n|move|p2a: Yveltal|Roost|p2a: Yveltal\n|-heal|p2a: Yveltal|100\/100\n|-singleturn|p2a: Yveltal|move: Roost\n|\n|-weather|RainDance|[upkeep]\n|upkeep\n|turn|31\n|\n|t:|1660960175\n|move|p1a: Yveltal|Roost|p1a: Yveltal\n|-heal|p1a: Yveltal|98\/100\n|-singleturn|p1a: Yveltal|move: Roost\n|move|p2a: Yveltal|Taunt|p1a: Yveltal\n|-start|p1a: Yveltal|move: Taunt\n|\n|-weather|none\n|upkeep\n|turn|32\n|inactive|Skysolo \u2764 has 240 seconds left.\n|\n|t:|1660960181\n|move|p1a: Yveltal|Knock Off|p2a: Yveltal\n|-resisted|p2a: Yveltal\n|-damage|p2a: Yveltal|86\/100\n|move|p2a: Yveltal|Knock Off|p1a: Yveltal\n|-resisted|p1a: Yveltal\n|-damage|p1a: Yveltal|82\/100\n|\n|upkeep\n|turn|33\n|\n|t:|1660960187\n|move|p1a: Yveltal|Knock Off|p2a: Yveltal\n|-resisted|p2a: Yveltal\n|-damage|p2a: Yveltal|71\/100\n|move|p2a: Yveltal|Knock Off|p1a: Yveltal\n|-resisted|p1a: Yveltal\n|-damage|p1a: Yveltal|67\/100\n|\n|upkeep\n|turn|34\n|\n|t:|1660960194\n|move|p1a: Yveltal|Knock Off|p2a: Yveltal\n|-resisted|p2a: Yveltal\n|-damage|p2a: Yveltal|55\/100\n|move|p2a: Yveltal|Knock Off|p1a: Yveltal\n|-resisted|p1a: Yveltal\n|-damage|p1a: Yveltal|49\/100\n|\n|-end|p1a: Yveltal|move: Taunt\n|upkeep\n|turn|35\n|\n|t:|1660960204\n|move|p1a: Yveltal|Roost|p1a: Yveltal\n|-heal|p1a: Yveltal|99\/100\n|-singleturn|p1a: Yveltal|move: Roost\n|move|p2a: Yveltal|Roost|p2a: Yveltal\n|-heal|p2a: Yveltal|100\/100\n|-singleturn|p2a: Yveltal|move: Roost\n|\n|upkeep\n|turn|36\n|inactive|Skysolo \u2764 has 270 seconds left.\n|\n|t:|1660960223\n|move|p1a: Yveltal|Knock Off|p2a: Yveltal\n|-resisted|p2a: Yveltal\n|-damage|p2a: Yveltal|86\/100\n|move|p2a: Yveltal|Taunt|p1a: Yveltal\n|-start|p1a: Yveltal|move: Taunt\n|\n|upkeep\n|turn|37\n|\n|t:|1660960233\n|move|p1a: Yveltal|Knock Off|p2a: Yveltal\n|-resisted|p2a: Yveltal\n|-damage|p2a: Yveltal|70\/100\n|move|p2a: Yveltal|Defog|p1a: Yveltal\n|-unboost|p1a: Yveltal|evasion|1\n|\n|upkeep\n|turn|38\n|\n|t:|1660960239\n|move|p1a: Yveltal|Knock Off|p2a: Yveltal\n|-resisted|p2a: Yveltal\n|-damage|p2a: Yveltal|54\/100\n|move|p2a: Yveltal|Knock Off|p1a: Yveltal\n|-resisted|p1a: Yveltal\n|-damage|p1a: Yveltal|82\/100\n|\n|upkeep\n|turn|39\n|\n|t:|1660960243\n|move|p1a: Yveltal|Knock Off|p2a: Yveltal\n|-resisted|p2a: Yveltal\n|-damage|p2a: Yveltal|38\/100\n|move|p2a: Yveltal|Roost|p2a: Yveltal\n|-heal|p2a: Yveltal|88\/100\n|-singleturn|p2a: Yveltal|move: Roost\n|\n|-end|p1a: Yveltal|move: Taunt\n|upkeep\n|turn|40\n|\n|t:|1660960248\n|move|p1a: Yveltal|Knock Off|p2a: Yveltal\n|-resisted|p2a: Yveltal\n|-damage|p2a: Yveltal|72\/100\n|move|p2a: Yveltal|Taunt|p1a: Yveltal\n|-start|p1a: Yveltal|move: Taunt\n|\n|upkeep\n|turn|41\n|\n|t:|1660960254\n|move|p1a: Yveltal|Knock Off|p2a: Yveltal\n|-resisted|p2a: Yveltal\n|-damage|p2a: Yveltal|57\/100\n|move|p2a: Yveltal|Knock Off|p1a: Yveltal\n|-resisted|p1a: Yveltal\n|-damage|p1a: Yveltal|65\/100\n|\n|upkeep\n|turn|42\n|inactive|Skysolo \u2764 has 270 seconds left.\n|\n|t:|1660960290\n|move|p1a: Yveltal|Knock Off|p2a: Yveltal\n|-resisted|p2a: Yveltal\n|-damage|p2a: Yveltal|41\/100\n|move|p2a: Yveltal|Roost|p2a: Yveltal\n|-heal|p2a: Yveltal|91\/100\n|-singleturn|p2a: Yveltal|move: Roost\n|\n|upkeep\n|turn|43\n|\n|t:|1660960294\n|move|p1a: Yveltal|Knock Off|p2a: Yveltal\n|-resisted|p2a: Yveltal\n|-damage|p2a: Yveltal|75\/100\n|move|p2a: Yveltal|Defog|p1a: Yveltal\n|-unboost|p1a: Yveltal|evasion|1\n|\n|-end|p1a: Yveltal|move: Taunt\n|upkeep\n|turn|44\n|c|+fatfighter2|fascinating\n|\n|t:|1660960303\n|move|p1a: Yveltal|Knock Off|p2a: Yveltal\n|-resisted|p2a: Yveltal\n|-damage|p2a: Yveltal|58\/100\n|move|p2a: Yveltal|Taunt|p1a: Yveltal\n|-start|p1a: Yveltal|move: Taunt\n|\n|upkeep\n|turn|45\n|\n|t:|1660960308\n|switch|p1a: Necrozma|Necrozma-Dusk-Mane|100\/100\n|move|p2a: Yveltal|Knock Off|p1a: Necrozma\n|-supereffective|p1a: Necrozma\n|-damage|p1a: Necrozma|32\/100\n|-enditem|p1a: Necrozma|Lum Berry|[from] move: Knock Off|[of] p2a: Yveltal\n|\n|upkeep\n|turn|46\n|-message|Holy Flatemo forfeited.\n|\n|win|Skysolo \u2764\n|c|\u2606Skysolo \u2764|gg\n|c|\u2606Holy Flatemo|gg\n","uploadtime":1660960338,"views":163,"p1id":"holyflatemo","p2id":"skysolo","formatid":"gen8ubers","rating":0,"private":0,"password":null}