{"id":"smogtours-gen7ou-647692","p1":"Redemption","p2":"Souw","format":"gen7ou","log":"|inactive|Battle timer is ON: inactive players will automatically lose when time's up.\n|t:|1662909507\n|gametype|singles\n|player|p1|Redemption|#redemption|\n|player|p2|Souw|266|\n|teamsize|p1|6\n|teamsize|p2|6\n|gen|7\n|tier|[Gen 7] OU\n|rule|Sleep Clause Mod: Limit one foe put to sleep\n|rule|Species Clause: Limit one of each Pok\u00e9mon\n|rule|OHKO Clause: OHKO moves are banned\n|rule|Moody Clause: Moody is banned\n|rule|Evasion Items Clause: Evasion items are banned\n|rule|Evasion Moves Clause: Evasion moves are banned\n|rule|Endless Battle Clause: Forcing endless battles is banned\n|rule|HP Percentage Mod: HP is shown in percentages\n|clearpoke\n|poke|p1|Alakazam, F|item\n|poke|p1|Magnezone|item\n|poke|p1|Clefable, F|item\n|poke|p1|Greninja, M|item\n|poke|p1|Landorus-Therian, M|item\n|poke|p1|Tapu Fini|item\n|poke|p2|Charizard, M|item\n|poke|p2|Heatran, F|item\n|poke|p2|Victini|item\n|poke|p2|Landorus-Therian, M|item\n|poke|p2|Tapu Fini|item\n|poke|p2|Kartana|item\n|teampreview\n|c|\u2606Redemption|hf\n|c|\u2606Souw|hf\n|inactive|Redemption has 270 seconds left.\n|inactive|Souw has 270 seconds left.\n|c|\u2606Redemption|c'est ff \u00e7a je reconnais\n|inactive|Redemption has 240 seconds left.\n|inactive|Souw has 240 seconds left.\n|inactive|Souw has 210 seconds left.\n|\n|t:|1662909622\n|start\n|switch|p1a: Landorus|Landorus-Therian, M|100\/100\n|switch|p2a: Landorus|Landorus-Therian, M|100\/100\n|-ability|p1a: Landorus|Intimidate|boost\n|-unboost|p2a: Landorus|atk|1\n|-ability|p2a: Landorus|Intimidate|boost\n|-unboost|p1a: Landorus|atk|1\n|turn|1\n|\n|t:|1662909638\n|switch|p1a: Clefable|Clefable, F|100\/100\n|move|p2a: Landorus|Toxic|p1a: Clefable\n|-status|p1a: Clefable|tox\n|\n|upkeep\n|turn|2\n|\n|t:|1662909647\n|move|p2a: Landorus|U-turn|p1a: Clefable\n|-resisted|p1a: Clefable\n|-damage|p1a: Clefable|95\/100 tox\n|\n|t:|1662909650\n|switch|p2a: Heatran|Heatran, F|100\/100|[from]move: U-turn\n|move|p1a: Clefable|Stealth Rock|p2a: Heatran\n|-sidestart|p2: Souw|move: Stealth Rock\n|\n|-heal|p1a: Clefable|100\/100 tox|[from] item: Leftovers\n|upkeep\n|turn|3\n|\n|t:|1662909659\n|move|p2a: Heatran|Magma Storm|p1a: Clefable\n|-damage|p1a: Clefable|62\/100 tox\n|-activate|p1a: Clefable|move: Magma Storm|[of] p2a: Heatran\n|move|p1a: Clefable|Thunder Wave|p2a: Heatran\n|-status|p2a: Heatran|par\n|\n|-heal|p1a: Clefable|69\/100 tox|[from] item: Leftovers\n|upkeep\n|turn|4\n|\n|t:|1662909670\n|move|p1a: Clefable|Soft-Boiled|p1a: Clefable\n|-heal|p1a: Clefable|100\/100 tox\n|move|p2a: Heatran|Magma Storm|p1a: Clefable|[miss]\n|-miss|p2a: Heatran|p1a: Clefable\n|\n|upkeep\n|turn|5\n|\n|t:|1662909678\n|move|p1a: Clefable|Moonblast|p2a: Heatran\n|-resisted|p2a: Heatran\n|-damage|p2a: Heatran|96\/100 par\n|-unboost|p2a: Heatran|spa|1\n|move|p2a: Heatran|Earth Power|p1a: Clefable\n|-damage|p1a: Clefable|85\/100 tox\n|-unboost|p1a: Clefable|spd|1\n|\n|-heal|p1a: Clefable|91\/100 tox|[from] item: Leftovers\n|-heal|p2a: Heatran|100\/100 par|[from] item: Leftovers\n|upkeep\n|turn|6\n|inactive|Souw has 270 seconds left.\n|\n|t:|1662909687\n|move|p1a: Clefable|Moonblast|p2a: Heatran\n|-resisted|p2a: Heatran\n|-damage|p2a: Heatran|96\/100 par\n|cant|p2a: Heatran|par\n|\n|-heal|p1a: Clefable|97\/100 tox|[from] item: Leftovers\n|-heal|p2a: Heatran|100\/100 par|[from] item: Leftovers\n|upkeep\n|turn|7\n|\n|t:|1662909697\n|move|p1a: Clefable|Moonblast|p2a: Heatran\n|-resisted|p2a: Heatran\n|-damage|p2a: Heatran|96\/100 par\n|-unboost|p2a: Heatran|spa|1\n|move|p2a: Heatran|Magma Storm|p1a: Clefable\n|-damage|p1a: Clefable|68\/100 tox\n|\n|-heal|p1a: Clefable|74\/100 tox|[from] item: Leftovers\n|-heal|p2a: Heatran|100\/100 par|[from] item: Leftovers\n|-end|p1a: Clefable|Magma Storm|[partiallytrapped]\n|upkeep\n|turn|8\n|\n|t:|1662909712\n|switch|p2a: Tapu Fini|Tapu Fini|100\/100\n|-damage|p2a: Tapu Fini|88\/100|[from] Stealth Rock\n|-fieldstart|move: Misty Terrain|[from] ability: Misty Surge|[of] p2a: Tapu Fini\n|move|p1a: Clefable|Soft-Boiled|p1a: Clefable\n|-heal|p1a: Clefable|100\/100 tox\n|\n|-heal|p2a: Tapu Fini|94\/100|[from] item: Leftovers\n|upkeep\n|turn|9\n|\n|t:|1662909720\n|switch|p1a: Magnezone|Magnezone|100\/100\n|move|p2a: Tapu Fini|Defog|p1a: Magnezone\n|-unboost|p1a: Magnezone|evasion|1\n|-sideend|p2: Souw|Stealth Rock|[from] move: Defog|[of] p2a: Tapu Fini\n|\n|-heal|p2a: Tapu Fini|100\/100|[from] item: Leftovers\n|upkeep\n|turn|10\n|\n|t:|1662909743\n|switch|p2a: Landorus|Landorus-Therian, M|100\/100\n|-ability|p2a: Landorus|Intimidate|boost\n|-unboost|p1a: Magnezone|atk|1\n|move|p1a: Magnezone|Substitute|p1a: Magnezone\n|-start|p1a: Magnezone|Substitute\n|-damage|p1a: Magnezone|76\/100\n|\n|upkeep\n|turn|11\n|\n|t:|1662909749\n|move|p1a: Magnezone|Flash Cannon|p2a: Landorus\n|-damage|p2a: Landorus|53\/100\n|move|p2a: Landorus|Earthquake|p1a: Magnezone\n|-supereffective|p1a: Magnezone\n|-end|p1a: Magnezone|Substitute\n|\n|-heal|p2a: Landorus|59\/100|[from] item: Leftovers\n|upkeep\n|turn|12\n|\n|t:|1662909755\n|switch|p1a: Clefable|Clefable, F|100\/100 tox\n|move|p2a: Landorus|Stealth Rock|p1a: Clefable\n|-sidestart|p1: Redemption|move: Stealth Rock\n|\n|-heal|p2a: Landorus|65\/100|[from] item: Leftovers\n|-fieldend|Misty Terrain\n|upkeep\n|turn|13\n|\n|t:|1662909758\n|move|p2a: Landorus|U-turn|p1a: Clefable\n|-resisted|p1a: Clefable\n|-damage|p1a: Clefable|92\/100 tox\n|\n|t:|1662909785\n|switch|p2a: Heatran|Heatran, F|100\/100 par|[from]move: U-turn\n|move|p1a: Clefable|Stealth Rock|p2a: Heatran\n|-sidestart|p2: Souw|move: Stealth Rock\n|\n|-heal|p1a: Clefable|98\/100 tox|[from] item: Leftovers\n|upkeep\n|turn|14\n|\n|t:|1662909806\n|move|p1a: Clefable|Moonblast|p2a: Heatran\n|-resisted|p2a: Heatran\n|-damage|p2a: Heatran|96\/100 par\n|-unboost|p2a: Heatran|spa|1\n|move|p2a: Heatran|Magma Storm|p1a: Clefable\n|-damage|p1a: Clefable|70\/100 tox\n|-activate|p1a: Clefable|move: Magma Storm|[of] p2a: Heatran\n|\n|-heal|p1a: Clefable|76\/100 tox|[from] item: Leftovers\n|-heal|p2a: Heatran|100\/100 par|[from] item: Leftovers\n|upkeep\n|turn|15\n|\n|t:|1662909824\n|move|p1a: Clefable|Moonblast|p2a: Heatran\n|-resisted|p2a: Heatran\n|-damage|p2a: Heatran|96\/100 par\n|move|p2a: Heatran|Earth Power|p1a: Clefable\n|-damage|p1a: Clefable|60\/100 tox\n|\n|-heal|p1a: Clefable|66\/100 tox|[from] item: Leftovers\n|-heal|p2a: Heatran|100\/100 par|[from] item: Leftovers\n|upkeep\n|turn|16\n|\n|t:|1662909838\n|switch|p2a: Tapu Fini|Tapu Fini|100\/100\n|-damage|p2a: Tapu Fini|88\/100|[from] Stealth Rock\n|-fieldstart|move: Misty Terrain|[from] ability: Misty Surge|[of] p2a: Tapu Fini\n|move|p1a: Clefable|Soft-Boiled|p1a: Clefable\n|-heal|p1a: Clefable|100\/100 tox\n|\n|-heal|p2a: Tapu Fini|94\/100|[from] item: Leftovers\n|-end|p1a: Clefable|Magma Storm|[partiallytrapped]|[silent]\n|upkeep\n|turn|17\n|\n|t:|1662909842\n|move|p2a: Tapu Fini|Taunt|p1a: Clefable\n|-start|p1a: Clefable|move: Taunt\n|move|p1a: Clefable|Moonblast|p2a: Tapu Fini\n|-damage|p2a: Tapu Fini|75\/100\n|\n|-heal|p2a: Tapu Fini|81\/100|[from] item: Leftovers\n|upkeep\n|turn|18\n|\n|t:|1662909856\n|move|p2a: Tapu Fini|Nature's Madness|p1a: Clefable\n|-damage|p1a: Clefable|50\/100 tox\n|move|p1a: Clefable|Moonblast|p2a: Tapu Fini\n|-crit|p2a: Tapu Fini\n|-damage|p2a: Tapu Fini|52\/100\n|\n|-heal|p2a: Tapu Fini|58\/100|[from] item: Leftovers\n|-heal|p1a: Clefable|57\/100 tox|[from] item: Leftovers\n|upkeep\n|turn|19\n|\n|t:|1662909862\n|move|p2a: Tapu Fini|Defog|p1a: Clefable\n|-unboost|p1a: Clefable|evasion|1\n|-sideend|p1: Redemption|Stealth Rock|[from] move: Defog|[of] p2a: Tapu Fini\n|-sideend|p2: Souw|Stealth Rock|[from] move: Defog|[of] p2a: Tapu Fini\n|move|p1a: Clefable|Moonblast|p2a: Tapu Fini\n|-damage|p2a: Tapu Fini|37\/100\n|-unboost|p2a: Tapu Fini|spa|1\n|\n|-heal|p2a: Tapu Fini|43\/100|[from] item: Leftovers\n|-heal|p1a: Clefable|63\/100 tox|[from] item: Leftovers\n|-end|p1a: Clefable|move: Taunt\n|upkeep\n|turn|20\n|\n|t:|1662909865\n|move|p2a: Tapu Fini|Moonblast|p1a: Clefable\n|-damage|p1a: Clefable|44\/100 tox\n|-unboost|p1a: Clefable|spa|1\n|move|p1a: Clefable|Moonblast|p2a: Tapu Fini\n|-damage|p2a: Tapu Fini|28\/100\n|\n|-heal|p2a: Tapu Fini|34\/100|[from] item: Leftovers\n|-heal|p1a: Clefable|50\/100 tox|[from] item: Leftovers\n|-fieldend|Misty Terrain\n|upkeep\n|turn|21\n|\n|t:|1662909872\n|move|p2a: Tapu Fini|Taunt|p1a: Clefable\n|-start|p1a: Clefable|move: Taunt\n|move|p1a: Clefable|Moonblast|p2a: Tapu Fini\n|-damage|p2a: Tapu Fini|20\/100\n|\n|-heal|p2a: Tapu Fini|26\/100|[from] item: Leftovers\n|-heal|p1a: Clefable|56\/100 tox|[from] item: Leftovers\n|upkeep\n|turn|22\n|\n|t:|1662909881\n|switch|p1a: Magnezone|Magnezone|76\/100\n|move|p2a: Tapu Fini|Nature's Madness|p1a: Magnezone\n|-damage|p1a: Magnezone|38\/100\n|\n|-heal|p2a: Tapu Fini|32\/100|[from] item: Leftovers\n|upkeep\n|turn|23\n|inactive|Souw has 270 seconds left.\n|\n|t:|1662909924\n|switch|p1a: Clefable|Clefable, F|56\/100 tox\n|switch|p2a: Landorus|Landorus-Therian, M|65\/100\n|-ability|p2a: Landorus|Intimidate|boost\n|-unboost|p1a: Clefable|atk|1\n|\n|-heal|p2a: Landorus|71\/100|[from] item: Leftovers\n|-heal|p1a: Clefable|62\/100 tox|[from] item: Leftovers\n|upkeep\n|turn|24\n|\n|t:|1662909931\n|move|p2a: Landorus|Earthquake|p1a: Clefable\n|-crit|p1a: Clefable\n|-damage|p1a: Clefable|5\/100 tox\n|move|p1a: Clefable|Soft-Boiled|p1a: Clefable\n|-heal|p1a: Clefable|55\/100 tox\n|\n|-heal|p2a: Landorus|77\/100|[from] item: Leftovers\n|-heal|p1a: Clefable|61\/100 tox|[from] item: Leftovers\n|upkeep\n|turn|25\n|\n|t:|1662909938\n|switch|p2a: Kartana|Kartana|100\/100\n|move|p1a: Clefable|Soft-Boiled|p1a: Clefable\n|-heal|p1a: Clefable|100\/100 tox\n|\n|upkeep\n|turn|26\n|\n|t:|1662909956\n|move|p2a: Kartana|Swords Dance|p2a: Kartana\n|-boost|p2a: Kartana|atk|2\n|move|p1a: Clefable|Stealth Rock|p2a: Kartana\n|-sidestart|p2: Souw|move: Stealth Rock\n|\n|upkeep\n|turn|27\n|inactive|Redemption has 270 seconds left.\n|inactive|Souw has 270 seconds left.\n|inactive|Redemption has 240 seconds left.\n|inactive|Souw has 240 seconds left.\n|\n|t:|1662910029\n|move|p2a: Kartana|Smart Strike|p1a: Clefable\n|-supereffective|p1a: Clefable\n|-damage|p1a: Clefable|0 fnt\n|faint|p1a: Clefable\n|-ability|p2a: Kartana|Beast Boost|boost\n|-boost|p2a: Kartana|spe|1\n|\n|upkeep\n|\n|t:|1662910044\n|switch|p1a: Landorus|Landorus-Therian, M|100\/100\n|-ability|p1a: Landorus|Intimidate|boost\n|-unboost|p2a: Kartana|atk|1\n|turn|28\n|inactive|Souw has 240 seconds left.\n|\n|t:|1662910069\n|switch|p1a: Magnezone|Magnezone|38\/100\n|move|p2a: Kartana|Swords Dance|p2a: Kartana\n|-boost|p2a: Kartana|atk|2\n|\n|upkeep\n|turn|29\n|c|\u2606Redemption|ouais c finito\n|inactive|Souw has 240 seconds left.\n|c|\u2606Redemption|streamoustache je te mauidis\n|inactive|Redemption has 210 seconds left.\n|\n|t:|1662910093\n|move|p2a: Kartana|Sacred Sword|p1a: Magnezone\n|-supereffective|p1a: Magnezone\n|-damage|p1a: Magnezone|0 fnt\n|faint|p1a: Magnezone\n|-ability|p2a: Kartana|Beast Boost|boost\n|-boost|p2a: Kartana|spe|1\n|\n|upkeep\n|\n|t:|1662910095\n|switch|p1a: Landorus|Landorus-Therian, M|100\/100\n|-ability|p1a: Landorus|Intimidate|boost\n|-unboost|p2a: Kartana|atk|1\n|turn|30\n|inactive|Redemption has 210 seconds left.\n|\n|t:|1662910110\n|move|p2a: Kartana|Leaf Blade|p1a: Landorus\n|-damage|p1a: Landorus|9\/100\n|move|p1a: Landorus|Earthquake|p2a: Kartana\n|-damage|p2a: Kartana|51\/100\n|\n|upkeep\n|turn|31\n|inactive|Redemption has 210 seconds left.\n|\n|t:|1662910119\n|move|p2a: Kartana|Leaf Blade|p1a: Landorus\n|-crit|p1a: Landorus\n|-damage|p1a: Landorus|0 fnt\n|faint|p1a: Landorus\n|-ability|p2a: Kartana|Beast Boost|boost\n|-boost|p2a: Kartana|spe|1\n|\n|upkeep\n|inactive|Redemption has 210 seconds left.\n|\n|t:|1662910124\n|switch|p1a: Greninja|Greninja, M|100\/100\n|turn|32\n|\n|t:|1662910128\n|move|p1a: Greninja|Water Shuriken|p2a: Kartana\n|-resisted|p2a: Kartana\n|-damage|p2a: Kartana|39\/100\n|-resisted|p2a: Kartana\n|-damage|p2a: Kartana|26\/100\n|-hitcount|p2a: Kartana|2\n|move|p2a: Kartana|Leaf Blade|p1a: Greninja\n|-supereffective|p1a: Greninja\n|-damage|p1a: Greninja|0 fnt\n|faint|p1a: Greninja\n|-ability|p2a: Kartana|Beast Boost|boost\n|-boost|p2a: Kartana|spe|1\n|\n|upkeep\n|c|\u2606Redemption|..\n|c|\u2606Redemption|gg\n|\n|t:|1662910141\n|switch|p1a: Tapu Fini|Tapu Fini|100\/100\n|-fieldstart|move: Misty Terrain|[from] ability: Misty Surge|[of] p1a: Tapu Fini\n|turn|33\n|c|\u2606Souw|gg\n|\n|t:|1662910145\n|move|p2a: Kartana|Leaf Blade|p1a: Tapu Fini\n|-supereffective|p1a: Tapu Fini\n|-damage|p1a: Tapu Fini|0 fnt\n|faint|p1a: Tapu Fini\n|-ability|p2a: Kartana|Beast Boost|boost\n|-boost|p2a: Kartana|spe|1\n|\n|upkeep\n|\n|t:|1662910148\n|switch|p1a: Alakazam|Alakazam, F|100\/100\n|turn|34\n|\n|t:|1662910152\n|detailschange|p1a: Alakazam|Alakazam-Mega, F\n|-mega|p1a: Alakazam|Alakazam|Alakazite\n|-ability|p1a: Alakazam|Beast Boost|[from] ability: Trace|[of] p2a: Kartana\n|move|p2a: Kartana|Leaf Blade|p1a: Alakazam\n|-damage|p1a: Alakazam|0 fnt\n|faint|p1a: Alakazam\n|\n|win|Souw\n","uploadtime":1662910153,"views":61,"p1id":"redemption","p2id":"souw","formatid":"gen7ou","rating":0,"private":0,"password":null}