{"id":"smogtours-gen8randomdoublesbattle-647741","p1":"Mimikyu Stardust","p2":"Kib0","format":"gen8randomdoublesbattle","log":"|inactive|Battle timer is ON: inactive players will automatically lose when time's up.\n|t:|1662911185\n|gametype|doubles\n|player|p1|Mimikyu Stardust|#mimikyustardust|\n|player|p2|Kib0|pokemonranger-gen4|\n|teamsize|p1|6\n|teamsize|p2|6\n|gen|8\n|tier|[Gen 8] Random Doubles Battle\n|rule|Species Clause: Limit one of each Pok\u00e9mon\n|rule|HP Percentage Mod: HP is shown in percentages\n|\n|t:|1662911185\n|start\n|switch|p1a: Kangaskhan|Kangaskhan, L88, F|328\/328\n|switch|p1b: Chandelure|Chandelure, L80, F|227\/227\n|switch|p2a: Heatran|Heatran, L80, M|277\/277\n|switch|p2b: Zekrom|Zekrom, L72|263\/263\n|-ability|p2b: Zekrom|Teravolt\n|turn|1\n|inactive|Kib0 has 270 seconds left.\n|inactive|Kib0 has 240 seconds left.\n|\n|t:|1662911263\n|switch|p2b: Appletun|Appletun, L90, F|344\/344\n|move|p1a: Kangaskhan|Fake Out|p2b: Appletun\n|-damage|p2b: Appletun|301\/344\n|move|p1b: Chandelure|Shadow Ball|p2a: Heatran\n|-damage|p2a: Heatran|177\/277\n|-unboost|p2a: Heatran|spd|1\n|move|p2a: Heatran|Eruption|p1b: Chandelure|[spread] p1a\n|-start|p1b: Chandelure|ability: Flash Fire\n|-damage|p1a: Kangaskhan|270\/328\n|\n|upkeep\n|turn|2\n|inactive|Kib0 has 270 seconds left.\n|\n|t:|1662911300\n|switch|p2a: Octillery|Octillery, L84, F|263\/263\n|move|p1b: Chandelure|Shadow Ball|p2a: Octillery\n|-damage|p2a: Octillery|148\/263\n|move|p1a: Kangaskhan|Rock Slide|p2a: Octillery|[spread] p2a\n|-miss|p1a: Kangaskhan|p2b: Appletun\n|-damage|p2a: Octillery|100\/263\n|move|p2b: Appletun|Leech Seed|p1a: Kangaskhan\n|-start|p1a: Kangaskhan|move: Leech Seed\n|\n|-heal|p2a: Octillery|116\/263|[from] item: Leftovers\n|-damage|p1a: Kangaskhan|229\/328|[from] Leech Seed|[of] p2b: Appletun\n|-heal|p2b: Appletun|342\/344|[silent]\n|-ability|p2a: Octillery|Moody|boost\n|-boost|p2a: Octillery|spd|2\n|-unboost|p2a: Octillery|spe|1\n|upkeep\n|turn|3\n|inactive|Kib0 has 270 seconds left.\n|\n|t:|1662911330\n|move|p1b: Chandelure|Shadow Ball|p2b: Appletun\n|-damage|p2b: Appletun|228\/344\n|move|p1a: Kangaskhan|Double-Edge|p2a: Octillery\n|-damage|p2a: Octillery|0 fnt\n|faint|p2a: Octillery\n|-damage|p1a: Kangaskhan|191\/328|[from] Recoil\n|move|p2b: Appletun|Dragon Pulse|p1a: Kangaskhan\n|-damage|p1a: Kangaskhan|122\/328\n|\n|-damage|p1a: Kangaskhan|81\/328|[from] Leech Seed|[of] p2b: Appletun\n|-heal|p2b: Appletun|269\/344|[silent]\n|upkeep\n|inactive|Kib0 has 240 seconds left.\n|\n|t:|1662911376\n|switch|p2a: Heatran|Heatran, L80, M|177\/277\n|turn|4\n|inactive|Kib0 has 240 seconds left.\n|\n|t:|1662911396\n|move|p1b: Chandelure|Shadow Ball|p2a: Heatran\n|-damage|p2a: Heatran|74\/277\n|move|p2a: Heatran|Earth Power|p1b: Chandelure\n|-supereffective|p1b: Chandelure\n|-damage|p1b: Chandelure|75\/227\n|move|p1a: Kangaskhan|Drain Punch|p2a: Heatran\n|-supereffective|p2a: Heatran\n|-damage|p2a: Heatran|0 fnt\n|-heal|p1a: Kangaskhan|118\/328|[from] drain|[of] p2a: Heatran\n|faint|p2a: Heatran\n|move|p2b: Appletun|Dragon Pulse|p1a: Kangaskhan\n|-damage|p1a: Kangaskhan|42\/328\n|\n|-damage|p1a: Kangaskhan|1\/328|[from] Leech Seed|[of] p2b: Appletun\n|-heal|p2b: Appletun|310\/344|[silent]\n|upkeep\n|inactive|Kib0 has 210 seconds left.\n|\n|t:|1662911445\n|switch|p2a: Lugia|Lugia, L72|271\/271\n|turn|5\n|inactive|Kib0 has 210 seconds left.\n|\n|t:|1662911462\n|switch|p2a: Skarmory|Skarmory, L84, M|246\/246\n|move|p2b: Appletun|Protect|p2b: Appletun\n|-singleturn|p2b: Appletun|Protect\n|move|p1b: Chandelure|Shadow Ball|p2a: Skarmory\n|-damage|p2a: Skarmory|128\/246\n|move|p1a: Kangaskhan|Rock Slide|p2b: Appletun|[spread] \n|-activate|p2b: Appletun|move: Protect\n|-miss|p1a: Kangaskhan|p2a: Skarmory\n|\n|-damage|p1a: Kangaskhan|0 fnt|[from] Leech Seed|[of] p2b: Appletun\n|-heal|p2b: Appletun|311\/344|[silent]\n|faint|p1a: Kangaskhan\n|upkeep\n|\n|t:|1662911473\n|switch|p1a: Clefable|Clefable, L86, F|304\/304\n|turn|6\n|inactive|Kib0 has 210 seconds left.\n|\n|t:|1662911499\n|switch|p2b: Lugia|Lugia, L72|271\/271\n|move|p1b: Chandelure|Shadow Ball|p2a: Skarmory\n|-damage|p2a: Skarmory|0 fnt\n|faint|p2a: Skarmory\n|move|p1a: Clefable|Moonblast|p2b: Lugia\n|-damage|p2b: Lugia|218\/271\n|\n|upkeep\n|inactive|Kib0 has 210 seconds left.\n|\n|t:|1662911531\n|switch|p2a: Appletun|Appletun, L90, F|311\/344\n|turn|7\n|\n|t:|1662911543\n|move|p1b: Chandelure|Shadow Ball|p2b: Lugia\n|-supereffective|p2b: Lugia\n|-damage|p2b: Lugia|42\/271\n|-unboost|p2b: Lugia|spd|1\n|-enditem|p2b: Lugia|Sitrus Berry|[eat]\n|-heal|p2b: Lugia|109\/271|[from] item: Sitrus Berry\n|move|p2b: Lugia|Calm Mind|p2b: Lugia\n|-boost|p2b: Lugia|spa|1\n|-boost|p2b: Lugia|spd|1\n|move|p1a: Clefable|Moonblast|p2a: Appletun\n|-supereffective|p2a: Appletun\n|-damage|p2a: Appletun|43\/344\n|-activate|p2a: Appletun|ability: Ripen\n|-enditem|p2a: Appletun|Sitrus Berry|[eat]\n|-heal|p2a: Appletun|215\/344|[from] item: Sitrus Berry\n|move|p2a: Appletun|Dragon Pulse|p1b: Chandelure\n|-damage|p1b: Chandelure|0 fnt\n|faint|p1b: Chandelure\n|\n|upkeep\n|\n|t:|1662911550\n|switch|p1b: Marshadow|Marshadow, L72|249\/249\n|turn|8\n|inactive|Kib0 has 210 seconds left.\n|\n|t:|1662911573\n|-start|p2b: Lugia|Dynamax|\n|-heal|p2b: Lugia|218\/542|[silent]\n|move|p1b: Marshadow|Spectral Thief||[still]\n|-clearpositiveboost|p2b: Lugia|p1b: Marshadow|move: Spectral Thief\n|-boost|p1b: Marshadow|spa|1\n|-anim|p1b: Marshadow|Spectral Thief|p2b: Lugia\n|-supereffective|p2b: Lugia\n|-damage|p2b: Lugia|15\/542\n|-damage|p1b: Marshadow|225\/249|[from] item: Life Orb\n|move|p2b: Lugia|Max Airstream|p1b: Marshadow\n|-supereffective|p1b: Marshadow\n|-damage|p1b: Marshadow|0 fnt\n|-boost|p2a: Appletun|spe|1\n|-boost|p2b: Lugia|spe|1\n|faint|p1b: Marshadow\n|move|p2a: Appletun|Leech Seed|p1a: Clefable\n|-start|p1a: Clefable|move: Leech Seed\n|move|p1a: Clefable|Moonblast|p2a: Appletun\n|-supereffective|p2a: Appletun\n|-damage|p2a: Appletun|0 fnt\n|faint|p2a: Appletun\n|\n|upkeep\n|\n|t:|1662911595\n|switch|p1b: Tsareena|Tsareena, L88, F|270\/270\n|switch|p2a: Zekrom|Zekrom, L72|263\/263\n|-ability|p2a: Zekrom|Teravolt\n|turn|9\n|\n|t:|1662911616\n|move|p2b: Lugia|Max Mindstorm|p1a: Clefable\n|-damage|p1a: Clefable|219\/304\n|-fieldstart|move: Psychic Terrain\n|move|p1b: Tsareena|U-turn|p2b: Lugia\n|-damage|p2b: Lugia|0 fnt\n|faint|p2b: Lugia\n|\n|t:|1662911622\n|switch|p1b: Whimsicott|Whimsicott, L82, F|233\/233\n|move|p2a: Zekrom|Dragon Dance|p2a: Zekrom\n|-boost|p2a: Zekrom|atk|1\n|-boost|p2a: Zekrom|spe|1\n|move|p1a: Clefable|Moonblast|p2a: Zekrom\n|-supereffective|p2a: Zekrom\n|-damage|p2a: Zekrom|0 fnt\n|faint|p2a: Zekrom\n|\n|win|Mimikyu Stardust\n","inputlog":">version 8cf3438afc5b4a013c2b2d0b6cd5b917bdfe9b81\n>start {\"formatid\":\"gen8randomdoublesbattle\",\"seed\":[17012,53012,28175,56679]}\n>player p1 {\"name\":\"Mimikyu Stardust\",\"avatar\":\"#mimikyustardust\",\"rating\":0,\"seed\":[61108,57138,32154,38487]}\n>player p2 {\"name\":\"Kib0\",\"avatar\":\"pokemonranger-gen4\",\"rating\":0,\"seed\":[23038,945,3134,28594]}\n>p1 move fakeout +2, move shadowball +1\n>p2 move eruption, switch 3\n>p1 move rockslide, move shadowball +1\n>p2 switch 6, move leechseed +1\n>p1 move doubleedge +1, move shadowball +2\n>p2 move hydropump +2, move dragonpulse +1\n>p2 switch 6, pass\n>p1 move drainpunch +1, move shadowball +1\n>p2 move earthpower +2, move dragonpulse +1\n>p2 switch 5, pass\n>p1 move rockslide, move shadowball +1\n>p2 switch 4, move protect\n>p1 switch 3, pass\n>p1 move moonblast +2, move shadowball +1\n>p2 move bravebird +2, switch 4\n>p2 switch 4, pass\n>p1 move moonblast +1, move shadowball +2\n>p2 move dragonpulse +2, move calmmind\n>p1 pass, switch 6\n>p1 move moonblast +1, move spectralthief +2\n>p2 move leechseed +2, move aeroblast +2 dynamax\n>p1 pass, switch 5\n>p2 switch 3, pass\n>p1 move moonblast +1, move uturn +2\n>p2 move dragondance, move psyshock +1 dynamax\n>p1 pass, switch 4","uploadtime":1662911623,"views":5,"p1id":"mimikyustardust","p2id":"kib0","formatid":"gen8randomdoublesbattle","rating":0,"private":0,"password":null}