{"id":"smogtours-gen7battlefactory-647643","p1":"agentkeval","p2":"Mimikyu Stardust","format":"gen7battlefactory","log":"|inactive|Battle timer is ON: inactive players will automatically lose when time's up.\n|t:|1662908283\n|gametype|singles\n|player|p1|agentkeval|1|\n|player|p2|Mimikyu Stardust|#mimikyustardust|\n|teamsize|p1|6\n|teamsize|p2|6\n|gen|7\n|tier|[Gen 7] Battle Factory\n|rule|Sleep Clause Mod: Limit one foe put to sleep\n|rule|HP Percentage Mod: HP is shown in percentages\n|rule|Mega Rayquaza Clause: You cannot mega evolve Rayquaza\n|clearpoke\n|poke|p1|Magmortar, M|item\n|poke|p1|Passimian, F|item\n|poke|p1|Samurott, M|item\n|poke|p1|Comfey, M|item\n|poke|p1|Weezing, F|item\n|poke|p1|Heliolisk, F|item\n|poke|p2|Glalie, M|item\n|poke|p2|Rhydon, M|item\n|poke|p2|Vaporeon, F|item\n|poke|p2|Xatu, F|item\n|poke|p2|Torterra, M|item\n|poke|p2|Dhelmise|item\n|teampreview\n|c|\u2606agentkeval|it been 6 seconds\n|\n|t:|1662908296\n|start\n|switch|p1a: Samurott|Samurott, M|331\/331\n|switch|p2a: Rhydon|Rhydon, M|414\/414\n|turn|1\n|c|\u2606agentkeval|u take too long to click\n|\n|t:|1662908302\n|switch|p2a: Xatu|Xatu, F|334\/334\n|move|p1a: Samurott|Ice Beam|p2a: Xatu\n|-supereffective|p2a: Xatu\n|-damage|p2a: Xatu|22\/334\n|-damage|p1a: Samurott|298\/331|[from] item: Life Orb\n|\n|upkeep\n|turn|2\n|c|\u2606Mimikyu Stardust|ur mom\n|\n|t:|1662908311\n|move|p1a: Samurott|Ice Beam|p2a: Xatu\n|-supereffective|p2a: Xatu\n|-damage|p2a: Xatu|0 fnt\n|faint|p2a: Xatu\n|-damage|p1a: Samurott|265\/331|[from] item: Life Orb\n|\n|upkeep\n|c|\u2606agentkeval|ez\n|\n|t:|1662908319\n|switch|p2a: Glalie|Glalie, M|301\/301\n|turn|3\n|\n|t:|1662908322\n|detailschange|p2a: Glalie|Glalie-Mega, M\n|-mega|p2a: Glalie|Glalie|Glalitite\n|move|p2a: Glalie|Double-Edge|p1a: Samurott\n|-resisted|p1a: Samurott\n|-damage|p1a: Samurott|120\/331\n|-damage|p2a: Glalie|253\/301|[from] Recoil\n|move|p1a: Samurott|Taunt|p2a: Glalie\n|-start|p2a: Glalie|move: Taunt\n|\n|upkeep\n|turn|4\n|\n|t:|1662908327\n|switch|p1a: Magmortar|Magmortar, M|292\/292\n|move|p2a: Glalie|Double-Edge|p1a: Magmortar\n|-resisted|p1a: Magmortar\n|-damage|p1a: Magmortar|114\/292\n|-damage|p2a: Glalie|194\/301|[from] Recoil\n|\n|upkeep\n|turn|5\n|c|\u2606agentkeval|this mon is broken\n|\n|t:|1662908336\n|move|p2a: Glalie|Double-Edge|p1a: Magmortar\n|-resisted|p1a: Magmortar\n|-damage|p1a: Magmortar|0 fnt\n|faint|p1a: Magmortar\n|-damage|p2a: Glalie|156\/301|[from] Recoil\n|\n|upkeep\n|\n|t:|1662908338\n|switch|p1a: Passimian|Passimian, F|341\/341\n|turn|6\n|\n|t:|1662908342\n|switch|p2a: Vaporeon|Vaporeon, F|464\/464\n|move|p1a: Passimian|U-turn|p2a: Vaporeon\n|-damage|p2a: Vaporeon|392\/464\n|\n|t:|1662908345\n|switch|p1a: Heliolisk|Heliolisk, F|265\/265\n|\n|-heal|p2a: Vaporeon|421\/464|[from] item: Leftovers\n|upkeep\n|turn|7\n|\n|t:|1662908350\n|switch|p2a: Torterra|Torterra, M|331\/331\n|move|p1a: Heliolisk|Volt Switch|p2a: Torterra\n|-immune|p2a: Torterra\n|\n|upkeep\n|turn|8\n|\n|t:|1662908360\n|switch|p1a: Weezing|Weezing, F|334\/334\n|switch|p2a: Vaporeon|Vaporeon, F|421\/464\n|\n|-heal|p2a: Vaporeon|450\/464|[from] item: Leftovers\n|upkeep\n|turn|9\n|\n|t:|1662908364\n|move|p2a: Vaporeon|Toxic|p1a: Weezing\n|-immune|p1a: Weezing\n|move|p1a: Weezing|Toxic Spikes|p2a: Vaporeon\n|-sidestart|p2: Mimikyu Stardust|move: Toxic Spikes\n|\n|-heal|p2a: Vaporeon|464\/464|[from] item: Leftovers\n|upkeep\n|turn|10\n|\n|t:|1662908366\n|switch|p1a: Heliolisk|Heliolisk, F|265\/265\n|move|p2a: Vaporeon|Toxic|p1a: Heliolisk\n|-status|p1a: Heliolisk|tox\n|\n|-damage|p1a: Heliolisk|249\/265 tox|[from] psn\n|upkeep\n|turn|11\n|\n|t:|1662908370\n|move|p1a: Heliolisk|Hyper Voice|p2a: Vaporeon\n|-damage|p2a: Vaporeon|227\/464\n|move|p2a: Vaporeon|Wish|p2a: Vaporeon\n|\n|-heal|p2a: Vaporeon|256\/464|[from] item: Leftovers\n|-damage|p1a: Heliolisk|217\/265 tox|[from] psn\n|upkeep\n|turn|12\n|\n|t:|1662908374\n|switch|p1a: Weezing|Weezing, F|334\/334\n|move|p2a: Vaporeon|Protect||[still]\n|-fail|p2a: Vaporeon\n|\n|-heal|p2a: Vaporeon|464\/464|[from] move: Wish|[wisher] Vaporeon\n|upkeep\n|turn|13\n|\n|t:|1662908393\n|move|p2a: Vaporeon|Scald|p1a: Weezing\n|-damage|p1a: Weezing|192\/334\n|move|p1a: Weezing|Toxic Spikes|p2a: Vaporeon\n|-sidestart|p2: Mimikyu Stardust|move: Toxic Spikes\n|\n|upkeep\n|turn|14\n|\n|t:|1662908404\n|move|p2a: Vaporeon|Wish|p2a: Vaporeon\n|move|p1a: Weezing|Pain Split|p2a: Vaporeon\n|-sethp|p2a: Vaporeon|328\/464|[from] move: Pain Split|[silent]\n|-sethp|p1a: Weezing|328\/334|[from] move: Pain Split\n|\n|-heal|p2a: Vaporeon|357\/464|[from] item: Leftovers\n|upkeep\n|turn|15\n|\n|t:|1662908413\n|switch|p2a: Dhelmise|Dhelmise|320\/320\n|-status|p2a: Dhelmise|tox\n|move|p1a: Weezing|Sludge Bomb|p2a: Dhelmise\n|-damage|p2a: Dhelmise|218\/320 tox\n|\n|-heal|p2a: Dhelmise|320\/320 tox|[from] move: Wish|[wisher] Vaporeon\n|-damage|p2a: Dhelmise|300\/320 tox|[from] psn\n|upkeep\n|turn|16\n|\n|t:|1662908418\n|move|p1a: Weezing|Pain Split|p2a: Dhelmise\n|-sethp|p2a: Dhelmise|314\/320 tox|[from] move: Pain Split|[silent]\n|-sethp|p1a: Weezing|314\/334|[from] move: Pain Split\n|move|p2a: Dhelmise|Rapid Spin|p1a: Weezing\n|-damage|p1a: Weezing|298\/334\n|-damage|p2a: Dhelmise|261\/320 tox|[from] item: Rocky Helmet|[of] p1a: Weezing\n|-sideend|p2: Mimikyu Stardust|Toxic Spikes|[from] move: Rapid Spin|[of] p2a: Dhelmise\n|\n|-damage|p2a: Dhelmise|221\/320 tox|[from] psn\n|upkeep\n|turn|17\n|\n|t:|1662908425\n|switch|p2a: Vaporeon|Vaporeon, F|357\/464\n|move|p1a: Weezing|Toxic Spikes|p2a: Vaporeon\n|-sidestart|p2: Mimikyu Stardust|move: Toxic Spikes\n|\n|-heal|p2a: Vaporeon|386\/464|[from] item: Leftovers\n|upkeep\n|turn|18\n|\n|t:|1662908431\n|move|p2a: Vaporeon|Scald|p1a: Weezing\n|-damage|p1a: Weezing|160\/334\n|-status|p1a: Weezing|brn\n|move|p1a: Weezing|Toxic Spikes|p2a: Vaporeon\n|-sidestart|p2: Mimikyu Stardust|move: Toxic Spikes\n|\n|-heal|p2a: Vaporeon|415\/464|[from] item: Leftovers\n|-damage|p1a: Weezing|140\/334 brn|[from] brn\n|upkeep\n|turn|19\n|\n|t:|1662908436\n|move|p2a: Vaporeon|Scald|p1a: Weezing\n|-damage|p1a: Weezing|0 fnt\n|faint|p1a: Weezing\n|\n|-heal|p2a: Vaporeon|444\/464|[from] item: Leftovers\n|upkeep\n|\n|t:|1662908441\n|switch|p1a: Heliolisk|Heliolisk, F|217\/265 tox\n|turn|20\n|\n|t:|1662908445\n|move|p2a: Vaporeon|Protect|p2a: Vaporeon\n|-singleturn|p2a: Vaporeon|Protect\n|move|p1a: Heliolisk|Surf|p2a: Vaporeon\n|-activate|p2a: Vaporeon|move: Protect\n|\n|-heal|p2a: Vaporeon|464\/464|[from] item: Leftovers\n|-damage|p1a: Heliolisk|201\/265 tox|[from] psn\n|upkeep\n|turn|21\n|\n|t:|1662908449\n|switch|p1a: Samurott|Samurott, M|120\/331\n|move|p2a: Vaporeon|Wish|p2a: Vaporeon\n|\n|upkeep\n|turn|22\n|\n|t:|1662908451\n|switch|p2a: Dhelmise|Dhelmise|221\/320 tox\n|move|p1a: Samurott|Taunt|p2a: Dhelmise\n|-start|p2a: Dhelmise|move: Taunt\n|\n|-heal|p2a: Dhelmise|320\/320 tox|[from] move: Wish|[wisher] Vaporeon\n|-damage|p2a: Dhelmise|300\/320 tox|[from] psn\n|upkeep\n|turn|23\n|\n|t:|1662908457\n|move|p1a: Samurott|Ice Beam|p2a: Dhelmise\n|-supereffective|p2a: Dhelmise\n|-damage|p2a: Dhelmise|37\/320 tox\n|-damage|p1a: Samurott|87\/331|[from] item: Life Orb\n|move|p2a: Dhelmise|Rapid Spin|p1a: Samurott\n|-damage|p1a: Samurott|58\/331\n|-sideend|p2: Mimikyu Stardust|Toxic Spikes|[from] move: Rapid Spin|[of] p2a: Dhelmise\n|\n|-damage|p2a: Dhelmise|0 fnt|[from] psn\n|faint|p2a: Dhelmise\n|upkeep\n|\n|t:|1662908461\n|switch|p2a: Glalie|Glalie-Mega, M|156\/301\n|turn|24\n|\n|t:|1662908474\n|switch|p1a: Comfey|Comfey, M|302\/302\n|move|p2a: Glalie|Double-Edge|p1a: Comfey\n|-crit|p1a: Comfey\n|-damage|p1a: Comfey|0 fnt\n|faint|p1a: Comfey\n|-damage|p2a: Glalie|56\/301|[from] Recoil\n|\n|upkeep\n|\n|t:|1662908477\n|switch|p1a: Passimian|Passimian, F|341\/341\n|turn|25\n|\n|t:|1662908483\n|move|p1a: Passimian|Close Combat|p2a: Glalie\n|-supereffective|p2a: Glalie\n|-damage|p2a: Glalie|0 fnt\n|-unboost|p1a: Passimian|def|1\n|-unboost|p1a: Passimian|spd|1\n|faint|p2a: Glalie\n|\n|upkeep\n|\n|t:|1662908487\n|switch|p2a: Torterra|Torterra, M|331\/331\n|turn|26\n|\n|t:|1662908489\n|switch|p1a: Heliolisk|Heliolisk, F|201\/265 tox\n|move|p2a: Torterra|Earthquake|p1a: Heliolisk\n|-supereffective|p1a: Heliolisk\n|-damage|p1a: Heliolisk|0 fnt\n|faint|p1a: Heliolisk\n|\n|upkeep\n|\n|t:|1662908491\n|switch|p1a: Samurott|Samurott, M|58\/331\n|turn|27\n|\n|t:|1662908495\n|switch|p2a: Vaporeon|Vaporeon, F|464\/464\n|move|p1a: Samurott|Grass Knot|p2a: Vaporeon\n|-supereffective|p2a: Vaporeon\n|-damage|p2a: Vaporeon|305\/464\n|-damage|p1a: Samurott|25\/331|[from] item: Life Orb\n|\n|-heal|p2a: Vaporeon|334\/464|[from] item: Leftovers\n|upkeep\n|turn|28\n|\n|t:|1662908499\n|move|p1a: Samurott|Taunt|p2a: Vaporeon\n|-start|p2a: Vaporeon|move: Taunt\n|cant|p2a: Vaporeon|move: Taunt|Wish\n|\n|-heal|p2a: Vaporeon|363\/464|[from] item: Leftovers\n|upkeep\n|turn|29\n|\n|t:|1662908506\n|switch|p2a: Rhydon|Rhydon, M|414\/414\n|move|p1a: Samurott|Grass Knot|p2a: Rhydon\n|-supereffective|p2a: Rhydon\n|-damage|p2a: Rhydon|0 fnt\n|faint|p2a: Rhydon\n|-damage|p1a: Samurott|0 fnt|[from] item: Life Orb\n|faint|p1a: Samurott\n|\n|upkeep\n|\n|t:|1662908509\n|switch|p1a: Passimian|Passimian, F|341\/341\n|switch|p2a: Vaporeon|Vaporeon, F|363\/464\n|turn|30\n|\n|t:|1662908512\n|move|p1a: Passimian|Close Combat|p2a: Vaporeon\n|-damage|p2a: Vaporeon|167\/464\n|-unboost|p1a: Passimian|def|1\n|-unboost|p1a: Passimian|spd|1\n|move|p2a: Vaporeon|Toxic|p1a: Passimian|[miss]\n|-miss|p2a: Vaporeon|p1a: Passimian\n|\n|-heal|p2a: Vaporeon|196\/464|[from] item: Leftovers\n|upkeep\n|turn|31\n|\n|t:|1662908515\n|move|p2a: Vaporeon|Protect|p2a: Vaporeon\n|-singleturn|p2a: Vaporeon|Protect\n|move|p1a: Passimian|Close Combat|p2a: Vaporeon\n|-activate|p2a: Vaporeon|move: Protect\n|\n|-heal|p2a: Vaporeon|225\/464|[from] item: Leftovers\n|upkeep\n|turn|32\n|\n|t:|1662908516\n|move|p1a: Passimian|Close Combat|p2a: Vaporeon\n|-damage|p2a: Vaporeon|38\/464\n|-unboost|p1a: Passimian|def|1\n|-unboost|p1a: Passimian|spd|1\n|move|p2a: Vaporeon|Wish|p2a: Vaporeon\n|\n|-heal|p2a: Vaporeon|67\/464|[from] item: Leftovers\n|upkeep\n|turn|33\n|\n|t:|1662908518\n|move|p2a: Vaporeon|Protect|p2a: Vaporeon\n|-singleturn|p2a: Vaporeon|Protect\n|move|p1a: Passimian|Close Combat|p2a: Vaporeon\n|-activate|p2a: Vaporeon|move: Protect\n|\n|-heal|p2a: Vaporeon|299\/464|[from] move: Wish|[wisher] Vaporeon\n|-heal|p2a: Vaporeon|328\/464|[from] item: Leftovers\n|upkeep\n|turn|34\n|\n|t:|1662908521\n|move|p1a: Passimian|Close Combat|p2a: Vaporeon\n|-damage|p2a: Vaporeon|130\/464\n|-unboost|p1a: Passimian|def|1\n|-unboost|p1a: Passimian|spd|1\n|move|p2a: Vaporeon|Wish|p2a: Vaporeon\n|\n|-heal|p2a: Vaporeon|159\/464|[from] item: Leftovers\n|upkeep\n|turn|35\n|-message|agentkeval forfeited.\n|\n|win|Mimikyu Stardust\n","inputlog":">version 8cf3438afc5b4a013c2b2d0b6cd5b917bdfe9b81\n>start {\"formatid\":\"gen7battlefactory\",\"seed\":[59956,35906,7049,23710]}\n>player p1 {\"name\":\"agentkeval\",\"avatar\":\"1\",\"rating\":0,\"seed\":[13601,24,1274,18345]}\n>player p2 {\"name\":\"Mimikyu Stardust\",\"avatar\":\"#mimikyustardust\",\"rating\":0,\"seed\":[41393,4000,16183,30224]}\n>chat \u2606agentkeval|it been 6 seconds\n>p1 team 3, 2, 1, 4, 5, 6\n>p2 team 2, 1, 3, 4, 5, 6\n>chat \u2606agentkeval|u take too long to click\n>p1 move icebeam\n>p2 switch 4\n>chat \u2606Mimikyu Stardust|ur mom\n>p1 move icebeam\n>p2 move roost\n>chat \u2606agentkeval|ez\n>p2 switch 2\n>p1 move taunt\n>p2 move doubleedge mega\n>p1 switch 3\n>p2 move doubleedge\n>chat \u2606agentkeval|this mon is broken\n>p1 move fireblast\n>p2 move doubleedge\n>p1 switch 2\n>p1 move uturn\n>p2 switch 3\n>p1 switch 6\n>p1 move voltswitch\n>p2 switch 5\n>p1 switch 5\n>p2 switch 5\n>p1 move toxicspikes\n>p2 move toxic\n>p1 switch 5\n>p2 move toxic\n>p1 move hypervoice\n>p2 move wish\n>p1 switch 5\n>p2 move protect\n>p1 move toxicspikes\n>p2 move scald\n>p1 move painsplit\n>p2 move wish\n>p1 move sludgebomb\n>p2 switch 6\n>p1 move painsplit\n>p2 move rapidspin\n>p1 move toxicspikes\n>p2 switch 6\n>p1 move toxicspikes\n>p2 move scald\n>p1 move painsplit\n>p2 move scald\n>p1 switch 5\n>p1 move surf\n>p2 move protect\n>p1 switch 3\n>p2 move wish\n>p1 move taunt\n>p2 switch 6\n>p1 move icebeam\n>p2 move rapidspin\n>p2 switch 3\n>p1 switch 4\n>p2 move doubleedge\n>p1 switch 6\n>p1 move closecombat\n>p2 move explosion\n>p2 switch 5\n>p1 switch 3\n>p2 move earthquake\n>p1 switch 4\n>p1 move grassknot\n>p2 switch 6\n>p1 move taunt\n>p2 move wish\n>p1 move grassknot\n>p2 switch 4\n>p1 switch 3\n>p2 switch 4\n>p1 move closecombat\n>p2 move toxic\n>p1 move closecombat\n>p2 move protect\n>p1 move closecombat\n>p2 move wish\n>p1 move closecombat\n>p2 move protect\n>p1 move closecombat\n>p2 move wish\n>forcelose p1","uploadtime":1662908526,"views":11,"p1id":"agentkeval","p2id":"mimikyustardust","formatid":"gen7battlefactory","rating":0,"private":0,"password":null}