{"id":"smogtours-gen4ou-647866","p1":"gilbert arenas(","p2":"Mimikyu Stardust","format":"gen4ou","log":"|inactive|Battle timer is ON: inactive players will automatically lose when time's up.\n|t:|1662915502\n|gametype|singles\n|player|p1|gilbert arenas(|#splxiiityrants|\n|player|p2|Mimikyu Stardust|#mimikyustardust|\n|teamsize|p1|6\n|teamsize|p2|6\n|gen|4\n|tier|[Gen 4] OU\n|rule|Sleep Clause Mod: Limit one foe put to sleep\n|rule|Species Clause: Limit one of each Pok\u00e9mon\n|rule|OHKO Clause: OHKO moves are banned\n|rule|Evasion Items Clause: Evasion items are banned\n|rule|Evasion Moves Clause: Evasion moves are banned\n|rule|Endless Battle Clause: Forcing endless battles is banned\n|rule|HP Percentage Mod: HP is shown in percentages\n|rule|Freeze Clause Mod: Limit one foe frozen\n|\n|t:|1662915502\n|start\n|switch|p1a: Breloom|Breloom, M|100\/100\n|switch|p2a: Coveted Vanquish|Jirachi|100\/100\n|turn|1\n|c|\u2606Mimikyu Stardust|hf\n|\n|t:|1662915512\n|switch|p2a: Oni-giri|Abomasnow, M|100\/100\n|-weather|Hail|[from] ability: Snow Warning|[of] p2a: Oni-giri\n|move|p1a: Breloom|Spore|p2a: Oni-giri\n|-status|p2a: Oni-giri|slp|[from] move: Spore\n|\n|-weather|Hail|[upkeep]\n|-damage|p1a: Breloom|94\/100|[from] Hail\n|upkeep\n|turn|2\n|\n|t:|1662915527\n|-singleturn|p1a: Breloom|move: Focus Punch\n|switch|p2a: Sisters Act|Latias, F|100\/100\n|move|p1a: Breloom|Focus Punch|p2a: Sisters Act\n|-resisted|p2a: Sisters Act\n|-damage|p2a: Sisters Act|70\/100\n|\n|-weather|Hail|[upkeep]\n|-damage|p2a: Sisters Act|64\/100|[from] Hail\n|-damage|p1a: Breloom|88\/100|[from] Hail\n|-heal|p2a: Sisters Act|70\/100|[from] item: Leftovers\n|upkeep\n|turn|3\n|c|\u2606Mimikyu Stardust|oh it affects, did not know that\n|c|\u2606gilbert arenas(|hail?\n|c|\u2606gilbert arenas(|ye everything\n|\n|t:|1662915548\n|switch|p1a: Tyranitar|Tyranitar, F|100\/100\n|-weather|Sandstorm|[from] ability: Sand Stream|[of] p1a: Tyranitar\n|move|p2a: Sisters Act|Dragon Pulse|p1a: Tyranitar\n|-damage|p1a: Tyranitar|80\/100\n|\n|-weather|Sandstorm|[upkeep]\n|-damage|p2a: Sisters Act|64\/100|[from] Sandstorm\n|-heal|p2a: Sisters Act|70\/100|[from] item: Leftovers\n|upkeep\n|turn|4\n|c|\u2606Mimikyu Stardust|nah spore i meant\n|c|\u2606gilbert arenas(|o\n|c|\u2606gilbert arenas(|ye\n|\n|t:|1662915555\n|move|p2a: Sisters Act|Recover|p2a: Sisters Act\n|-heal|p2a: Sisters Act|100\/100\n|move|p1a: Tyranitar|Stealth Rock|p2a: Sisters Act\n|-sidestart|p2: Mimikyu Stardust|move: Stealth Rock\n|\n|-weather|Sandstorm|[upkeep]\n|-damage|p2a: Sisters Act|94\/100|[from] Sandstorm\n|-heal|p2a: Sisters Act|100\/100|[from] item: Leftovers\n|upkeep\n|turn|5\n|c|\u2606gilbert arenas(|beofre gen\n|c|\u2606gilbert arenas(|6\n|\n|t:|1662915560\n|move|p2a: Sisters Act|Reflect|p2a: Sisters Act\n|-sidestart|p2: Mimikyu Stardust|Reflect\n|move|p1a: Tyranitar|Crunch|p2a: Sisters Act\n|-supereffective|p2a: Sisters Act\n|-damage|p2a: Sisters Act|69\/100\n|-unboost|p2a: Sisters Act|def|1\n|\n|-weather|Sandstorm|[upkeep]\n|-damage|p2a: Sisters Act|63\/100|[from] Sandstorm\n|-heal|p2a: Sisters Act|69\/100|[from] item: Leftovers\n|upkeep\n|turn|6\n|\n|t:|1662915563\n|move|p2a: Sisters Act|Toxic|p1a: Tyranitar\n|-status|p1a: Tyranitar|tox\n|-enditem|p1a: Tyranitar|Lum Berry|[eat]\n|-curestatus|p1a: Tyranitar|tox|[msg]\n|move|p1a: Tyranitar|Crunch|p2a: Sisters Act\n|-supereffective|p2a: Sisters Act\n|-damage|p2a: Sisters Act|16\/100\n|\n|-weather|Sandstorm|[upkeep]\n|-damage|p2a: Sisters Act|10\/100|[from] Sandstorm\n|-heal|p2a: Sisters Act|16\/100|[from] item: Leftovers\n|upkeep\n|turn|7\n|\n|t:|1662915566\n|move|p2a: Sisters Act|Toxic|p1a: Tyranitar\n|-status|p1a: Tyranitar|tox\n|move|p1a: Tyranitar|Crunch|p2a: Sisters Act\n|-supereffective|p2a: Sisters Act\n|-damage|p2a: Sisters Act|0 fnt\n|faint|p2a: Sisters Act\n|\n|-weather|Sandstorm|[upkeep]\n|-damage|p1a: Tyranitar|74\/100 tox|[from] psn\n|upkeep\n|\n|t:|1662915569\n|switch|p2a: Dom P\u00e9rignon|Donphan, F|100\/100\n|-damage|p2a: Dom P\u00e9rignon|94\/100|[from] Stealth Rock\n|turn|8\n|\n|t:|1662915572\n|move|p1a: Tyranitar|Toxic|p2a: Dom P\u00e9rignon\n|-status|p2a: Dom P\u00e9rignon|tox\n|move|p2a: Dom P\u00e9rignon|Rapid Spin|p1a: Tyranitar\n|-resisted|p1a: Tyranitar\n|-crit|p1a: Tyranitar\n|-damage|p1a: Tyranitar|69\/100 tox\n|-sideend|p2: Mimikyu Stardust|Stealth Rock|[from] move: Rapid Spin|[of] p2a: Dom P\u00e9rignon\n|\n|-weather|Sandstorm|[upkeep]\n|-damage|p1a: Tyranitar|57\/100 tox|[from] psn\n|-heal|p2a: Dom P\u00e9rignon|100\/100 tox|[from] item: Leftovers\n|-damage|p2a: Dom P\u00e9rignon|94\/100 tox|[from] psn\n|upkeep\n|turn|9\n|\n|t:|1662915576\n|switch|p1a: Breloom|Breloom, M|88\/100\n|move|p2a: Dom P\u00e9rignon|Earthquake|p1a: Breloom\n|-resisted|p1a: Breloom\n|-damage|p1a: Breloom|55\/100\n|\n|-sideend|p2: Mimikyu Stardust|Reflect\n|-weather|Sandstorm|[upkeep]\n|-damage|p1a: Breloom|48\/100|[from] Sandstorm\n|-heal|p2a: Dom P\u00e9rignon|100\/100 tox|[from] item: Leftovers\n|-damage|p2a: Dom P\u00e9rignon|88\/100 tox|[from] psn\n|upkeep\n|turn|10\n|\n|t:|1662915582\n|-singleturn|p1a: Breloom|move: Focus Punch\n|switch|p2a: Coveted Vanquish|Jirachi|100\/100\n|move|p1a: Breloom|Focus Punch|p2a: Coveted Vanquish\n|-damage|p2a: Coveted Vanquish|52\/100\n|\n|-weather|Sandstorm|[upkeep]\n|-damage|p1a: Breloom|42\/100|[from] Sandstorm\n|-heal|p2a: Coveted Vanquish|58\/100|[from] item: Leftovers\n|upkeep\n|turn|11\n|\n|t:|1662915588\n|move|p1a: Breloom|Superpower|p2a: Coveted Vanquish\n|-damage|p2a: Coveted Vanquish|20\/100\n|-unboost|p1a: Breloom|atk|1\n|-unboost|p1a: Breloom|def|1\n|move|p2a: Coveted Vanquish|Iron Head|p1a: Breloom\n|-damage|p1a: Breloom|0 fnt\n|faint|p1a: Breloom\n|\n|-weather|Sandstorm|[upkeep]\n|-heal|p2a: Coveted Vanquish|26\/100|[from] item: Leftovers\n|upkeep\n|\n|t:|1662915596\n|switch|p1a: Gyarados|Gyarados, M|100\/100\n|-ability|p1a: Gyarados|Intimidate|boost\n|-unboost|p2a: Coveted Vanquish|atk|1\n|turn|12\n|\n|t:|1662915620\n|switch|p2a: Geisha|Milotic, F|100\/100\n|move|p1a: Gyarados|Dragon Dance|p1a: Gyarados\n|-boost|p1a: Gyarados|atk|1\n|-boost|p1a: Gyarados|spe|1\n|\n|-weather|Sandstorm|[upkeep]\n|-damage|p1a: Gyarados|94\/100|[from] Sandstorm\n|-damage|p2a: Geisha|94\/100|[from] Sandstorm\n|-heal|p2a: Geisha|100\/100|[from] item: Leftovers\n|upkeep\n|turn|13\n|\n|t:|1662915631\n|move|p1a: Gyarados|Earthquake|p2a: Geisha\n|-damage|p2a: Geisha|63\/100\n|move|p2a: Geisha|Haze|p2a: Geisha\n|-clearallboost\n|\n|-weather|Sandstorm|[upkeep]\n|-damage|p1a: Gyarados|88\/100|[from] Sandstorm\n|-damage|p2a: Geisha|57\/100|[from] Sandstorm\n|-heal|p2a: Geisha|63\/100|[from] item: Leftovers\n|upkeep\n|turn|14\n|\n|t:|1662915636\n|switch|p1a: Tyranitar|Tyranitar, F|57\/100 tox\n|move|p2a: Geisha|Recover|p2a: Geisha\n|-heal|p2a: Geisha|100\/100\n|\n|-weather|Sandstorm|[upkeep]\n|-damage|p2a: Geisha|94\/100|[from] Sandstorm\n|-heal|p2a: Geisha|100\/100|[from] item: Leftovers\n|-damage|p1a: Tyranitar|50\/100 tox|[from] psn\n|upkeep\n|turn|15\n|\n|t:|1662915643\n|switch|p2a: Coveted Vanquish|Jirachi|26\/100\n|move|p1a: Tyranitar|Stealth Rock|p2a: Coveted Vanquish\n|-sidestart|p2: Mimikyu Stardust|move: Stealth Rock\n|\n|-weather|Sandstorm|[upkeep]\n|-heal|p2a: Coveted Vanquish|32\/100|[from] item: Leftovers\n|-damage|p1a: Tyranitar|38\/100 tox|[from] psn\n|upkeep\n|turn|16\n|\n|t:|1662915648\n|move|p2a: Coveted Vanquish|Protect|p2a: Coveted Vanquish\n|-singleturn|p2a: Coveted Vanquish|Protect\n|move|p1a: Tyranitar|Fire Blast|p2a: Coveted Vanquish|[miss]\n|-miss|p1a: Tyranitar|p2a: Coveted Vanquish\n|\n|-weather|Sandstorm|[upkeep]\n|-heal|p2a: Coveted Vanquish|38\/100|[from] item: Leftovers\n|-damage|p1a: Tyranitar|19\/100 tox|[from] psn\n|upkeep\n|turn|17\n|\n|t:|1662915651\n|move|p2a: Coveted Vanquish|Iron Head|p1a: Tyranitar\n|-supereffective|p1a: Tyranitar\n|-damage|p1a: Tyranitar|0 fnt\n|faint|p1a: Tyranitar\n|\n|-weather|Sandstorm|[upkeep]\n|-heal|p2a: Coveted Vanquish|44\/100|[from] item: Leftovers\n|upkeep\n|\n|t:|1662915653\n|switch|p1a: Gyarados|Gyarados, M|88\/100\n|-ability|p1a: Gyarados|Intimidate|boost\n|-unboost|p2a: Coveted Vanquish|atk|1\n|turn|18\n|\n|t:|1662915658\n|switch|p2a: Geisha|Milotic, F|100\/100\n|-damage|p2a: Geisha|88\/100|[from] Stealth Rock\n|move|p1a: Gyarados|Dragon Dance|p1a: Gyarados\n|-boost|p1a: Gyarados|atk|1\n|-boost|p1a: Gyarados|spe|1\n|\n|-weather|Sandstorm|[upkeep]\n|-damage|p1a: Gyarados|82\/100|[from] Sandstorm\n|-damage|p2a: Geisha|82\/100|[from] Sandstorm\n|-heal|p2a: Geisha|88\/100|[from] item: Leftovers\n|upkeep\n|turn|19\n|\n|t:|1662915660\n|move|p1a: Gyarados|Earthquake|p2a: Geisha\n|-damage|p2a: Geisha|50\/100\n|move|p2a: Geisha|Recover|p2a: Geisha\n|-heal|p2a: Geisha|99\/100\n|\n|-weather|Sandstorm|[upkeep]\n|-damage|p1a: Gyarados|76\/100|[from] Sandstorm\n|-damage|p2a: Geisha|94\/100|[from] Sandstorm\n|-heal|p2a: Geisha|99\/100|[from] item: Leftovers\n|upkeep\n|turn|20\n|\n|t:|1662915663\n|move|p1a: Gyarados|Earthquake|p2a: Geisha\n|-damage|p2a: Geisha|59\/100\n|move|p2a: Geisha|Haze|p2a: Geisha\n|-clearallboost\n|\n|-weather|Sandstorm|[upkeep]\n|-damage|p1a: Gyarados|70\/100|[from] Sandstorm\n|-damage|p2a: Geisha|53\/100|[from] Sandstorm\n|-heal|p2a: Geisha|59\/100|[from] item: Leftovers\n|upkeep\n|turn|21\n|\n|t:|1662915665\n|switch|p1a: Latias|Latias, F|100\/100\n|move|p2a: Geisha|Recover|p2a: Geisha\n|-heal|p2a: Geisha|100\/100\n|\n|-weather|Sandstorm|[upkeep]\n|-damage|p1a: Latias|95\/100|[from] Sandstorm\n|-damage|p2a: Geisha|94\/100|[from] Sandstorm\n|-heal|p2a: Geisha|100\/100|[from] item: Leftovers\n|upkeep\n|turn|22\n|\n|t:|1662915685\n|switch|p2a: \ud83c\udfb5Loser Girl\ud83c\udfb5|Clefable, F|100\/100\n|move|p1a: Latias|Calm Mind|p1a: Latias\n|-boost|p1a: Latias|spa|1\n|-boost|p1a: Latias|spd|1\n|\n|-weather|Sandstorm|[upkeep]\n|-damage|p1a: Latias|89\/100|[from] Sandstorm\n|upkeep\n|turn|23\n|\n|t:|1662915695\n|move|p1a: Latias|Draco Meteor|p2a: \ud83c\udfb5Loser Girl\ud83c\udfb5\n|-damage|p2a: \ud83c\udfb5Loser Girl\ud83c\udfb5|14\/100\n|-unboost|p1a: Latias|spa|2\n|-damage|p1a: Latias|79\/100|[from] item: Life Orb\n|move|p2a: \ud83c\udfb5Loser Girl\ud83c\udfb5|Encore|p1a: Latias\n|-start|p1a: Latias|Encore\n|\n|-weather|Sandstorm|[upkeep]\n|-damage|p1a: Latias|73\/100|[from] Sandstorm\n|-heal|p2a: \ud83c\udfb5Loser Girl\ud83c\udfb5|21\/100|[from] item: Leftovers\n|upkeep\n|turn|24\n|\n|t:|1662915704\n|move|p1a: Latias|Draco Meteor|p2a: \ud83c\udfb5Loser Girl\ud83c\udfb5\n|-damage|p2a: \ud83c\udfb5Loser Girl\ud83c\udfb5|0 fnt\n|-unboost|p1a: Latias|spa|2\n|faint|p2a: \ud83c\udfb5Loser Girl\ud83c\udfb5\n|-damage|p1a: Latias|63\/100|[from] item: Life Orb\n|\n|-weather|Sandstorm|[upkeep]\n|-damage|p1a: Latias|57\/100|[from] Sandstorm\n|upkeep\n|\n|t:|1662915706\n|switch|p2a: Coveted Vanquish|Jirachi|44\/100\n|-damage|p2a: Coveted Vanquish|38\/100|[from] Stealth Rock\n|turn|25\n|\n|t:|1662915710\n|switch|p1a: Gyarados|Gyarados, M|70\/100\n|-ability|p1a: Gyarados|Intimidate|boost\n|-unboost|p2a: Coveted Vanquish|atk|1\n|move|p2a: Coveted Vanquish|Wish|p2a: Coveted Vanquish\n|\n|-weather|Sandstorm|[upkeep]\n|-damage|p1a: Gyarados|64\/100|[from] Sandstorm\n|-heal|p2a: Coveted Vanquish|44\/100|[from] item: Leftovers\n|upkeep\n|turn|26\n|\n|t:|1662915716\n|move|p2a: Coveted Vanquish|Protect|p2a: Coveted Vanquish\n|-singleturn|p2a: Coveted Vanquish|Protect\n|move|p1a: Gyarados|Dragon Dance|p1a: Gyarados\n|-boost|p1a: Gyarados|atk|1\n|-boost|p1a: Gyarados|spe|1\n|\n|-heal|p2a: Coveted Vanquish|94\/100|[from] move: Wish|[wisher] Coveted Vanquish\n|-weather|Sandstorm|[upkeep]\n|-damage|p1a: Gyarados|58\/100|[from] Sandstorm\n|-heal|p2a: Coveted Vanquish|100\/100|[from] item: Leftovers\n|upkeep\n|turn|27\n|\n|t:|1662915720\n|switch|p2a: Oni-giri|Abomasnow, M|100\/100 slp\n|-damage|p2a: Oni-giri|75\/100 slp|[from] Stealth Rock\n|-weather|Hail|[from] ability: Snow Warning|[of] p2a: Oni-giri\n|move|p1a: Gyarados|Earthquake|p2a: Oni-giri\n|-resisted|p2a: Oni-giri\n|-damage|p2a: Oni-giri|44\/100 slp\n|\n|-weather|Hail|[upkeep]\n|-damage|p1a: Gyarados|52\/100|[from] Hail\n|-heal|p2a: Oni-giri|50\/100 slp|[from] item: Leftovers\n|upkeep\n|turn|28\n|\n|t:|1662915724\n|move|p1a: Gyarados|Waterfall|p2a: Oni-giri\n|-resisted|p2a: Oni-giri\n|-damage|p2a: Oni-giri|15\/100 slp\n|cant|p2a: Oni-giri|slp\n|\n|-weather|Hail|[upkeep]\n|-damage|p1a: Gyarados|46\/100|[from] Hail\n|-heal|p2a: Oni-giri|21\/100 slp|[from] item: Leftovers\n|upkeep\n|turn|29\n|\n|t:|1662915730\n|cant|p2a: Oni-giri|slp\n|move|p1a: Gyarados|Waterfall|p2a: Oni-giri\n|-resisted|p2a: Oni-giri\n|-damage|p2a: Oni-giri|0 fnt\n|faint|p2a: Oni-giri\n|\n|-weather|Hail|[upkeep]\n|-damage|p1a: Gyarados|40\/100|[from] Hail\n|upkeep\n|\n|t:|1662915732\n|switch|p2a: Geisha|Milotic, F|100\/100\n|-damage|p2a: Geisha|88\/100|[from] Stealth Rock\n|turn|30\n|\n|t:|1662915739\n|switch|p1a: Latias|Latias, F|57\/100\n|move|p2a: Geisha|Haze|p2a: Geisha\n|-clearallboost\n|\n|-weather|Hail|[upkeep]\n|-damage|p1a: Latias|51\/100|[from] Hail\n|-damage|p2a: Geisha|82\/100|[from] Hail\n|-heal|p2a: Geisha|88\/100|[from] item: Leftovers\n|upkeep\n|turn|31\n|\n|t:|1662915742\n|move|p1a: Latias|Calm Mind|p1a: Latias\n|-boost|p1a: Latias|spa|1\n|-boost|p1a: Latias|spd|1\n|move|p2a: Geisha|Ice Beam|p1a: Latias\n|-supereffective|p1a: Latias\n|-damage|p1a: Latias|25\/100\n|-status|p1a: Latias|frz\n|\n|-weather|Hail|[upkeep]\n|-damage|p1a: Latias|19\/100 frz|[from] Hail\n|-damage|p2a: Geisha|82\/100|[from] Hail\n|-heal|p2a: Geisha|88\/100|[from] item: Leftovers\n|upkeep\n|turn|32\n|\n|t:|1662915747\n|cant|p1a: Latias|frz\n|move|p2a: Geisha|Ice Beam|p1a: Latias\n|-supereffective|p1a: Latias\n|-damage|p1a: Latias|0 fnt\n|faint|p1a: Latias\n|\n|-weather|Hail|[upkeep]\n|-damage|p2a: Geisha|82\/100|[from] Hail\n|-heal|p2a: Geisha|88\/100|[from] item: Leftovers\n|upkeep\n|\n|t:|1662915749\n|switch|p1a: Jirachi|Jirachi|100\/100\n|turn|33\n|\n|t:|1662915753\n|switch|p2a: Dom P\u00e9rignon|Donphan, F|88\/100 tox\n|-damage|p2a: Dom P\u00e9rignon|82\/100 tox|[from] Stealth Rock\n|move|p1a: Jirachi|Fire Punch|p2a: Dom P\u00e9rignon\n|-damage|p2a: Dom P\u00e9rignon|70\/100 tox\n|\n|-weather|Hail|[upkeep]\n|-damage|p1a: Jirachi|94\/100|[from] Hail\n|-damage|p2a: Dom P\u00e9rignon|64\/100 tox|[from] Hail\n|-heal|p2a: Dom P\u00e9rignon|70\/100 tox|[from] item: Leftovers\n|-damage|p2a: Dom P\u00e9rignon|64\/100 tox|[from] psn\n|upkeep\n|turn|34\n|\n|t:|1662915755\n|move|p1a: Jirachi|Iron Head|p2a: Dom P\u00e9rignon\n|-damage|p2a: Dom P\u00e9rignon|43\/100 tox\n|cant|p2a: Dom P\u00e9rignon|flinch\n|\n|-weather|Hail|[upkeep]\n|-damage|p1a: Jirachi|88\/100|[from] Hail\n|-damage|p2a: Dom P\u00e9rignon|37\/100 tox|[from] Hail\n|-heal|p2a: Dom P\u00e9rignon|43\/100 tox|[from] item: Leftovers\n|-damage|p2a: Dom P\u00e9rignon|31\/100 tox|[from] psn\n|upkeep\n|turn|35\n|\n|t:|1662915761\n|move|p1a: Jirachi|Grass Knot|p2a: Dom P\u00e9rignon\n|-supereffective|p2a: Dom P\u00e9rignon\n|-damage|p2a: Dom P\u00e9rignon|0 fnt\n|faint|p2a: Dom P\u00e9rignon\n|\n|-weather|Hail|[upkeep]\n|-damage|p1a: Jirachi|82\/100|[from] Hail\n|upkeep\n|\n|t:|1662915765\n|switch|p2a: Coveted Vanquish|Jirachi|100\/100\n|-damage|p2a: Coveted Vanquish|94\/100|[from] Stealth Rock\n|turn|36\n|\n|t:|1662915768\n|move|p1a: Jirachi|Fire Punch|p2a: Coveted Vanquish\n|-supereffective|p2a: Coveted Vanquish\n|-damage|p2a: Coveted Vanquish|67\/100\n|-status|p2a: Coveted Vanquish|brn\n|move|p2a: Coveted Vanquish|Body Slam|p1a: Jirachi\n|-resisted|p1a: Jirachi\n|-damage|p1a: Jirachi|77\/100\n|-status|p1a: Jirachi|par\n|\n|-weather|Hail|[upkeep]\n|-damage|p2a: Coveted Vanquish|61\/100 brn|[from] Hail\n|-damage|p1a: Jirachi|71\/100 par|[from] Hail\n|-heal|p2a: Coveted Vanquish|67\/100 brn|[from] item: Leftovers\n|-damage|p2a: Coveted Vanquish|55\/100 brn|[from] brn\n|upkeep\n|turn|37\n|\n|t:|1662915776\n|switch|p1a: Scizor|Scizor, F|100\/100\n|move|p2a: Coveted Vanquish|Iron Head|p1a: Scizor\n|-resisted|p1a: Scizor\n|-damage|p1a: Scizor|93\/100\n|\n|-weather|Hail|[upkeep]\n|-damage|p2a: Coveted Vanquish|49\/100 brn|[from] Hail\n|-damage|p1a: Scizor|87\/100|[from] Hail\n|-heal|p2a: Coveted Vanquish|55\/100 brn|[from] item: Leftovers\n|-damage|p2a: Coveted Vanquish|42\/100 brn|[from] brn\n|upkeep\n|turn|38\n|\n|t:|1662915786\n|switch|p1a: Gyarados|Gyarados, M|40\/100\n|-ability|p1a: Gyarados|Intimidate|boost\n|-unboost|p2a: Coveted Vanquish|atk|1\n|move|p2a: Coveted Vanquish|Body Slam|p1a: Gyarados\n|-damage|p1a: Gyarados|32\/100\n|-status|p1a: Gyarados|par\n|-enditem|p1a: Gyarados|Lum Berry|[eat]\n|-curestatus|p1a: Gyarados|par|[msg]\n|\n|-weather|Hail|[upkeep]\n|-damage|p1a: Gyarados|26\/100|[from] Hail\n|-damage|p2a: Coveted Vanquish|36\/100 brn|[from] Hail\n|-heal|p2a: Coveted Vanquish|42\/100 brn|[from] item: Leftovers\n|-damage|p2a: Coveted Vanquish|30\/100 brn|[from] brn\n|upkeep\n|turn|39\n|\n|t:|1662915797\n|move|p1a: Gyarados|Earthquake|p2a: Coveted Vanquish\n|-supereffective|p2a: Coveted Vanquish\n|-damage|p2a: Coveted Vanquish|0 fnt\n|faint|p2a: Coveted Vanquish\n|\n|-weather|Hail|[upkeep]\n|-damage|p1a: Gyarados|20\/100|[from] Hail\n|upkeep\n|\n|t:|1662915799\n|switch|p2a: Geisha|Milotic, F|88\/100\n|-damage|p2a: Geisha|76\/100|[from] Stealth Rock\n|turn|40\n|\n|t:|1662915804\n|move|p1a: Gyarados|Earthquake|p2a: Geisha\n|-damage|p2a: Geisha|48\/100\n|move|p2a: Geisha|Recover|p2a: Geisha\n|-heal|p2a: Geisha|98\/100\n|\n|-weather|Hail|[upkeep]\n|-damage|p1a: Gyarados|14\/100|[from] Hail\n|-damage|p2a: Geisha|92\/100|[from] Hail\n|-heal|p2a: Geisha|98\/100|[from] item: Leftovers\n|upkeep\n|turn|41\n|\n|t:|1662915808\n|move|p1a: Gyarados|Stone Edge|p2a: Geisha|[miss]\n|-miss|p1a: Gyarados|p2a: Geisha\n|move|p2a: Geisha|Recover|p2a: Geisha\n|-heal|p2a: Geisha|100\/100\n|\n|-weather|Hail|[upkeep]\n|-damage|p1a: Gyarados|8\/100|[from] Hail\n|-damage|p2a: Geisha|94\/100|[from] Hail\n|-heal|p2a: Geisha|100\/100|[from] item: Leftovers\n|upkeep\n|turn|42\n|\n|t:|1662915811\n|move|p1a: Gyarados|Stone Edge|p2a: Geisha\n|-damage|p2a: Geisha|72\/100\n|move|p2a: Geisha|Recover|p2a: Geisha\n|-heal|p2a: Geisha|100\/100\n|\n|-weather|Hail|[upkeep]\n|-damage|p1a: Gyarados|2\/100|[from] Hail\n|-damage|p2a: Geisha|94\/100|[from] Hail\n|-heal|p2a: Geisha|100\/100|[from] item: Leftovers\n|upkeep\n|turn|43\n|\n|t:|1662915814\n|move|p1a: Gyarados|Stone Edge|p2a: Geisha|[miss]\n|-miss|p1a: Gyarados|p2a: Geisha\n|move|p2a: Geisha|Recover||[still]\n|-fail|p2a: Geisha|heal\n|\n|-weather|Hail|[upkeep]\n|-damage|p1a: Gyarados|0 fnt|[from] Hail\n|-damage|p2a: Geisha|94\/100|[from] Hail\n|faint|p1a: Gyarados\n|-heal|p2a: Geisha|100\/100|[from] item: Leftovers\n|upkeep\n|\n|t:|1662915816\n|switch|p1a: Jirachi|Jirachi|71\/100 par\n|turn|44\n|\n|t:|1662915819\n|move|p2a: Geisha|Surf|p1a: Jirachi\n|-crit|p1a: Jirachi\n|-damage|p1a: Jirachi|4\/100 par\n|move|p1a: Jirachi|Ice Punch|p2a: Geisha\n|-resisted|p2a: Geisha\n|-damage|p2a: Geisha|93\/100\n|\n|-weather|Hail|[upkeep]\n|-damage|p2a: Geisha|87\/100|[from] Hail\n|-damage|p1a: Jirachi|0 fnt|[from] Hail\n|faint|p1a: Jirachi\n|-heal|p2a: Geisha|93\/100|[from] item: Leftovers\n|upkeep\n|\n|t:|1662915821\n|switch|p1a: Scizor|Scizor, F|87\/100\n|turn|45\n|c|\u2606gilbert arenas(|gg\n|\n|t:|1662915825\n|move|p2a: Geisha|Surf|p1a: Scizor\n|-damage|p1a: Scizor|52\/100\n|move|p1a: Scizor|Swords Dance|p1a: Scizor\n|-boost|p1a: Scizor|atk|2\n|\n|-weather|Hail|[upkeep]\n|-damage|p2a: Geisha|87\/100|[from] Hail\n|-damage|p1a: Scizor|46\/100|[from] Hail\n|-heal|p2a: Geisha|93\/100|[from] item: Leftovers\n|upkeep\n|turn|46\n|\n|t:|1662915828\n|move|p2a: Geisha|Surf|p1a: Scizor\n|-damage|p1a: Scizor|7\/100\n|move|p1a: Scizor|Superpower|p2a: Geisha\n|-damage|p2a: Geisha|32\/100\n|-unboost|p1a: Scizor|atk|1\n|-unboost|p1a: Scizor|def|1\n|\n|-weather|Hail|[upkeep]\n|-damage|p2a: Geisha|25\/100|[from] Hail\n|-damage|p1a: Scizor|1\/100|[from] Hail\n|-heal|p2a: Geisha|32\/100|[from] item: Leftovers\n|upkeep\n|turn|47\n|c|\u2606Mimikyu Stardust|gg\n|\n|t:|1662915835\n|move|p1a: Scizor|Bullet Punch|p2a: Geisha\n|-resisted|p2a: Geisha\n|-crit|p2a: Geisha\n|-damage|p2a: Geisha|0 fnt\n|faint|p2a: Geisha\n|\n|win|gilbert arenas(\n","uploadtime":1662915836,"views":26,"p1id":"gilbertarenas","p2id":"mimikyustardust","formatid":"gen4ou","rating":0,"private":0,"password":null}