{"id":"smogtours-gen8ubers-660355","p1":"Ainzcrad","p2":"Skysolo \u2764","format":"gen8ubers","log":"|inactive|Battle timer is ON: inactive players will automatically lose when time's up.\n|t:|1668018697\n|gametype|singles\n|player|p1|Ainzcrad|winona-gen6|\n|player|p2|Skysolo \u2764|#pspl2019ubers|\n|teamsize|p1|6\n|teamsize|p2|6\n|gen|8\n|tier|[Gen 8] Ubers\n|rule|Sleep Clause Mod: Limit one foe put to sleep\n|rule|Species Clause: Limit one of each Pok\u00e9mon\n|rule|OHKO Clause: OHKO moves are banned\n|rule|Evasion Items Clause: Evasion items are banned\n|rule|Evasion Moves Clause: Evasion moves are banned\n|rule|Endless Battle Clause: Forcing endless battles is banned\n|rule|HP Percentage Mod: HP is shown in percentages\n|rule|Dynamax Clause: You cannot dynamax\n|clearpoke\n|poke|p1|Weavile, F|\n|poke|p1|Groudon|\n|poke|p1|Ferrothorn, F|\n|poke|p1|Yveltal|\n|poke|p1|Necrozma-Dusk-Mane|\n|poke|p1|Calyrex-Shadow|\n|poke|p2|Necrozma-Dusk-Mane|\n|poke|p2|Kyogre|\n|poke|p2|Yveltal|\n|poke|p2|Zekrom|\n|poke|p2|Landorus-Therian, M|\n|poke|p2|Eternatus|\n|teampreview\n|c|\u2606Skysolo \u2764|hf\n|c|\u2606Ainzcrad|hf\n|inactive|Ainzcrad has 270 seconds left.\n|inactive|Skysolo \u2764 has 270 seconds left.\n|\n|t:|1668018736\n|start\n|switch|p1a: Ferrothorn|Ferrothorn, F|100\/100\n|switch|p2a: Kyogre|Kyogre|100\/100\n|-weather|RainDance|[from] ability: Drizzle|[of] p2a: Kyogre\n|turn|1\n|inactive|Skysolo \u2764 has 270 seconds left.\n|\n|t:|1668018778\n|move|p2a: Kyogre|Water Spout|p1a: Ferrothorn\n|-resisted|p1a: Ferrothorn\n|-damage|p1a: Ferrothorn|31\/100\n|move|p1a: Ferrothorn|Power Whip|p2a: Kyogre\n|-supereffective|p2a: Kyogre\n|-damage|p2a: Kyogre|18\/100\n|\n|-weather|RainDance|[upkeep]\n|-heal|p1a: Ferrothorn|37\/100|[from] item: Leftovers\n|upkeep\n|turn|2\n|\n|t:|1668018788\n|switch|p2a: Eternatus|Eternatus|100\/100\n|-ability|p2a: Eternatus|Pressure\n|move|p1a: Ferrothorn|Knock Off|p2a: Eternatus\n|-damage|p2a: Eternatus|86\/100\n|-enditem|p2a: Eternatus|Eject Pack|[from] move: Knock Off|[of] p1a: Ferrothorn\n|\n|-weather|RainDance|[upkeep]\n|-heal|p1a: Ferrothorn|43\/100|[from] item: Leftovers\n|upkeep\n|turn|3\n|inactive|Skysolo \u2764 has 270 seconds left.\n|\n|t:|1668018795\n|switch|p2a: Kyogre|Kyogre|18\/100\n|switch|p1a: Necrozma|Necrozma-Dusk-Mane|100\/100\n|\n|-weather|RainDance|[upkeep]\n|upkeep\n|turn|4\n|\n|t:|1668018801\n|switch|p1a: Ferrothorn|Ferrothorn, F|43\/100\n|move|p2a: Kyogre|Surf|p1a: Ferrothorn\n|-resisted|p1a: Ferrothorn\n|-damage|p1a: Ferrothorn|3\/100\n|\n|-weather|RainDance|[upkeep]\n|-heal|p1a: Ferrothorn|9\/100|[from] item: Leftovers\n|upkeep\n|turn|5\n|\n|t:|1668018803\n|move|p2a: Kyogre|Surf|p1a: Ferrothorn\n|-resisted|p1a: Ferrothorn\n|-damage|p1a: Ferrothorn|0 fnt\n|faint|p1a: Ferrothorn\n|\n|-weather|none\n|upkeep\n|\n|t:|1668018806\n|switch|p1a: Weavile|Weavile, F|100\/100\n|-ability|p1a: Weavile|Pressure\n|turn|6\n|inactive|Ainzcrad has 270 seconds left.\n|\n|t:|1668018845\n|move|p1a: Weavile|Knock Off|p2a: Kyogre\n|-damage|p2a: Kyogre|0 fnt\n|-enditem|p2a: Kyogre|Choice Specs|[from] move: Knock Off|[of] p1a: Weavile\n|faint|p2a: Kyogre\n|\n|upkeep\n|inactive|Skysolo \u2764 has 270 seconds left.\n|\n|t:|1668018880\n|switch|p2a: Landorus|Landorus-Therian, M|100\/100\n|-ability|p2a: Landorus|Intimidate|boost\n|-unboost|p1a: Weavile|atk|1\n|turn|7\n|\n|t:|1668018889\n|move|p2a: Landorus|U-turn|p1a: Weavile\n|-supereffective|p1a: Weavile\n|-damage|p1a: Weavile|15\/100\n|\n|t:|1668018892\n|switch|p2a: Necrozma|Necrozma-Dusk-Mane|100\/100|[from]move: U-turn\n|move|p1a: Weavile|Triple Axel|p2a: Necrozma\n|-resisted|p2a: Necrozma\n|-damage|p2a: Necrozma|98\/100\n|-resisted|p2a: Necrozma\n|-damage|p2a: Necrozma|94\/100\n|-resisted|p2a: Necrozma\n|-damage|p2a: Necrozma|87\/100\n|-hitcount|p2a: Necrozma|3\n|\n|-heal|p2a: Necrozma|93\/100|[from] item: Leftovers\n|upkeep\n|turn|8\n|\n|t:|1668018898\n|move|p1a: Weavile|Knock Off|p2a: Necrozma\n|-supereffective|p2a: Necrozma\n|-damage|p2a: Necrozma|62\/100\n|-enditem|p2a: Necrozma|Leftovers|[from] move: Knock Off|[of] p1a: Weavile\n|move|p2a: Necrozma|Stealth Rock|p1a: Weavile\n|-sidestart|p1: Ainzcrad|move: Stealth Rock\n|\n|upkeep\n|turn|9\n|\n|t:|1668018904\n|switch|p1a: Groudon|Groudon|100\/100\n|-damage|p1a: Groudon|94\/100|[from] Stealth Rock\n|-weather|SunnyDay|[from] ability: Drought|[of] p1a: Groudon\n|move|p2a: Necrozma|Moonlight|p2a: Necrozma\n|-heal|p2a: Necrozma|100\/100\n|\n|-weather|SunnyDay|[upkeep]\n|-heal|p1a: Groudon|100\/100|[from] item: Leftovers\n|upkeep\n|turn|10\n|\n|t:|1668018918\n|switch|p2a: Eternatus|Eternatus|86\/100\n|-ability|p2a: Eternatus|Pressure\n|move|p1a: Groudon|Stealth Rock|p2a: Eternatus\n|-sidestart|p2: Skysolo \u2764|move: Stealth Rock\n|\n|-weather|SunnyDay|[upkeep]\n|upkeep\n|turn|11\n|\n|t:|1668018926\n|switch|p1a: Necrozma|Necrozma-Dusk-Mane|100\/100\n|-damage|p1a: Necrozma|94\/100|[from] Stealth Rock\n|move|p2a: Eternatus|Draco Meteor|p1a: Necrozma\n|-resisted|p1a: Necrozma\n|-damage|p1a: Necrozma|69\/100\n|-unboost|p2a: Eternatus|spa|2\n|\n|-weather|SunnyDay|[upkeep]\n|-heal|p1a: Necrozma|76\/100|[from] item: Leftovers\n|upkeep\n|turn|12\n|\n|t:|1668018934\n|switch|p2a: Landorus|Landorus-Therian, M|100\/100\n|-damage|p2a: Landorus|88\/100|[from] Stealth Rock\n|-ability|p2a: Landorus|Intimidate|boost\n|-unboost|p1a: Necrozma|atk|1\n|move|p1a: Necrozma|Dragon Dance|p1a: Necrozma\n|-boost|p1a: Necrozma|atk|1\n|-boost|p1a: Necrozma|spe|1\n|\n|-weather|SunnyDay|[upkeep]\n|-heal|p1a: Necrozma|82\/100|[from] item: Leftovers\n|upkeep\n|turn|13\n|\n|t:|1668018945\n|move|p2a: Landorus|U-turn|p1a: Necrozma\n|-damage|p1a: Necrozma|63\/100\n|\n|t:|1668018947\n|switch|p2a: Necrozma|Necrozma-Dusk-Mane|100\/100|[from]move: U-turn\n|-damage|p2a: Necrozma|94\/100|[from] Stealth Rock\n|move|p1a: Necrozma|Dragon Dance|p1a: Necrozma\n|-boost|p1a: Necrozma|atk|1\n|-boost|p1a: Necrozma|spe|1\n|\n|-weather|none\n|-heal|p1a: Necrozma|69\/100|[from] item: Leftovers\n|upkeep\n|turn|14\n|\n|t:|1668018957\n|move|p1a: Necrozma|Earthquake|p2a: Necrozma\n|-supereffective|p2a: Necrozma\n|-damage|p2a: Necrozma|25\/100\n|move|p2a: Necrozma|Thunder Wave|p1a: Necrozma\n|-status|p1a: Necrozma|par\n|\n|-heal|p1a: Necrozma|75\/100 par|[from] item: Leftovers\n|upkeep\n|turn|15\n|\n|t:|1668018966\n|cant|p1a: Necrozma|par\n|move|p2a: Necrozma|Iron Head|p1a: Necrozma\n|-resisted|p1a: Necrozma\n|-damage|p1a: Necrozma|61\/100 par\n|\n|-heal|p1a: Necrozma|67\/100 par|[from] item: Leftovers\n|upkeep\n|turn|16\n|\n|t:|1668018971\n|move|p1a: Necrozma|Dragon Dance|p1a: Necrozma\n|-boost|p1a: Necrozma|atk|1\n|-boost|p1a: Necrozma|spe|1\n|move|p2a: Necrozma|Iron Head|p1a: Necrozma\n|-resisted|p1a: Necrozma\n|-damage|p1a: Necrozma|53\/100 par\n|\n|-heal|p1a: Necrozma|59\/100 par|[from] item: Leftovers\n|upkeep\n|turn|17\n|\n|t:|1668018981\n|move|p1a: Necrozma|Moonlight|p1a: Necrozma\n|-heal|p1a: Necrozma|100\/100 par\n|move|p2a: Necrozma|Iron Head|p1a: Necrozma\n|-resisted|p1a: Necrozma\n|-damage|p1a: Necrozma|85\/100 par\n|\n|-heal|p1a: Necrozma|92\/100 par|[from] item: Leftovers\n|upkeep\n|turn|18\n|\n|t:|1668018984\n|move|p1a: Necrozma|Sunsteel Strike|p2a: Necrozma\n|-resisted|p2a: Necrozma\n|-damage|p2a: Necrozma|0 fnt\n|faint|p2a: Necrozma\n|\n|-heal|p1a: Necrozma|98\/100 par|[from] item: Leftovers\n|upkeep\n|\n|t:|1668018995\n|switch|p2a: Yveltal|Yveltal|100\/100\n|-ability|p2a: Yveltal|Dark Aura\n|turn|19\n|\n|t:|1668019001\n|move|p2a: Yveltal|Knock Off|p1a: Necrozma\n|-supereffective|p1a: Necrozma\n|-damage|p1a: Necrozma|36\/100 par\n|-enditem|p1a: Necrozma|Leftovers|[from] move: Knock Off|[of] p2a: Yveltal\n|cant|p1a: Necrozma|par\n|\n|upkeep\n|turn|20\n|\n|t:|1668019006\n|move|p2a: Yveltal|Knock Off|p1a: Necrozma\n|-supereffective|p1a: Necrozma\n|-damage|p1a: Necrozma|0 fnt\n|faint|p1a: Necrozma\n|\n|upkeep\n|\n|t:|1668019009\n|switch|p1a: Weavile|Weavile, F|15\/100\n|-ability|p1a: Weavile|Pressure\n|turn|21\n|\n|t:|1668019018\n|move|p1a: Weavile|Triple Axel|p2a: Yveltal\n|-supereffective|p2a: Yveltal\n|-damage|p2a: Yveltal|83\/100\n|-supereffective|p2a: Yveltal\n|-damage|p2a: Yveltal|49\/100\n|-supereffective|p2a: Yveltal\n|-damage|p2a: Yveltal|0 fnt\n|faint|p2a: Yveltal\n|-hitcount|p2: Yveltal|3\n|\n|upkeep\n|\n|t:|1668019029\n|switch|p2a: Landorus|Landorus-Therian, M|88\/100\n|-damage|p2a: Landorus|76\/100|[from] Stealth Rock\n|-ability|p2a: Landorus|Intimidate|boost\n|-unboost|p1a: Weavile|atk|1\n|turn|22\n|\n|t:|1668019036\n|switch|p1a: Calyrex|Calyrex-Shadow|100\/100\n|-ability|p1a: Calyrex|As One\n|-ability|p1a: Calyrex|Unnerve\n|-damage|p1a: Calyrex|88\/100|[from] Stealth Rock\n|move|p2a: Landorus|U-turn|p1a: Calyrex\n|-damage|p1a: Calyrex|58\/100\n|inactive|Skysolo \u2764 has 270 seconds left.\n|\n|t:|1668019067\n|switch|p2a: Zekrom|Zekrom|100\/100|[from]move: U-turn\n|-damage|p2a: Zekrom|88\/100|[from] Stealth Rock\n|-ability|p2a: Zekrom|Teravolt\n|\n|upkeep\n|turn|23\n|\n|t:|1668019074\n|move|p1a: Calyrex|Astral Barrage|p2a: Zekrom\n|-damage|p2a: Zekrom|0 fnt\n|faint|p2a: Zekrom\n|-ability|p1a: Calyrex|Grim Neigh|boost\n|-boost|p1a: Calyrex|spa|1\n|\n|upkeep\n|\n|t:|1668019080\n|switch|p2a: Landorus|Landorus-Therian, M|76\/100\n|-damage|p2a: Landorus|64\/100|[from] Stealth Rock\n|-ability|p2a: Landorus|Intimidate|boost\n|-unboost|p1a: Calyrex|atk|1\n|turn|24\n|\n|t:|1668019084\n|move|p2a: Landorus|U-turn|p1a: Calyrex\n|-damage|p1a: Calyrex|27\/100\n|c|\u2606Skysolo \u2764|gg\n|-message|Skysolo \u2764 forfeited.\n|\n|win|Ainzcrad\n|c|\u2606Ainzcrad|gg\n","uploadtime":1668019093,"views":17,"p1id":"ainzcrad","p2id":"skysolo","formatid":"gen8ubers","rating":0,"private":0,"password":null}