{"id":"smogtours-gen6ubers-645519","p1":"skimmythegod","p2":"Skysolo \u2764","format":"gen6ubers","log":"|inactive|Battle timer is ON: inactive players will automatically lose when time's up.\n|t:|1661704036\n|gametype|singles\n|player|p1|skimmythegod|elesa-masters|\n|player|p2|Skysolo \u2764|#pspl2019ubers|\n|teamsize|p1|6\n|teamsize|p2|6\n|gen|6\n|tier|[Gen 6] Ubers\n|rule|Sleep Clause Mod: Limit one foe put to sleep\n|rule|Species Clause: Limit one of each Pok\u00e9mon\n|rule|OHKO Clause: OHKO moves are banned\n|rule|Moody Clause: Moody is banned\n|rule|Evasion Moves Clause: Evasion moves are banned\n|rule|Endless Battle Clause: Forcing endless battles is banned\n|rule|HP Percentage Mod: HP is shown in percentages\n|rule|Swagger Clause: Swagger is banned\n|rule|Mega Rayquaza Clause: You cannot mega evolve Rayquaza\n|clearpoke\n|poke|p1|Deoxys-Speed|item\n|poke|p1|Groudon|item\n|poke|p1|Darkrai|item\n|poke|p1|Xerneas-*|item\n|poke|p1|Salamence, F|item\n|poke|p1|Arceus-*|item\n|poke|p2|Deoxys-Speed|item\n|poke|p2|Arceus-*|item\n|poke|p2|Groudon|item\n|poke|p2|Salamence, M|item\n|poke|p2|Xerneas-*|item\n|poke|p2|Darkrai|item\n|teampreview\n|inactive|skimmythegod also wants the timer to be on.\n|c|\u2606skimmythegod|nice team\n|c|\u2606skimmythegod|hf\n|c|\u2606Skysolo \u2764|hf\n|c|\u2606Skysolo \u2764|u2\n|\n|t:|1661704063\n|start\n|switch|p1a: Deoxys|Deoxys-Speed|100\/100\n|switch|p2a: Darkrai|Darkrai|100\/100\n|-ability|p1a: Deoxys|Pressure\n|turn|1\n|\n|t:|1661704080\n|move|p1a: Deoxys|Stealth Rock|p2a: Darkrai\n|-sidestart|p2: Skysolo \u2764|move: Stealth Rock\n|move|p2a: Darkrai|Nasty Plot|p2a: Darkrai\n|-boost|p2a: Darkrai|spa|2\n|\n|upkeep\n|turn|2\n|\n|t:|1661704084\n|move|p1a: Deoxys|Taunt|p2a: Darkrai\n|-start|p2a: Darkrai|move: Taunt\n|move|p2a: Darkrai|Dark Pulse|p1a: Deoxys\n|-supereffective|p1a: Deoxys\n|-damage|p1a: Deoxys|0 fnt\n|faint|p1a: Deoxys\n|\n|upkeep\n|\n|t:|1661704107\n|switch|p1a: Darkrai|Darkrai|100\/100\n|turn|3\n|\n|t:|1661704112\n|move|p2a: Darkrai|Sludge Bomb|p1a: Darkrai\n|-damage|p1a: Darkrai|21\/100\n|move|p1a: Darkrai|Dark Void|p2a: Darkrai\n|-status|p2a: Darkrai|slp|[from] move: Dark Void\n|\n|-damage|p2a: Darkrai|88\/100 slp|[from] ability: Bad Dreams|[of] p1a: Darkrai\n|upkeep\n|turn|4\n|\n|t:|1661704122\n|cant|p2a: Darkrai|slp\n|move|p1a: Darkrai|Nasty Plot|p1a: Darkrai\n|-boost|p1a: Darkrai|spa|2\n|\n|-end|p2a: Darkrai|move: Taunt\n|-damage|p2a: Darkrai|76\/100 slp|[from] ability: Bad Dreams|[of] p1a: Darkrai\n|upkeep\n|turn|5\n|\n|t:|1661704124\n|cant|p2a: Darkrai|slp\n|move|p1a: Darkrai|Sludge Bomb|p2a: Darkrai\n|-damage|p2a: Darkrai|0 fnt\n|faint|p2a: Darkrai\n|-damage|p1a: Darkrai|12\/100|[from] item: Life Orb\n|\n|upkeep\n|\n|t:|1661704133\n|switch|p2a: Deoxys|Deoxys-Speed|100\/100\n|-damage|p2a: Deoxys|88\/100|[from] Stealth Rock\n|-ability|p2a: Deoxys|Pressure\n|turn|6\n|\n|t:|1661704137\n|move|p2a: Deoxys|Stealth Rock|p1a: Darkrai\n|-sidestart|p1: skimmythegod|move: Stealth Rock\n|move|p1a: Darkrai|Dark Pulse|p2a: Deoxys\n|-supereffective|p2a: Deoxys\n|-damage|p2a: Deoxys|0 fnt\n|faint|p2a: Deoxys\n|-damage|p1a: Darkrai|2\/100|[from] item: Life Orb\n|\n|upkeep\n|\n|t:|1661704143\n|switch|p2a: Arceus|Arceus|100\/100\n|-damage|p2a: Arceus|88\/100|[from] Stealth Rock\n|turn|7\n|\n|t:|1661704147\n|move|p2a: Arceus|Extreme Speed|p1a: Darkrai\n|-damage|p1a: Darkrai|0 fnt\n|faint|p1a: Darkrai\n|-damage|p2a: Arceus|78\/100|[from] item: Life Orb\n|\n|upkeep\n|\n|t:|1661704156\n|switch|p1a: Arceus|Arceus|100\/100\n|-damage|p1a: Arceus|88\/100|[from] Stealth Rock\n|turn|8\n|\n|t:|1661704159\n|move|p2a: Arceus|Swords Dance|p2a: Arceus\n|-boost|p2a: Arceus|atk|2\n|move|p1a: Arceus|Swords Dance|p1a: Arceus\n|-boost|p1a: Arceus|atk|2\n|\n|upkeep\n|turn|9\n|\n|t:|1661704161\n|move|p2a: Arceus|Extreme Speed|p1a: Arceus\n|-damage|p1a: Arceus|22\/100\n|-damage|p2a: Arceus|68\/100|[from] item: Life Orb\n|move|p1a: Arceus|Extreme Speed|p2a: Arceus\n|-crit|p2a: Arceus\n|-damage|p2a: Arceus|0 fnt\n|faint|p2a: Arceus\n|-damage|p1a: Arceus|13\/100|[from] item: Life Orb\n|\n|upkeep\n|\n|t:|1661704168\n|switch|p2a: Salamence|Salamence, M|100\/100\n|-damage|p2a: Salamence|76\/100|[from] Stealth Rock\n|-ability|p2a: Salamence|Intimidate|boost\n|-unboost|p1a: Arceus|atk|1\n|turn|10\n|\n|t:|1661704175\n|detailschange|p2a: Salamence|Salamence-Mega, M\n|-mega|p2a: Salamence|Salamence|Salamencite\n|move|p1a: Arceus|Extreme Speed|p2a: Salamence\n|-damage|p2a: Salamence|7\/100\n|-damage|p1a: Arceus|3\/100|[from] item: Life Orb\n|move|p2a: Salamence|Earthquake|p1a: Arceus\n|-damage|p1a: Arceus|0 fnt\n|faint|p1a: Arceus\n|\n|upkeep\n|\n|t:|1661704191\n|switch|p1a: Xerneas|Xerneas|100\/100\n|-damage|p1a: Xerneas|88\/100|[from] Stealth Rock\n|-ability|p1a: Xerneas|Fairy Aura\n|turn|11\n|\n|t:|1661704196\n|move|p2a: Salamence|Double-Edge|p1a: Xerneas\n|-damage|p1a: Xerneas|19\/100\n|-damage|p2a: Salamence|0 fnt|[from] Recoil\n|faint|p2a: Salamence\n|move|p1a: Xerneas|Geomancy||[still]\n|-prepare|p1a: Xerneas|Geomancy\n|-enditem|p1a: Xerneas|Power Herb\n|-anim|p1a: Xerneas|Geomancy|p1a: Xerneas\n|-boost|p1a: Xerneas|spa|2\n|-boost|p1a: Xerneas|spd|2\n|-boost|p1a: Xerneas|spe|2\n|\n|upkeep\n|\n|t:|1661704199\n|switch|p2a: Groudon|Groudon|100\/100\n|-damage|p2a: Groudon|94\/100|[from] Stealth Rock\n|detailschange|p2a: Groudon|Groudon-Primal\n|-primal|p2a: Groudon\n|-weather|DesolateLand|[from] ability: Desolate Land|[of] p2a: Groudon\n|turn|12\n|\n|t:|1661704203\n|move|p1a: Xerneas|Moonblast|p2a: Groudon\n|-resisted|p2a: Groudon\n|-damage|p2a: Groudon|29\/100\n|-unboost|p2a: Groudon|spa|1\n|move|p2a: Groudon|Precipice Blades|p1a: Xerneas|[miss]\n|-miss|p2a: Groudon|p1a: Xerneas\n|\n|-weather|DesolateLand|[upkeep]\n|upkeep\n|turn|13\n|c|\u2606Skysolo \u2764|gg\n|\n|t:|1661704208\n|move|p1a: Xerneas|Moonblast|p2a: Groudon\n|-resisted|p2a: Groudon\n|-damage|p2a: Groudon|0 fnt\n|faint|p2a: Groudon\n|-weather|none\n|\n|upkeep\n|\n|t:|1661704210\n|switch|p2a: Xerneas|Xerneas|100\/100\n|-damage|p2a: Xerneas|88\/100|[from] Stealth Rock\n|-ability|p2a: Xerneas|Fairy Aura\n|turn|14\n|c|\u2606skimmythegod|gg\n|\n|t:|1661704217\n|move|p1a: Xerneas|Moonblast|p2a: Xerneas\n|-damage|p2a: Xerneas|0 fnt\n|faint|p2a: Xerneas\n|\n|win|skimmythegod\n","uploadtime":1661704218,"views":21,"p1id":"skimmythegod","p2id":"skysolo","formatid":"gen6ubers","rating":0,"private":0,"password":null}