{"id":"smogtours-gen5ou-567160","p1":"Goootzinho","p2":"PAPA TOY","format":"gen5ou","log":"|inactive|Battle timer is ON: inactive players will automatically lose when time's up.\n|t:|1624223641\n|gametype|singles\n|player|p1|Goootzinho|karen-gen2|\n|player|p2|PAPA TOY|nanu|\n|teamsize|p1|6\n|teamsize|p2|6\n|gen|5\n|tier|[Gen 5] OU\n|rule|Species Clause: Limit one of each Pok\u00e9mon\n|rule|OHKO Clause: OHKO moves are banned\n|rule|Moody Clause: Moody is banned\n|rule|Evasion Moves Clause: Evasion moves are banned\n|rule|Endless Battle Clause: Forcing endless battles is banned\n|rule|HP Percentage Mod: HP is shown in percentages\n|rule|Evasion Abilities Clause: Evasion abilities are banned\n|rule|Baton Pass Clause: Limit one Baton Passer, can't pass Spe and other stats simultaneously\n|rule|Sleep Clause: Sleep-inducing moves are banned\n|rule|Swagger Clause: Swagger is banned\n|clearpoke\n|poke|p1|Politoed, M|item\n|poke|p1|Gliscor, M|item\n|poke|p1|Ferrothorn, M|item\n|poke|p1|Tentacruel, M|item\n|poke|p1|Jirachi|item\n|poke|p1|Keldeo-Resolute|item\n|poke|p2|Reuniclus, M|item\n|poke|p2|Tyranitar, M|item\n|poke|p2|Skarmory, F|item\n|poke|p2|Jellicent, M|item\n|poke|p2|Garchomp, F|item\n|poke|p2|Latios, M|item\n|teampreview\n|c|\u2606PAPA TOY|hf\n|c|\u2606Goootzinho|u2\n|inactive|Goootzinho has 270 seconds left.\n|c|+Nalorium|TOY\n|c|+Nalorium|TOY\n|c|+Nalorium|TOY\n|inactive|Goootzinho has 240 seconds left.\n|\n|t:|1624223701\n|start\n|switch|p1a: Tentacruel|Tentacruel, M|100\/100\n|switch|p2a: Globo|Jellicent, M, shiny|100\/100\n|turn|1\n|\n|t:|1624223706\n|switch|p2a: Feto|Reuniclus, M, shiny|100\/100\n|move|p1a: Tentacruel|Substitute|p1a: Tentacruel\n|-start|p1a: Tentacruel|Substitute\n|-damage|p1a: Tentacruel|76\/100\n|\n|-heal|p1a: Tentacruel|82\/100|[from] item: Black Sludge\n|upkeep\n|turn|2\n|\n|t:|1624223715\n|switch|p1a: Jirachi|Jirachi|100\/100\n|switch|p2a: Globo|Jellicent, M, shiny|100\/100\n|\n|upkeep\n|turn|3\n|\n|t:|1624223734\n|move|p1a: Jirachi|U-turn|p2a: Globo\n|-resisted|p2a: Globo\n|-damage|p2a: Globo|92\/100\n|\n|t:|1624223736\n|switch|p1a: Politoed|Politoed, M|100\/100|[from]move: U-turn\n|-weather|RainDance|[from] ability: Drizzle|[of] p1a: Politoed\n|move|p2a: Globo|Will-O-Wisp|p1a: Politoed\n|-status|p1a: Politoed|brn\n|\n|-weather|RainDance|[upkeep]\n|-heal|p2a: Globo|98\/100|[from] item: Leftovers\n|-damage|p1a: Politoed|88\/100 brn|[from] brn\n|upkeep\n|turn|4\n|\n|t:|1624223751\n|switch|p1a: Ferrothorn|Ferrothorn, M|100\/100\n|move|p2a: Globo|Will-O-Wisp|p1a: Ferrothorn|[miss]\n|-miss|p2a: Globo|p1a: Ferrothorn\n|\n|-weather|RainDance|[upkeep]\n|-heal|p2a: Globo|100\/100|[from] item: Leftovers\n|upkeep\n|turn|5\n|\n|t:|1624223758\n|move|p2a: Globo|Will-O-Wisp|p1a: Ferrothorn\n|-status|p1a: Ferrothorn|brn\n|move|p1a: Ferrothorn|Knock Off|p2a: Globo\n|-supereffective|p2a: Globo\n|-damage|p2a: Globo|96\/100\n|-enditem|p2a: Globo|Leftovers|[from] move: Knock Off|[of] p1a: Ferrothorn\n|\n|-weather|RainDance|[upkeep]\n|-damage|p1a: Ferrothorn|88\/100 brn|[from] brn\n|upkeep\n|turn|6\n|\n|t:|1624223763\n|move|p2a: Globo|Taunt|p1a: Ferrothorn\n|-start|p1a: Ferrothorn|move: Taunt\n|cant|p1a: Ferrothorn|move: Taunt|Spikes\n|\n|-weather|RainDance|[upkeep]\n|-heal|p1a: Ferrothorn|94\/100 brn|[from] item: Leftovers\n|-damage|p1a: Ferrothorn|82\/100 brn|[from] brn\n|upkeep\n|turn|7\n|\n|t:|1624223771\n|switch|p2a: Txori Robot|Skarmory, F|100\/100\n|move|p1a: Ferrothorn|Power Whip|p2a: Txori Robot\n|-resisted|p2a: Txori Robot\n|-damage|p2a: Txori Robot|97\/100\n|-damage|p1a: Ferrothorn|65\/100 brn|[from] item: Rocky Helmet|[of] p2a: Txori Robot\n|\n|-weather|RainDance|[upkeep]\n|-heal|p1a: Ferrothorn|71\/100 brn|[from] item: Leftovers\n|-damage|p1a: Ferrothorn|59\/100 brn|[from] brn\n|upkeep\n|turn|8\n|\n|t:|1624223781\n|switch|p1a: Tentacruel|Tentacruel, M|82\/100\n|move|p2a: Txori Robot|Brave Bird|p1a: Tentacruel\n|-damage|p1a: Tentacruel|33\/100\n|-damage|p2a: Txori Robot|79\/100|[from] Recoil\n|\n|-weather|RainDance|[upkeep]\n|-heal|p1a: Tentacruel|39\/100|[from] ability: Rain Dish\n|-heal|p1a: Tentacruel|45\/100|[from] item: Black Sludge\n|upkeep\n|turn|9\n|\n|t:|1624223798\n|switch|p2a: MULTIUSOS|Tyranitar, M, shiny|100\/100\n|-weather|Sandstorm|[from] ability: Sand Stream|[of] p2a: MULTIUSOS\n|move|p1a: Tentacruel|Scald|p2a: MULTIUSOS\n|-supereffective|p2a: MULTIUSOS\n|-damage|p2a: MULTIUSOS|70\/100\n|\n|-weather|Sandstorm|[upkeep]\n|-damage|p1a: Tentacruel|39\/100|[from] Sandstorm\n|-heal|p1a: Tentacruel|45\/100|[from] item: Black Sludge\n|upkeep\n|turn|10\n|\n|t:|1624223813\n|move|p2a: MULTIUSOS|Pursuit|p1a: Tentacruel\n|-damage|p1a: Tentacruel|18\/100\n|move|p1a: Tentacruel|Scald|p2a: MULTIUSOS\n|-supereffective|p2a: MULTIUSOS\n|-damage|p2a: MULTIUSOS|40\/100\n|\n|-weather|Sandstorm|[upkeep]\n|-damage|p1a: Tentacruel|12\/100|[from] Sandstorm\n|-heal|p1a: Tentacruel|18\/100|[from] item: Black Sludge\n|upkeep\n|turn|11\n|\n|t:|1624223817\n|move|p2a: MULTIUSOS|Pursuit|p1a: Tentacruel\n|-crit|p1a: Tentacruel\n|-damage|p1a: Tentacruel|0 fnt\n|faint|p1a: Tentacruel\n|\n|-weather|Sandstorm|[upkeep]\n|upkeep\n|\n|t:|1624223819\n|switch|p1a: Jirachi|Jirachi|100\/100\n|turn|12\n|\n|t:|1624223827\n|switch|p2a: Txori Robot|Skarmory, F|79\/100\n|move|p1a: Jirachi|Stealth Rock|p2a: Txori Robot\n|-sidestart|p2: PAPA TOY|move: Stealth Rock\n|\n|-weather|Sandstorm|[upkeep]\n|upkeep\n|turn|13\n|\n|t:|1624223839\n|switch|p1a: Keldeo|Keldeo-Resolute|100\/100\n|move|p2a: Txori Robot|Spikes|p1a: Keldeo\n|-sidestart|p1: Goootzinho|Spikes\n|\n|-weather|Sandstorm|[upkeep]\n|-damage|p1a: Keldeo|94\/100|[from] Sandstorm\n|upkeep\n|turn|14\n|\n|t:|1624223845\n|switch|p1a: Gliscor|Gliscor, M|100\/100\n|switch|p2a: WIN|Latios, M, shiny|100\/100\n|-damage|p2a: WIN|88\/100|[from] Stealth Rock\n|\n|-weather|Sandstorm|[upkeep]\n|-damage|p2a: WIN|82\/100|[from] Sandstorm\n|-status|p1a: Gliscor|tox|[from] item: Toxic Orb\n|upkeep\n|turn|15\n|\n|t:|1624223866\n|switch|p2a: Feto|Reuniclus, M, shiny|100\/100\n|switch|p1a: Ferrothorn|Ferrothorn, M|59\/100 brn\n|-damage|p1a: Ferrothorn|47\/100 brn|[from] Spikes\n|\n|-weather|Sandstorm|[upkeep]\n|-heal|p1a: Ferrothorn|53\/100 brn|[from] item: Leftovers\n|-damage|p1a: Ferrothorn|41\/100 brn|[from] brn\n|upkeep\n|turn|16\n|\n|t:|1624223871\n|move|p2a: Feto|Calm Mind|p2a: Feto\n|-boost|p2a: Feto|spa|1\n|-boost|p2a: Feto|spd|1\n|move|p1a: Ferrothorn|Spikes|p2a: Feto\n|-sidestart|p2: PAPA TOY|Spikes\n|\n|-weather|Sandstorm|[upkeep]\n|-heal|p1a: Ferrothorn|47\/100 brn|[from] item: Leftovers\n|-damage|p1a: Ferrothorn|34\/100 brn|[from] brn\n|upkeep\n|turn|17\n|\n|t:|1624223876\n|move|p2a: Feto|Thunder|p1a: Ferrothorn\n|-resisted|p1a: Ferrothorn\n|-damage|p1a: Ferrothorn|17\/100 brn\n|move|p1a: Ferrothorn|Spikes|p2a: Feto\n|-sidestart|p2: PAPA TOY|Spikes\n|\n|-weather|Sandstorm|[upkeep]\n|-heal|p1a: Ferrothorn|23\/100 brn|[from] item: Leftovers\n|-damage|p1a: Ferrothorn|11\/100 brn|[from] brn\n|upkeep\n|turn|18\n|\n|t:|1624223880\n|move|p2a: Feto|Calm Mind|p2a: Feto\n|-boost|p2a: Feto|spa|1\n|-boost|p2a: Feto|spd|1\n|move|p1a: Ferrothorn|Spikes|p2a: Feto\n|-sidestart|p2: PAPA TOY|Spikes\n|\n|-weather|Sandstorm|[upkeep]\n|-heal|p1a: Ferrothorn|17\/100 brn|[from] item: Leftovers\n|-damage|p1a: Ferrothorn|4\/100 brn|[from] brn\n|upkeep\n|turn|19\n|\n|t:|1624223885\n|move|p2a: Feto|Hidden Power|p1a: Ferrothorn\n|-damage|p1a: Ferrothorn|0 fnt\n|faint|p1a: Ferrothorn\n|\n|-weather|Sandstorm|[upkeep]\n|upkeep\n|\n|t:|1624223891\n|switch|p1a: Jirachi|Jirachi|100\/100\n|-damage|p1a: Jirachi|88\/100|[from] Spikes\n|turn|20\n|\n|t:|1624223895\n|switch|p2a: Txori Robot|Skarmory, F|79\/100\n|-damage|p2a: Txori Robot|67\/100|[from] Stealth Rock\n|move|p1a: Jirachi|Body Slam|p2a: Txori Robot\n|-resisted|p2a: Txori Robot\n|-damage|p2a: Txori Robot|59\/100\n|-damage|p1a: Jirachi|71\/100|[from] item: Rocky Helmet|[of] p2a: Txori Robot\n|\n|-weather|Sandstorm|[upkeep]\n|-heal|p1a: Jirachi|78\/100|[from] item: Leftovers\n|upkeep\n|turn|21\n|\n|t:|1624223912\n|switch|p1a: Politoed|Politoed, M|88\/100 brn\n|-damage|p1a: Politoed|76\/100 brn|[from] Spikes\n|-weather|RainDance|[from] ability: Drizzle|[of] p1a: Politoed\n|move|p2a: Txori Robot|Roost|p2a: Txori Robot\n|-heal|p2a: Txori Robot|100\/100\n|-singleturn|p2a: Txori Robot|move: Roost\n|\n|-weather|RainDance|[upkeep]\n|-damage|p1a: Politoed|63\/100 brn|[from] brn\n|upkeep\n|turn|22\n|\n|t:|1624223935\n|move|p1a: Politoed|Ice Beam|p2a: Txori Robot\n|-damage|p2a: Txori Robot|76\/100\n|move|p2a: Txori Robot|Roost|p2a: Txori Robot\n|-heal|p2a: Txori Robot|100\/100\n|-singleturn|p2a: Txori Robot|move: Roost\n|\n|-weather|RainDance|[upkeep]\n|-damage|p1a: Politoed|51\/100 brn|[from] brn\n|upkeep\n|turn|23\n|\n|t:|1624223947\n|move|p1a: Politoed|Ice Beam|p2a: Txori Robot\n|-damage|p2a: Txori Robot|76\/100\n|move|p2a: Txori Robot|Brave Bird|p1a: Politoed\n|-damage|p1a: Politoed|2\/100 brn\n|-damage|p2a: Txori Robot|61\/100|[from] Recoil\n|\n|-weather|RainDance|[upkeep]\n|-damage|p1a: Politoed|0 fnt|[from] brn\n|faint|p1a: Politoed\n|upkeep\n|inactive|Goootzinho has 270 seconds left.\n|\n|t:|1624223983\n|switch|p1a: Keldeo|Keldeo-Resolute|94\/100\n|-damage|p1a: Keldeo|82\/100|[from] Spikes\n|turn|24\n|inactive|PAPA TOY has 270 seconds left.\n|\n|t:|1624224026\n|switch|p2a: MULTIUSOS|Tyranitar, M, shiny|40\/100\n|-damage|p2a: MULTIUSOS|15\/100|[from] Spikes\n|-damage|p2a: MULTIUSOS|3\/100|[from] Stealth Rock\n|-weather|Sandstorm|[from] ability: Sand Stream|[of] p2a: MULTIUSOS\n|move|p1a: Keldeo|Surf|p2a: MULTIUSOS\n|-supereffective|p2a: MULTIUSOS\n|-damage|p2a: MULTIUSOS|0 fnt\n|faint|p2a: MULTIUSOS\n|\n|-weather|Sandstorm|[upkeep]\n|-damage|p1a: Keldeo|76\/100|[from] Sandstorm\n|upkeep\n|c|+Nalorium|Oye toy\n|\n|t:|1624224037\n|switch|p2a: WIN|Latios, M, shiny|82\/100\n|-damage|p2a: WIN|70\/100|[from] Stealth Rock\n|turn|25\n|c|\u2606PAPA TOY|que pasa \n|inactive|Goootzinho has 240 seconds left.\n|inactive|PAPA TOY has 240 seconds left.\n|\n|t:|1624224080\n|switch|p1a: Gliscor|Gliscor, M|100\/100 tox\n|move|p2a: WIN|Draco Meteor|p1a: Gliscor\n|-damage|p1a: Gliscor|16\/100 tox\n|-unboost|p2a: WIN|spa|2\n|\n|-weather|Sandstorm|[upkeep]\n|-damage|p2a: WIN|64\/100|[from] Sandstorm\n|-heal|p1a: Gliscor|29\/100 tox|[from] ability: Poison Heal\n|upkeep\n|turn|26\n|inactive|Goootzinho has 240 seconds left.\n|\n|t:|1624224091\n|switch|p2a: Feto|Reuniclus, M, shiny|100\/100\n|move|p1a: Gliscor|Protect||[still]\n|-fail|p1a: Gliscor\n|\n|-weather|Sandstorm|[upkeep]\n|-heal|p1a: Gliscor|41\/100 tox|[from] ability: Poison Heal\n|upkeep\n|turn|27\n|\n|t:|1624224095\n|switch|p1a: Jirachi|Jirachi|78\/100\n|-damage|p1a: Jirachi|65\/100|[from] Spikes\n|move|p2a: Feto|Thunder|p1a: Jirachi\n|-crit|p1a: Jirachi\n|-damage|p1a: Jirachi|21\/100\n|\n|-weather|Sandstorm|[upkeep]\n|-heal|p1a: Jirachi|27\/100|[from] item: Leftovers\n|upkeep\n|turn|28\n|c|\u2606Goootzinho|3 wins on pure match-up lool, record ends in 4-4 but i'm out\n|inactive|PAPA TOY has 240 seconds left.\n|c|\u2606PAPA TOY|lel\n|\n|t:|1624224134\n|switch|p2a: Sel|Garchomp, F|100\/100\n|-damage|p2a: Sel|76\/100|[from] Spikes\n|-damage|p2a: Sel|69\/100|[from] Stealth Rock\n|move|p1a: Jirachi|Body Slam|p2a: Sel\n|-damage|p2a: Sel|49\/100\n|-status|p2a: Sel|par\n|-damage|p1a: Jirachi|15\/100|[from] ability: Rough Skin|[of] p2a: Sel\n|\n|-weather|Sandstorm|[upkeep]\n|-heal|p1a: Jirachi|21\/100|[from] item: Leftovers\n|upkeep\n|turn|29\n|c|+Nalorium|que dijo toy\n|c|+Nalorium|no le entendi\n|inactive|PAPA TOY has 240 seconds left.\n|\n|t:|1624224144\n|switch|p1a: Gliscor|Gliscor, M|41\/100 tox\n|cant|p2a: Sel|par\n|\n|-weather|Sandstorm|[upkeep]\n|-heal|p1a: Gliscor|54\/100 tox|[from] ability: Poison Heal\n|upkeep\n|turn|30\n|\n|t:|1624224156\n|switch|p2a: Feto|Reuniclus, M, shiny|100\/100\n|move|p1a: Gliscor|Earthquake|p2a: Feto\n|-damage|p2a: Feto|79\/100\n|\n|-weather|Sandstorm|[upkeep]\n|-heal|p2a: Feto|85\/100|[from] item: Leftovers\n|-heal|p1a: Gliscor|66\/100 tox|[from] ability: Poison Heal\n|upkeep\n|turn|31\n|\n|t:|1624224165\n|switch|p1a: Keldeo|Keldeo-Resolute|76\/100\n|-damage|p1a: Keldeo|63\/100|[from] Spikes\n|move|p2a: Feto|Hidden Power|p1a: Keldeo\n|-resisted|p1a: Keldeo\n|-damage|p1a: Keldeo|52\/100\n|\n|-weather|Sandstorm|[upkeep]\n|-damage|p1a: Keldeo|46\/100|[from] Sandstorm\n|-heal|p2a: Feto|92\/100|[from] item: Leftovers\n|upkeep\n|turn|32\n|c|+Nalorium|toy porque no me respondes\n|c|+Nalorium|:(\n|\n|t:|1624224185\n|switch|p1a: Gliscor|Gliscor, M|66\/100 tox\n|switch|p2a: Sel|Garchomp, F|49\/100 par\n|-damage|p2a: Sel|24\/100 par|[from] Spikes\n|-damage|p2a: Sel|18\/100 par|[from] Stealth Rock\n|\n|-weather|Sandstorm|[upkeep]\n|-heal|p1a: Gliscor|79\/100 tox|[from] ability: Poison Heal\n|upkeep\n|turn|33\n|\n|t:|1624224190\n|switch|p2a: Feto|Reuniclus, M, shiny|92\/100\n|move|p1a: Gliscor|Earthquake|p2a: Feto\n|-damage|p2a: Feto|70\/100\n|\n|-weather|Sandstorm|[upkeep]\n|-heal|p2a: Feto|76\/100|[from] item: Leftovers\n|-heal|p1a: Gliscor|91\/100 tox|[from] ability: Poison Heal\n|upkeep\n|turn|34\n|\n|t:|1624224195\n|move|p1a: Gliscor|Earthquake|p2a: Feto\n|-damage|p2a: Feto|52\/100\n|move|p2a: Feto|Hidden Power|p1a: Gliscor\n|-supereffective|p1a: Gliscor\n|-damage|p1a: Gliscor|0 fnt\n|faint|p1a: Gliscor\n|\n|-weather|Sandstorm|[upkeep]\n|-heal|p2a: Feto|58\/100|[from] item: Leftovers\n|upkeep\n|\n|t:|1624224200\n|switch|p1a: Keldeo|Keldeo-Resolute|46\/100\n|-damage|p1a: Keldeo|33\/100|[from] Spikes\n|turn|35\n|\n|t:|1624224204\n|switch|p2a: Sel|Garchomp, F|18\/100 par\n|-damage|p2a: Sel|0 fnt|[from] Spikes\n|faint|p2a: Sel\n|move|p1a: Keldeo|Surf|p2: Sel|[notarget]\n|-fail|p1a: Keldeo\n|\n|-weather|Sandstorm|[upkeep]\n|-damage|p1a: Keldeo|27\/100|[from] Sandstorm\n|upkeep\n|\n|t:|1624224208\n|switch|p2a: Globo|Jellicent, M, shiny|96\/100\n|-damage|p2a: Globo|71\/100|[from] Spikes\n|-damage|p2a: Globo|58\/100|[from] Stealth Rock\n|turn|36\n|\n|t:|1624224211\n|move|p1a: Keldeo|Surf|p2a: Globo\n|-heal|p2a: Globo|83\/100|[from] ability: Water Absorb|[of] p1a: Keldeo\n|move|p2a: Globo|Night Shade|p1a: Keldeo\n|-damage|p1a: Keldeo|0 fnt\n|faint|p1a: Keldeo\n|\n|-weather|Sandstorm|[upkeep]\n|-damage|p2a: Globo|77\/100|[from] Sandstorm\n|upkeep\n|\n|t:|1624224213\n|switch|p1a: Jirachi|Jirachi|21\/100\n|-damage|p1a: Jirachi|9\/100|[from] Spikes\n|turn|37\n|\n|t:|1624224216\n|move|p1a: Jirachi|Iron Head|p2a: Globo\n|-resisted|p2a: Globo\n|-damage|p2a: Globo|63\/100\n|cant|p2a: Globo|flinch\n|\n|-weather|Sandstorm|[upkeep]\n|-damage|p2a: Globo|57\/100|[from] Sandstorm\n|-heal|p1a: Jirachi|15\/100|[from] item: Leftovers\n|upkeep\n|turn|38\n|\n|t:|1624224223\n|switch|p2a: Txori Robot|Skarmory, F|61\/100\n|-damage|p2a: Txori Robot|49\/100|[from] Stealth Rock\n|move|p1a: Jirachi|Stealth Rock||[still]\n|-fail|p1a: Jirachi\n|\n|-weather|Sandstorm|[upkeep]\n|-heal|p1a: Jirachi|21\/100|[from] item: Leftovers\n|upkeep\n|turn|39\n|\n|t:|1624224229\n|move|p1a: Jirachi|Body Slam|p2a: Txori Robot\n|-resisted|p2a: Txori Robot\n|-damage|p2a: Txori Robot|41\/100\n|-status|p2a: Txori Robot|par\n|-damage|p1a: Jirachi|4\/100|[from] item: Rocky Helmet|[of] p2a: Txori Robot\n|move|p2a: Txori Robot|Brave Bird|p1a: Jirachi\n|-resisted|p1a: Jirachi\n|-damage|p1a: Jirachi|0 fnt\n|faint|p1a: Jirachi\n|-damage|p2a: Txori Robot|40\/100 par|[from] Recoil\n|\n|win|PAPA TOY\n|c|\u2606PAPA TOY|ggs\n","uploadtime":1624224230,"views":149,"p1id":"goootzinho","p2id":"papatoy","formatid":"gen5ou","rating":0,"private":0,"password":null}