{"id":"smogtours-gen1ou-655913","p1":"genesis7","p2":"Laroxyl","format":"gen1ou","log":"|inactive|Battle timer is ON: inactive players will automatically lose when time's up.\n|t:|1666134834\n|gametype|singles\n|player|p1|genesis7|265|\n|player|p2|Laroxyl|#scl1spartans|\n|teamsize|p1|6\n|teamsize|p2|6\n|gen|1\n|tier|[Gen 1] OU\n|rule|Desync Clause Mod: Desyncs changed to move failure.\n|rule|Sleep Clause Mod: Limit one foe put to sleep\n|rule|Freeze Clause Mod: Limit one foe frozen\n|rule|Species Clause: Limit one of each Pok\u00e9mon\n|rule|OHKO Clause: OHKO moves are banned\n|rule|Evasion Moves Clause: Evasion moves are banned\n|rule|Endless Battle Clause: Forcing endless battles is banned\n|rule|HP Percentage Mod: HP is shown in percentages\n|\n|t:|1666134834\n|start\n|switch|p1a: Jynx|Jynx|100\/100\n|switch|p2a: Starmie|Starmie|100\/100\n|turn|1\n|c|\u2606genesis7|glhf\n|\n|t:|1666134852\n|move|p2a: Starmie|Thunderbolt|p1a: Jynx\n|-damage|p1a: Jynx|76\/100\n|move|p1a: Jynx|Lovely Kiss|p2a: Starmie\n|-status|p2a: Starmie|slp|[from] move: Lovely Kiss\n|\n|upkeep\n|turn|2\n|\n|t:|1666134859\n|cant|p2a: Starmie|slp\n|move|p1a: Jynx|Blizzard|p2a: Starmie\n|-resisted|p2a: Starmie\n|-damage|p2a: Starmie|79\/100 slp\n|\n|upkeep\n|turn|3\n|c|\u2606Laroxyl|u2\n|\n|t:|1666134866\n|cant|p2a: Starmie|slp\n|move|p1a: Jynx|Blizzard|p2a: Starmie\n|-resisted|p2a: Starmie\n|-damage|p2a: Starmie|57\/100 slp\n|\n|upkeep\n|turn|4\n|\n|t:|1666134871\n|cant|p2a: Starmie|slp\n|move|p1a: Jynx|Psychic|p2a: Starmie\n|-resisted|p2a: Starmie\n|-damage|p2a: Starmie|42\/100 slp\n|-unboost|p2a: Starmie|spd|1\n|-unboost|p2a: Starmie|spa|1\n|\n|upkeep\n|turn|5\n|\n|t:|1666134877\n|switch|p2a: Chansey|Chansey|100\/100\n|move|p1a: Jynx|Psychic|p2a: Chansey\n|-damage|p2a: Chansey|87\/100\n|\n|upkeep\n|turn|6\n|\n|t:|1666134890\n|move|p1a: Jynx|Blizzard|p2a: Chansey\n|-damage|p2a: Chansey|70\/100\n|move|p2a: Chansey|Thunder Wave|p1a: Jynx\n|-status|p1a: Jynx|par\n|\n|upkeep\n|turn|7\n|\n|t:|1666134897\n|move|p2a: Chansey|Soft-Boiled|p2a: Chansey\n|-heal|p2a: Chansey|100\/100\n|cant|p1a: Jynx|par\n|\n|upkeep\n|turn|8\n|\n|t:|1666134902\n|switch|p2a: Snorlax|Snorlax|100\/100\n|move|p1a: Jynx|Blizzard|p2a: Snorlax|[miss]\n|-miss|p1a: Jynx\n|\n|upkeep\n|turn|9\n|\n|t:|1666134909\n|switch|p1a: Snorlax|Snorlax|100\/100\n|move|p2a: Snorlax|Body Slam|p1a: Snorlax\n|-damage|p1a: Snorlax|75\/100\n|\n|upkeep\n|turn|10\n|\n|t:|1666134920\n|move|p1a: Snorlax|Body Slam|p2a: Snorlax\n|-damage|p2a: Snorlax|76\/100\n|move|p2a: Snorlax|Body Slam|p1a: Snorlax\n|-damage|p1a: Snorlax|47\/100\n|\n|upkeep\n|turn|11\n|\n|t:|1666134929\n|move|p1a: Snorlax|Reflect|p1a: Snorlax\n|-start|p1a: Snorlax|Reflect\n|move|p2a: Snorlax|Hyper Beam|p1a: Snorlax\n|-damage|p1a: Snorlax|24\/100\n|-mustrecharge|p2a: Snorlax\n|\n|upkeep\n|turn|12\n|\n|t:|1666134950\n|cant|p2a: Snorlax|recharge\n|move|p1a: Snorlax|Body Slam|p2a: Snorlax\n|-damage|p2a: Snorlax|48\/100\n|\n|upkeep\n|turn|13\n|\n|t:|1666134965\n|move|p2a: Snorlax|Hyper Beam|p1a: Snorlax\n|-damage|p1a: Snorlax|2\/100\n|-mustrecharge|p2a: Snorlax\n|move|p1a: Snorlax|Rest|p1a: Snorlax\n|-status|p1a: Snorlax|slp|[from] move: Rest\n|-heal|p1a: Snorlax|100\/100 slp|[silent]\n|\n|upkeep\n|turn|14\n|\n|t:|1666134969\n|cant|p2a: Snorlax|recharge\n|cant|p1a: Snorlax|slp\n|\n|upkeep\n|turn|15\n|\n|t:|1666134973\n|switch|p2a: Exeggutor|Exeggutor|100\/100\n|-curestatus|p1a: Snorlax|slp|[msg]\n|\n|upkeep\n|turn|16\n|\n|t:|1666134981\n|switch|p2a: Snorlax|Snorlax|48\/100\n|switch|p1a: Jynx|Jynx|76\/100 par\n|\n|upkeep\n|turn|17\n|\n|t:|1666134989\n|switch|p1a: Snorlax|Snorlax|100\/100\n|move|p2a: Snorlax|Body Slam|p1a: Snorlax\n|-damage|p1a: Snorlax|76\/100\n|\n|upkeep\n|turn|18\n|\n|t:|1666135000\n|move|p1a: Snorlax|Body Slam|p2a: Snorlax\n|-damage|p2a: Snorlax|22\/100\n|move|p2a: Snorlax|Self-Destruct|p1a: Snorlax\n|-damage|p1a: Snorlax|0 fnt\n|faint|p1a: Snorlax\n|faint|p2a: Snorlax\n|\n|t:|1666135014\n|switch|p1a: Lapras|Lapras|100\/100\n|switch|p2a: Tauros|Tauros|100\/100\n|turn|19\n|\n|t:|1666135023\n|switch|p2a: Chansey|Chansey|100\/100\n|move|p1a: Lapras|Ice Beam|p2a: Chansey\n|-damage|p2a: Chansey|86\/100\n|\n|upkeep\n|turn|20\n|\n|t:|1666135035\n|switch|p1a: Jynx|Jynx|76\/100 par\n|switch|p2a: Tauros|Tauros|100\/100\n|\n|upkeep\n|turn|21\n|\n|t:|1666135047\n|switch|p1a: Exeggutor|Exeggutor|100\/100\n|move|p2a: Tauros|Body Slam|p1a: Exeggutor\n|-damage|p1a: Exeggutor|70\/100\n|\n|upkeep\n|turn|22\n|\n|t:|1666135063\n|switch|p2a: Chansey|Chansey|86\/100\n|move|p1a: Exeggutor|Psychic|p2a: Chansey\n|-damage|p2a: Chansey|69\/100\n|-unboost|p2a: Chansey|spd|1\n|-unboost|p2a: Chansey|spa|1\n|\n|upkeep\n|turn|23\n|\n|t:|1666135073\n|move|p1a: Exeggutor|Psychic|p2a: Chansey\n|-damage|p2a: Chansey|45\/100\n|move|p2a: Chansey|Soft-Boiled|p2a: Chansey\n|-heal|p2a: Chansey|95\/100\n|\n|upkeep\n|turn|24\n|\n|t:|1666135083\n|switch|p1a: Chansey|Chansey|100\/100\n|switch|p2a: Exeggutor|Exeggutor|100\/100\n|\n|upkeep\n|turn|25\n|\n|t:|1666135095\n|move|p2a: Exeggutor|Sleep Powder|p1a: Chansey\n|-status|p1a: Chansey|slp|[from] move: Sleep Powder\n|cant|p1a: Chansey|slp\n|\n|upkeep\n|turn|26\n|\n|t:|1666135115\n|switch|p2a: Tauros|Tauros|100\/100\n|cant|p1a: Chansey|slp\n|\n|upkeep\n|turn|27\n|inactive|genesis7 has 270 seconds left.\n|\n|t:|1666135145\n|switch|p1a: Lapras|Lapras|100\/100\n|move|p2a: Tauros|Body Slam|p1a: Lapras\n|-damage|p1a: Lapras|74\/100\n|\n|upkeep\n|turn|28\n|inactive|genesis7 has 270 seconds left.\n|\n|t:|1666135152\n|switch|p2a: Chansey|Chansey|95\/100\n|move|p1a: Lapras|Ice Beam|p2a: Chansey\n|-crit|p2a: Chansey\n|-damage|p2a: Chansey|64\/100\n|\n|upkeep\n|turn|29\n|\n|t:|1666135160\n|switch|p1a: Jynx|Jynx|76\/100 par\n|move|p2a: Chansey|Soft-Boiled|p2a: Chansey\n|-hint|In Gen 1, recovery moves fail if (user's maximum HP - user's current HP + 1) is divisible by 256.\n|-fail|p2a: Chansey\n|\n|upkeep\n|turn|30\n|inactive|genesis7 has 270 seconds left.\n|\n|t:|1666135185\n|move|p2a: Chansey|Ice Beam|p1a: Jynx\n|-resisted|p1a: Jynx\n|-damage|p1a: Jynx|63\/100 par\n|move|p1a: Jynx|Blizzard|p2a: Chansey\n|-damage|p2a: Chansey|44\/100\n|\n|upkeep\n|turn|31\n|inactive|genesis7 has 270 seconds left.\n|\n|t:|1666135191\n|move|p2a: Chansey|Soft-Boiled|p2a: Chansey\n|-heal|p2a: Chansey|94\/100\n|move|p1a: Jynx|Blizzard|p2a: Chansey\n|-damage|p2a: Chansey|75\/100\n|\n|upkeep\n|turn|32\n|\n|t:|1666135198\n|move|p2a: Chansey|Ice Beam|p1a: Jynx\n|-resisted|p1a: Jynx\n|-damage|p1a: Jynx|52\/100 par\n|move|p1a: Jynx|Blizzard|p2a: Chansey\n|-damage|p2a: Chansey|55\/100\n|-status|p2a: Chansey|frz\n|\n|upkeep\n|turn|33\n|inactive|Laroxyl disconnected and has 300 seconds to reconnect!\n|player|p2|\n|inactive|Laroxyl reconnected and has 290 seconds left.\n|player|p2|Laroxyl|#scl1spartans\n|\n|t:|1666135247\n|cant|p2a: Chansey|frz\n|cant|p1a: Jynx|par\n|\n|upkeep\n|turn|34\n|\n|t:|1666135252\n|cant|p2a: Chansey|frz\n|move|p1a: Jynx|Psychic|p2a: Chansey\n|-damage|p2a: Chansey|40\/100 frz\n|\n|upkeep\n|turn|35\n|\n|t:|1666135259\n|cant|p2a: Chansey|frz\n|move|p1a: Jynx|Psychic|p2a: Chansey\n|-damage|p2a: Chansey|25\/100 frz\n|\n|upkeep\n|turn|36\n|\n|t:|1666135264\n|cant|p2a: Chansey|frz\n|move|p1a: Jynx|Psychic|p2a: Chansey\n|-crit|p2a: Chansey\n|-damage|p2a: Chansey|0 fnt\n|faint|p2a: Chansey\n|\n|t:|1666135269\n|switch|p2a: Tauros|Tauros|100\/100\n|turn|37\n|\n|t:|1666135274\n|move|p2a: Tauros|Body Slam|p1a: Jynx\n|-damage|p1a: Jynx|1\/100 par\n|move|p1a: Jynx|Psychic|p2a: Tauros\n|-damage|p2a: Tauros|65\/100\n|-unboost|p2a: Tauros|spd|1\n|-unboost|p2a: Tauros|spa|1\n|\n|upkeep\n|turn|38\n|\n|t:|1666135282\n|move|p2a: Tauros|Body Slam|p1a: Jynx\n|-damage|p1a: Jynx|0 fnt\n|faint|p1a: Jynx\n|\n|t:|1666135288\n|switch|p1a: Exeggutor|Exeggutor|70\/100\n|turn|39\n|\n|t:|1666135298\n|switch|p2a: Exeggutor|Exeggutor|100\/100\n|move|p1a: Exeggutor|Psychic|p2a: Exeggutor\n|-resisted|p2a: Exeggutor\n|-damage|p2a: Exeggutor|88\/100\n|-unboost|p2a: Exeggutor|spd|1\n|-unboost|p2a: Exeggutor|spa|1\n|\n|upkeep\n|turn|40\n|\n|t:|1666135308\n|move|p1a: Exeggutor|Psychic|p2a: Exeggutor\n|-resisted|p2a: Exeggutor\n|-damage|p2a: Exeggutor|66\/100\n|move|p2a: Exeggutor|Psychic|p1a: Exeggutor\n|-crit|p1a: Exeggutor\n|-resisted|p1a: Exeggutor\n|-damage|p1a: Exeggutor|43\/100\n|\n|upkeep\n|turn|41\n|\n|t:|1666135317\n|move|p2a: Exeggutor|Stun Spore|p1a: Exeggutor\n|-status|p1a: Exeggutor|par\n|move|p1a: Exeggutor|Psychic|p2a: Exeggutor\n|-resisted|p2a: Exeggutor\n|-damage|p2a: Exeggutor|46\/100\n|-unboost|p2a: Exeggutor|spd|1\n|-unboost|p2a: Exeggutor|spa|1\n|\n|upkeep\n|turn|42\n|\n|t:|1666135330\n|switch|p2a: Starmie|Starmie|42\/100 slp\n|cant|p1a: Exeggutor|par\n|\n|upkeep\n|turn|43\n|\n|t:|1666135351\n|-curestatus|p2a: Starmie|slp|[msg]\n|cant|p1a: Exeggutor|par\n|\n|upkeep\n|turn|44\n|\n|t:|1666135362\n|move|p2a: Starmie|Psychic|p1a: Exeggutor\n|-resisted|p1a: Exeggutor\n|-damage|p1a: Exeggutor|32\/100 par\n|cant|p1a: Exeggutor|par\n|\n|upkeep\n|turn|45\n|\n|t:|1666135370\n|move|p2a: Starmie|Psychic|p1a: Exeggutor\n|-crit|p1a: Exeggutor\n|-resisted|p1a: Exeggutor\n|-damage|p1a: Exeggutor|10\/100 par\n|move|p1a: Exeggutor|Sleep Powder|p2a: Starmie\n|-status|p2a: Starmie|slp|[from] move: Sleep Powder\n|\n|upkeep\n|turn|46\n|\n|t:|1666135379\n|switch|p1a: Tauros|Tauros|100\/100\n|-curestatus|p2a: Starmie|slp|[msg]\n|\n|upkeep\n|turn|47\n|\n|t:|1666135398\n|switch|p1a: Exeggutor|Exeggutor|10\/100 par\n|move|p2a: Starmie|Thunder Wave|p1a: Exeggutor\n|-fail|p1a: Exeggutor|par\n|\n|upkeep\n|turn|48\n|\n|t:|1666135404\n|move|p2a: Starmie|Psychic|p1a: Exeggutor\n|-resisted|p1a: Exeggutor\n|-damage|p1a: Exeggutor|0 fnt\n|faint|p1a: Exeggutor\n|\n|t:|1666135407\n|switch|p1a: Chansey|Chansey|100\/100 slp\n|turn|49\n|\n|t:|1666135415\n|move|p2a: Starmie|Recover|p2a: Starmie\n|-heal|p2a: Starmie|92\/100\n|cant|p1a: Chansey|slp\n|\n|upkeep\n|turn|50\n|\n|t:|1666135423\n|switch|p2a: Exeggutor|Exeggutor|46\/100\n|cant|p1a: Chansey|slp\n|\n|upkeep\n|turn|51\n|\n|t:|1666135432\n|move|p2a: Exeggutor|Psychic|p1a: Chansey\n|-damage|p1a: Chansey|85\/100 slp\n|-curestatus|p1a: Chansey|slp|[msg]\n|\n|upkeep\n|turn|52\n|\n|t:|1666135445\n|switch|p1a: Lapras|Lapras|74\/100\n|move|p2a: Exeggutor|Explosion|p1a: Lapras\n|-damage|p1a: Lapras|14\/100\n|faint|p2a: Exeggutor\n|\n|t:|1666135456\n|switch|p2a: Tauros|Tauros|65\/100\n|turn|53\n|\n|t:|1666135461\n|move|p2a: Tauros|Body Slam|p1a: Lapras\n|-damage|p1a: Lapras|0 fnt\n|faint|p1a: Lapras\n|\n|t:|1666135465\n|switch|p1a: Chansey|Chansey|85\/100\n|turn|54\n|\n|t:|1666135481\n|move|p2a: Tauros|Body Slam|p1a: Chansey\n|-damage|p1a: Chansey|46\/100\n|move|p1a: Chansey|Thunder Wave|p2a: Tauros\n|-status|p2a: Tauros|par\n|\n|upkeep\n|turn|55\n|\n|t:|1666135489\n|move|p1a: Chansey|Soft-Boiled|p1a: Chansey\n|-heal|p1a: Chansey|96\/100\n|move|p2a: Tauros|Body Slam|p1a: Chansey\n|-damage|p1a: Chansey|55\/100\n|\n|upkeep\n|turn|56\n|\n|t:|1666135495\n|move|p1a: Chansey|Soft-Boiled|p1a: Chansey\n|-heal|p1a: Chansey|100\/100\n|move|p2a: Tauros|Body Slam|p1a: Chansey\n|-damage|p1a: Chansey|59\/100\n|\n|upkeep\n|turn|57\n|\n|t:|1666135504\n|move|p1a: Chansey|Soft-Boiled|p1a: Chansey\n|-heal|p1a: Chansey|100\/100\n|move|p2a: Tauros|Body Slam|p1a: Chansey\n|-damage|p1a: Chansey|63\/100\n|\n|upkeep\n|turn|58\n|\n|t:|1666135515\n|switch|p1a: Tauros|Tauros|100\/100\n|move|p2a: Tauros|Body Slam|p1a: Tauros\n|-damage|p1a: Tauros|72\/100\n|\n|upkeep\n|turn|59\n|\n|t:|1666135525\n|move|p1a: Tauros|Body Slam|p2a: Tauros\n|-damage|p2a: Tauros|36\/100 par\n|move|p2a: Tauros|Hyper Beam|p1a: Tauros\n|-crit|p1a: Tauros\n|-damage|p1a: Tauros|0 fnt\n|faint|p1a: Tauros\n|\n|t:|1666135530\n|switch|p1a: Chansey|Chansey|63\/100\n|turn|60\n|\n|t:|1666135542\n|switch|p2a: Starmie|Starmie|92\/100\n|move|p1a: Chansey|Thunderbolt|p2a: Starmie|[miss]\n|-miss|p1a: Chansey\n|-hint|In Gen 1, moves with 100% accuracy can still miss 1\/256 of the time.\n|\n|upkeep\n|turn|61\n|\n|t:|1666135547\n|move|p2a: Starmie|Thunder Wave|p1a: Chansey\n|-status|p1a: Chansey|par\n|move|p1a: Chansey|Thunderbolt|p2a: Starmie\n|-supereffective|p2a: Starmie\n|-damage|p2a: Starmie|47\/100\n|\n|upkeep\n|turn|62\n|\n|t:|1666135552\n|move|p2a: Starmie|Recover|p2a: Starmie\n|-heal|p2a: Starmie|96\/100\n|move|p1a: Chansey|Soft-Boiled|p1a: Chansey\n|-heal|p1a: Chansey|100\/100 par\n|\n|upkeep\n|turn|63\n|\n|t:|1666135556\n|move|p2a: Starmie|Psychic|p1a: Chansey\n|-damage|p1a: Chansey|86\/100 par\n|move|p1a: Chansey|Thunder Wave|p2a: Starmie\n|-status|p2a: Starmie|par\n|\n|upkeep\n|turn|64\n|\n|t:|1666135562\n|cant|p2a: Starmie|par\n|cant|p1a: Chansey|par\n|\n|upkeep\n|turn|65\n|\n|t:|1666135566\n|cant|p2a: Starmie|par\n|move|p1a: Chansey|Thunderbolt|p2a: Starmie\n|-supereffective|p2a: Starmie\n|-damage|p2a: Starmie|48\/100 par\n|\n|upkeep\n|turn|66\n|\n|t:|1666135571\n|cant|p2a: Starmie|par\n|move|p1a: Chansey|Thunderbolt|p2a: Starmie\n|-supereffective|p2a: Starmie\n|-damage|p2a: Starmie|0 fnt\n|faint|p2a: Starmie\n|\n|t:|1666135575\n|switch|p2a: Tauros|Tauros|36\/100 par\n|turn|67\n|\n|t:|1666135580\n|move|p2a: Tauros|Body Slam|p1a: Chansey\n|-damage|p1a: Chansey|46\/100 par\n|cant|p1a: Chansey|par\n|\n|upkeep\n|turn|68\n|\n|t:|1666135585\n|move|p2a: Tauros|Hyper Beam|p1a: Chansey\n|-damage|p1a: Chansey|0 fnt\n|faint|p1a: Chansey\n|\n|win|Laroxyl\n|c|\u2606genesis7|gg\n|c|\u2606Laroxyl|gg\n","uploadtime":1666135586,"views":12,"p1id":"genesis7","p2id":"laroxyl","formatid":"gen1ou","rating":0,"private":0,"password":null}