{"id":"smogtours-gen7ou-273361","p1":"Finding True Love","p2":"Gotham Paladin","format":"gen7ou","log":"|inactive|Battle timer is ON: inactive players will automatically lose when time's up.\n|J|Finding True Love\n|J|Gotham Paladin\n|player|p1|Finding True Love|130\n|player|p2|Gotham Paladin|283\n|gametype|singles\n|gen|7\n|tier|[Gen 7] OU\n|seed|43374,45357,51818,57016\n|clearpoke\n|poke|p1|Excadrill, M|item\n|poke|p1|Tyranitar, M|item\n|poke|p1|Greninja, M|item\n|poke|p1|Mawile, F|item\n|poke|p1|Ferrothorn, F|item\n|poke|p1|Zygarde|item\n|poke|p2|Tapu Fini|item\n|poke|p2|Zapdos|item\n|poke|p2|Ferrothorn, F|item\n|poke|p2|Nihilego|item\n|poke|p2|Pinsir, M|item\n|poke|p2|Dugtrio, M|item\n|rule|Baton Pass Clause: Limit one Baton Passer, can't pass Spe and other stats simultaneously\n|rule|Sleep Clause Mod: Limit one foe put to sleep\n|rule|Species Clause: Limit one of each Pok\u00e9mon\n|rule|OHKO Clause: OHKO moves are banned\n|rule|Moody Clause: Moody is banned\n|rule|Evasion Moves Clause: Evasion moves are banned\n|rule|Endless Battle Clause: Forcing endless battles is banned\n|rule|HP Percentage Mod: HP is shown in percentages\n|teampreview\n|c|\u2606Gotham Paladin|hf\n|c|\u2606Finding True Love|Have fun.\n|J|Vai Lusa-\n|choice|team 3, team 2, team 1, team 4, team 5, team 6|team 2, team 1, team 3, team 4, team 5, team 6\n|\n|start\n|switch|p1a: Greninja|Greninja, M|285\/285\n|switch|p2a: Zapdos|Zapdos|383\/383\n|turn|1\n|choice|switch 2|move hiddenpower\n|\n|switch|p1a: Tyranitar|Tyranitar, M|403\/403\n|-weather|Sandstorm|[from] ability: Sand Stream|[of] p1a: Tyranitar\n|move|p2a: Zapdos|Hidden Power|p1a: Tyranitar\n|-damage|p1a: Tyranitar|370\/403\n|\n|-weather|Sandstorm|[upkeep]\n|-damage|p2a: Zapdos|360\/383|[from] sandstorm\n|-heal|p2a: Zapdos|383\/383|[from] item: Leftovers\n|upkeep\n|turn|2\n|choice|move stealthrock|move voltswitch\n|\n|move|p2a: Zapdos|Volt Switch|p1a: Tyranitar\n|-damage|p1a: Tyranitar|316\/403\n|choice||switch 6\n|\n|switch|p2a: Dugtrio|Dugtrio, M|211\/211\n|move|p1a: Tyranitar|Stealth Rock|p2a: Dugtrio\n|-sidestart|p2: Gotham Paladin|move: Stealth Rock\n|\n|-weather|Sandstorm|[upkeep]\n|upkeep\n|turn|3\n|choice|move icebeam|move earthquake zmove\n|\n|-zpower|p2a: Dugtrio\n|move|p2a: Dugtrio|Tectonic Rage|p1a: Tyranitar|[zeffect]\n|-supereffective|p1a: Tyranitar\n|-crit|p1a: Tyranitar\n|-damage|p1a: Tyranitar|0 fnt\n|faint|p1a: Tyranitar\n|\n|-weather|Sandstorm|[upkeep]\n|upkeep\n|choice|switch 2|\n|\n|switch|p1a: Greninja|Greninja, M|285\/285\n|turn|4\n|choice|move uturn|switch 3\n|\n|switch|p2a: Pamela Isley|Ferrothorn, F|352\/352\n|-damage|p2a: Pamela Isley|330\/352|[from] Stealth Rock\n|move|p1a: Greninja|U-turn|p2a: Pamela Isley\n|-damage|p2a: Pamela Isley|291\/352\n|-damage|p1a: Greninja|250\/285|[from] ability: Iron Barbs|[of] p2a: Pamela Isley\n|choice|switch 4|\n|\n|switch|p1a: Mawile|Mawile, F|264\/264\n|-ability|p1a: Mawile|Intimidate|boost\n|-unboost|p2a: Pamela Isley|atk|1\n|\n|-weather|Sandstorm|[upkeep]\n|-heal|p2a: Pamela Isley|313\/352|[from] item: Leftovers\n|upkeep\n|turn|5\n|choice|move swordsdance mega|switch 6\n|\n|switch|p2a: Zapdos|Zapdos|383\/383\n|-damage|p2a: Zapdos|288\/383|[from] Stealth Rock\n|detailschange|p1a: Mawile|Mawile-Mega, F\n|-mega|p1a: Mawile|Mawile|Mawilite\n|move|p1a: Mawile|Swords Dance|p1a: Mawile\n|-boost|p1a: Mawile|atk|2\n|\n|-weather|Sandstorm|[upkeep]\n|-damage|p2a: Zapdos|265\/383|[from] sandstorm\n|-heal|p2a: Zapdos|288\/383|[from] item: Leftovers\n|upkeep\n|turn|6\n|L|Vai Lusa-\n|choice|move playrough|move heatwave\n|\n|move|p2a: Zapdos|Heat Wave|p1a: Mawile\n|-supereffective|p1a: Mawile\n|-damage|p1a: Mawile|80\/264\n|move|p1a: Mawile|Play Rough|p2a: Zapdos\n|-damage|p2a: Zapdos|0 fnt\n|-status|p1a: Mawile|par|[from] ability: Static|[of] p2a: Zapdos\n|faint|p2a: Zapdos\n|\n|-weather|Sandstorm|[upkeep]\n|upkeep\n|choice||switch 2\n|\n|switch|p2a: Tapu Fini|Tapu Fini|344\/344\n|-damage|p2a: Tapu Fini|301\/344|[from] Stealth Rock\n|-fieldstart|move: Misty Terrain|[from] ability: Misty Surge|[of] p2a: Tapu Fini\n|turn|7\n|choice|move playrough|move moonblast\n|\n|move|p2a: Tapu Fini|Moonblast|p1a: Mawile\n|-resisted|p1a: Mawile\n|-damage|p1a: Mawile|24\/264 par\n|move|p1a: Mawile|Play Rough|p2a: Tapu Fini\n|-damage|p2a: Tapu Fini|0 fnt\n|faint|p2a: Tapu Fini\n|\n|-weather|Sandstorm|[upkeep]\n|upkeep\n|choice||switch 5\n|\n|switch|p2a: Kirk Langstrom|Pinsir, M|271\/271\n|-damage|p2a: Kirk Langstrom|204\/271|[from] Stealth Rock\n|turn|8\n|choice|move knockoff|move quickattack mega\n|\n|detailschange|p2a: Kirk Langstrom|Pinsir-Mega, M\n|-mega|p2a: Kirk Langstrom|Pinsir|Pinsirite\n|move|p2a: Kirk Langstrom|Quick Attack|p1a: Mawile\n|-resisted|p1a: Mawile\n|-damage|p1a: Mawile|0 fnt\n|faint|p1a: Mawile\n|\n|-weather|none\n|upkeep\n|choice|switch 4|\n|\n|switch|p1a: Greninja|Greninja, M|250\/285\n|turn|9\n|choice|move hydropump|switch 4\n|\n|switch|p2a: ParaDemon|Nihilego|359\/359\n|-damage|p2a: ParaDemon|315\/359|[from] Stealth Rock\n|move|p1a: Greninja|Hydro Pump|p2a: ParaDemon\n|-supereffective|p2a: ParaDemon\n|-damage|p2a: ParaDemon|0 fnt\n|faint|p2a: ParaDemon\n|-activate|p1a: Greninja|ability: Battle Bond\n|detailschange|p1a: Greninja|Greninja-Ash, M\n|\n|upkeep\n|choice||switch 6\n|\n|switch|p2a: Pamela Isley|Ferrothorn, F|313\/352\n|-damage|p2a: Pamela Isley|291\/352|[from] Stealth Rock\n|turn|10\n|choice|switch 3|move stealthrock\n|\n|switch|p1a: Excadrill|Excadrill, M|361\/361\n|move|p2a: Pamela Isley|Stealth Rock|p1a: Excadrill\n|-sidestart|p1: Finding True Love|move: Stealth Rock\n|\n|-heal|p2a: Pamela Isley|313\/352|[from] item: Leftovers\n|upkeep\n|turn|11\n|choice|move rapidspin|move leechseed\n|\n|move|p1a: Excadrill|Rapid Spin|p2a: Pamela Isley\n|-resisted|p2a: Pamela Isley\n|-damage|p2a: Pamela Isley|300\/352\n|-damage|p1a: Excadrill|316\/361|[from] ability: Iron Barbs|[of] p2a: Pamela Isley\n|-sideend|p1: Finding True Love|Stealth Rock|[from] move: Rapid Spin|[of] p1a: Excadrill\n|-damage|p1a: Excadrill|280\/361|[from] item: Life Orb\n|move|p2a: Pamela Isley|Leech Seed|p1a: Excadrill\n|-start|p1a: Excadrill|move: Leech Seed\n|\n|-heal|p2a: Pamela Isley|322\/352|[from] item: Leftovers\n|-damage|p1a: Excadrill|235\/361|[from] Leech Seed|[of] p2a: Pamela Isley\n|-heal|p2a: Pamela Isley|352\/352|[silent]\n|-fieldend|Misty Terrain\n|upkeep\n|turn|12\n|choice|move swordsdance|move powerwhip\n|\n|move|p1a: Excadrill|Swords Dance|p1a: Excadrill\n|-boost|p1a: Excadrill|atk|2\n|move|p2a: Pamela Isley|Power Whip|p1a: Excadrill|[miss]\n|-miss|p2a: Pamela Isley|p1a: Excadrill\n|\n|-damage|p1a: Excadrill|190\/361|[from] Leech Seed|[of] p2a: Pamela Isley\n|upkeep\n|turn|13\n|choice|move earthquake|switch 4\n|\n|switch|p2a: Kirk Langstrom|Pinsir-Mega, M|204\/271\n|-damage|p2a: Kirk Langstrom|69\/271|[from] Stealth Rock\n|move|p1a: Excadrill|Earthquake|p2a: Kirk Langstrom\n|-immune|p2a: Kirk Langstrom|[msg]\n|\n|-damage|p1a: Excadrill|145\/361|[from] Leech Seed|[of] p2a: Kirk Langstrom\n|-heal|p2a: Kirk Langstrom|114\/271|[silent]\n|upkeep\n|turn|14\n|J|kory2600\n|choice|move rockslide|move return\n|\n|move|p2a: Kirk Langstrom|Return|p1a: Excadrill\n|-resisted|p1a: Excadrill\n|-damage|p1a: Excadrill|0 fnt\n|faint|p1a: Excadrill\n|\n|upkeep\n|choice|switch 3|\n|\n|switch|p1a: Greninja|Greninja-Ash, M|250\/285\n|turn|15\n|choice|move darkpulse|move quickattack\n|\n|move|p2a: Kirk Langstrom|Quick Attack|p1a: Greninja\n|-damage|p1a: Greninja|115\/285\n|move|p1a: Greninja|Dark Pulse|p2a: Kirk Langstrom\n|-damage|p2a: Kirk Langstrom|0 fnt\n|faint|p2a: Kirk Langstrom\n|\n|upkeep\n|choice||switch 4\n|\n|switch|p2a: Pamela Isley|Ferrothorn, F|352\/352\n|-damage|p2a: Pamela Isley|330\/352|[from] Stealth Rock\n|turn|16\n|J|Vai Lusa-\n|choice|switch 5|move leechseed\n|\n|switch|p1a: Ferrothorn|Ferrothorn, F|352\/352\n|move|p2a: Pamela Isley|Leech Seed|p1a: Ferrothorn\n|-immune|p1a: Ferrothorn|[msg]\n|\n|-heal|p2a: Pamela Isley|352\/352|[from] item: Leftovers\n|upkeep\n|turn|17\n|J|Sabella-\n|choice|move spikes|move knockoff\n|\n|move|p2a: Pamela Isley|Knock Off|p1a: Ferrothorn\n|-damage|p1a: Ferrothorn|307\/352\n|-damage|p2a: Pamela Isley|308\/352|[from] ability: Iron Barbs|[of] p1a: Ferrothorn\n|-enditem|p1a: Ferrothorn|Leftovers|[from] move: Knock Off|[of] p2a: Pamela Isley\n|move|p1a: Ferrothorn|Spikes|p2a: Pamela Isley\n|-sidestart|p2: Gotham Paladin|Spikes\n|\n|-heal|p2a: Pamela Isley|330\/352|[from] item: Leftovers\n|upkeep\n|turn|18\n|choice|move spikes|move knockoff\n|\n|move|p2a: Pamela Isley|Knock Off|p1a: Ferrothorn\n|-damage|p1a: Ferrothorn|274\/352\n|-damage|p2a: Pamela Isley|286\/352|[from] ability: Iron Barbs|[of] p1a: Ferrothorn\n|move|p1a: Ferrothorn|Spikes|p2a: Pamela Isley\n|-sidestart|p2: Gotham Paladin|Spikes\n|\n|-heal|p2a: Pamela Isley|308\/352|[from] item: Leftovers\n|upkeep\n|turn|19\n|choice|move spikes|move leechseed\n|\n|move|p2a: Pamela Isley|Leech Seed|p1a: Ferrothorn\n|-immune|p1a: Ferrothorn|[msg]\n|move|p1a: Ferrothorn|Spikes|p2a: Pamela Isley\n|-sidestart|p2: Gotham Paladin|Spikes\n|\n|-heal|p2a: Pamela Isley|330\/352|[from] item: Leftovers\n|upkeep\n|turn|20\n|J|dk\n|choice|move powerwhip|move leechseed\n|\n|move|p2a: Pamela Isley|Leech Seed|p1a: Ferrothorn\n|-immune|p1a: Ferrothorn|[msg]\n|move|p1a: Ferrothorn|Power Whip|p2a: Pamela Isley\n|-resisted|p2a: Pamela Isley\n|-damage|p2a: Pamela Isley|305\/352\n|-damage|p1a: Ferrothorn|230\/352|[from] ability: Iron Barbs|[of] p2a: Pamela Isley\n|\n|-heal|p2a: Pamela Isley|327\/352|[from] item: Leftovers\n|upkeep\n|turn|21\n|choice|move spikes|move knockoff\n|\n|move|p2a: Pamela Isley|Knock Off|p1a: Ferrothorn\n|-damage|p1a: Ferrothorn|196\/352\n|-damage|p2a: Pamela Isley|283\/352|[from] ability: Iron Barbs|[of] p1a: Ferrothorn\n|move|p1a: Ferrothorn|Spikes|p2a: Pamela Isley\n|-fail|p2a: Pamela Isley\n|\n|-heal|p2a: Pamela Isley|305\/352|[from] item: Leftovers\n|upkeep\n|turn|22\n|choice|move spikes|move stealthrock\n|\n|move|p2a: Pamela Isley|Stealth Rock|p1a: Ferrothorn\n|-sidestart|p1: Finding True Love|move: Stealth Rock\n|move|p1a: Ferrothorn|Spikes|p2a: Pamela Isley\n|-fail|p2a: Pamela Isley\n|\n|-heal|p2a: Pamela Isley|327\/352|[from] item: Leftovers\n|upkeep\n|turn|23\n|choice|move spikes|move stealthrock\n|\n|move|p2a: Pamela Isley|Stealth Rock|p1a: Ferrothorn\n|-fail|p1a: Ferrothorn\n|move|p1a: Ferrothorn|Spikes|p2a: Pamela Isley\n|-fail|p2a: Pamela Isley\n|\n|-heal|p2a: Pamela Isley|349\/352|[from] item: Leftovers\n|upkeep\n|turn|24\n|choice|move spikes|move knockoff\n|\n|move|p2a: Pamela Isley|Knock Off|p1a: Ferrothorn\n|-damage|p1a: Ferrothorn|160\/352\n|-damage|p2a: Pamela Isley|305\/352|[from] ability: Iron Barbs|[of] p1a: Ferrothorn\n|move|p1a: Ferrothorn|Spikes|p2a: Pamela Isley\n|-fail|p2a: Pamela Isley\n|\n|-heal|p2a: Pamela Isley|327\/352|[from] item: Leftovers\n|upkeep\n|turn|25\n|choice|move powerwhip|move knockoff\n|\n|move|p2a: Pamela Isley|Knock Off|p1a: Ferrothorn\n|-damage|p1a: Ferrothorn|126\/352\n|-damage|p2a: Pamela Isley|283\/352|[from] ability: Iron Barbs|[of] p1a: Ferrothorn\n|move|p1a: Ferrothorn|Power Whip|p2a: Pamela Isley\n|-resisted|p2a: Pamela Isley\n|-damage|p2a: Pamela Isley|258\/352\n|-damage|p1a: Ferrothorn|82\/352|[from] ability: Iron Barbs|[of] p2a: Pamela Isley\n|\n|-heal|p2a: Pamela Isley|280\/352|[from] item: Leftovers\n|upkeep\n|turn|26\n|L|Sabella-\n|choice|move powerwhip|move leechseed\n|\n|move|p2a: Pamela Isley|Leech Seed|p1a: Ferrothorn\n|-immune|p1a: Ferrothorn|[msg]\n|move|p1a: Ferrothorn|Power Whip|p2a: Pamela Isley\n|-resisted|p2a: Pamela Isley\n|-damage|p2a: Pamela Isley|254\/352\n|-damage|p1a: Ferrothorn|38\/352|[from] ability: Iron Barbs|[of] p2a: Pamela Isley\n|\n|-heal|p2a: Pamela Isley|276\/352|[from] item: Leftovers\n|upkeep\n|turn|27\n|J|ToF\n|choice|move powerwhip|move stealthrock\n|\n|move|p2a: Pamela Isley|Stealth Rock|p1a: Ferrothorn\n|-fail|p1a: Ferrothorn\n|move|p1a: Ferrothorn|Power Whip|p2a: Pamela Isley\n|-resisted|p2a: Pamela Isley\n|-damage|p2a: Pamela Isley|253\/352\n|-damage|p1a: Ferrothorn|0 fnt|[from] ability: Iron Barbs|[of] p2a: Pamela Isley\n|faint|p1a: Ferrothorn\n|\n|-heal|p2a: Pamela Isley|275\/352|[from] item: Leftovers\n|upkeep\n|choice|switch 6|\n|\n|switch|p1a: Zygarde|Zygarde|407\/407\n|-damage|p1a: Zygarde|382\/407|[from] Stealth Rock\n|-ability|p1a: Zygarde|Aura Break\n|turn|28\n|choice|move substitute|move powerwhip\n|\n|move|p1a: Zygarde|Substitute|p1a: Zygarde\n|-start|p1a: Zygarde|Substitute\n|-damage|p1a: Zygarde|281\/407\n|move|p2a: Pamela Isley|Power Whip|p1a: Zygarde\n|-end|p1a: Zygarde|Substitute\n|\n|-heal|p1a: Zygarde|306\/407|[from] item: Leftovers\n|-heal|p2a: Pamela Isley|297\/352|[from] item: Leftovers\n|upkeep\n|turn|29\n|choice|move substitute|move leechseed\n|\n|move|p1a: Zygarde|Substitute|p1a: Zygarde\n|-start|p1a: Zygarde|Substitute\n|-damage|p1a: Zygarde|205\/407\n|move|p2a: Pamela Isley|Leech Seed|p1a: Zygarde|[miss]\n|-miss|p2a: Pamela Isley|p1a: Zygarde\n|\n|-heal|p1a: Zygarde|230\/407|[from] item: Leftovers\n|-heal|p2a: Pamela Isley|319\/352|[from] item: Leftovers\n|upkeep\n|turn|30\n|choice|move coil|move powerwhip\n|\n|move|p1a: Zygarde|Coil|p1a: Zygarde\n|-boost|p1a: Zygarde|atk|1\n|-boost|p1a: Zygarde|def|1\n|-boost|p1a: Zygarde|accuracy|1\n|move|p2a: Pamela Isley|Power Whip|p1a: Zygarde\n|-activate|p1a: Zygarde|move: Substitute|[damage]\n|\n|-heal|p1a: Zygarde|255\/407|[from] item: Leftovers\n|-heal|p2a: Pamela Isley|341\/352|[from] item: Leftovers\n|upkeep\n|turn|31\n|choice|move coil|move powerwhip\n|\n|move|p1a: Zygarde|Coil|p1a: Zygarde\n|-boost|p1a: Zygarde|atk|1\n|-boost|p1a: Zygarde|def|1\n|-boost|p1a: Zygarde|accuracy|1\n|move|p2a: Pamela Isley|Power Whip|p1a: Zygarde\n|-end|p1a: Zygarde|Substitute\n|\n|-heal|p1a: Zygarde|280\/407|[from] item: Leftovers\n|-heal|p2a: Pamela Isley|352\/352|[from] item: Leftovers\n|upkeep\n|turn|32\n|choice|move substitute|move powerwhip\n|\n|move|p1a: Zygarde|Substitute|p1a: Zygarde\n|-start|p1a: Zygarde|Substitute\n|-damage|p1a: Zygarde|179\/407\n|move|p2a: Pamela Isley|Power Whip|p1a: Zygarde\n|-activate|p1a: Zygarde|move: Substitute|[damage]\n|\n|-heal|p1a: Zygarde|204\/407|[from] item: Leftovers\n|upkeep\n|turn|33\n|choice|move thousandarrows|move powerwhip\n|\n|move|p1a: Zygarde|Thousand Arrows|p2a: Pamela Isley\n|-damage|p2a: Pamela Isley|184\/352\n|move|p2a: Pamela Isley|Power Whip|p1a: Zygarde\n|-end|p1a: Zygarde|Substitute\n|\n|-heal|p1a: Zygarde|229\/407|[from] item: Leftovers\n|-heal|p2a: Pamela Isley|206\/352|[from] item: Leftovers\n|upkeep\n|turn|34\n|choice|move substitute|move powerwhip\n|\n|move|p1a: Zygarde|Substitute|p1a: Zygarde\n|-start|p1a: Zygarde|Substitute\n|-damage|p1a: Zygarde|128\/407\n|move|p2a: Pamela Isley|Power Whip|p1a: Zygarde\n|-activate|p1a: Zygarde|move: Substitute|[damage]\n|\n|-heal|p1a: Zygarde|153\/407|[from] item: Leftovers\n|-heal|p2a: Pamela Isley|228\/352|[from] item: Leftovers\n|upkeep\n|turn|35\n|choice|move thousandarrows|move powerwhip\n|\n|move|p1a: Zygarde|Thousand Arrows|p2a: Pamela Isley\n|-damage|p2a: Pamela Isley|75\/352\n|move|p2a: Pamela Isley|Power Whip|p1a: Zygarde\n|-end|p1a: Zygarde|Substitute\n|\n|-heal|p1a: Zygarde|178\/407|[from] item: Leftovers\n|-heal|p2a: Pamela Isley|97\/352|[from] item: Leftovers\n|upkeep\n|turn|36\n|choice|move substitute|move powerwhip\n|\n|move|p1a: Zygarde|Substitute|p1a: Zygarde\n|-start|p1a: Zygarde|Substitute\n|-damage|p1a: Zygarde|77\/407\n|move|p2a: Pamela Isley|Power Whip|p1a: Zygarde\n|-activate|p1a: Zygarde|move: Substitute|[damage]\n|\n|-heal|p1a: Zygarde|102\/407|[from] item: Leftovers\n|-heal|p2a: Pamela Isley|119\/352|[from] item: Leftovers\n|upkeep\n|turn|37\n|choice|move thousandarrows|move knockoff\n|\n|move|p1a: Zygarde|Thousand Arrows|p2a: Pamela Isley\n|-damage|p2a: Pamela Isley|0 fnt\n|faint|p2a: Pamela Isley\n|\n|-heal|p1a: Zygarde|127\/407|[from] item: Leftovers\n|upkeep\n|choice||switch 3\n|\n|switch|p2a: Dugtrio|Dugtrio, M|211\/211\n|-damage|p2a: Dugtrio|159\/211|[from] Spikes\n|-damage|p2a: Dugtrio|146\/211|[from] Stealth Rock\n|turn|38\n|choice|move thousandarrows|move earthquake\n|\n|move|p2a: Dugtrio|Earthquake|p1a: Zygarde\n|-end|p1a: Zygarde|Substitute\n|move|p1a: Zygarde|Thousand Arrows|p2a: Dugtrio\n|-damage|p2a: Dugtrio|0 fnt\n|faint|p2a: Dugtrio\n|\n|win|Finding True Love","inputlog":null,"uploadtime":1492567348,"views":593,"p1id":"findingtruelove","p2id":"gothampaladin","formatid":"gen7ou","rating":0,"private":0,"password":null}