{"id":"smogtours-gen8ru-649989","p1":"Luna's Bann3d Now","p2":"Redemption","format":"gen8ru","log":"|inactive|Battle timer is ON: inactive players will automatically lose when time's up.\n|t:|1663960638\n|gametype|singles\n|player|p1|Luna's Bann3d Now|#ruplixsleekslushrushers|\n|player|p2|Redemption|#redemption|\n|teamsize|p1|6\n|teamsize|p2|6\n|gen|8\n|tier|[Gen 8] RU\n|rule|Sleep Clause Mod: Limit one foe put to sleep\n|rule|Species Clause: Limit one of each Pok\u00e9mon\n|rule|OHKO Clause: OHKO moves are banned\n|rule|Evasion Items Clause: Evasion items are banned\n|rule|Evasion Moves Clause: Evasion moves are banned\n|rule|Endless Battle Clause: Forcing endless battles is banned\n|rule|HP Percentage Mod: HP is shown in percentages\n|rule|Dynamax Clause: You cannot dynamax\n|clearpoke\n|poke|p1|Salazzle, F|\n|poke|p1|Raikou|\n|poke|p1|Grimmsnarl, M|\n|poke|p1|Steelix, F|\n|poke|p1|Milotic, M|\n|poke|p1|Crobat, F|\n|poke|p2|Registeel|\n|poke|p2|Flygon, M|\n|poke|p2|Starmie|\n|poke|p2|Mimikyu, F|\n|poke|p2|Raikou|\n|poke|p2|Incineroar, M|\n|teampreview\n|c|\u2606Redemption|hf\n|c|\u2606Luna's Bann3d Now|u2\n|inactive|Redemption has 270 seconds left.\n|\n|t:|1663960670\n|start\n|switch|p1a: Crobat|Crobat, F|100\/100\n|switch|p2a: Incineroar|Incineroar, M|100\/100\n|-ability|p2a: Incineroar|Intimidate|boost\n|-fail|p1a: Crobat|unboost|Attack|[from] ability: Inner Focus|[of] p1a: Crobat\n|turn|1\n|\n|t:|1663960678\n|move|p1a: Crobat|U-turn|p2a: Incineroar\n|-damage|p2a: Incineroar|86\/100\n|\n|t:|1663960681\n|switch|p1a: Milotic|Milotic, M|100\/100|[from]move: U-turn\n|move|p2a: Incineroar|Knock Off|p1a: Milotic\n|-damage|p1a: Milotic|69\/100\n|-enditem|p1a: Milotic|Heavy-Duty Boots|[from] move: Knock Off|[of] p2a: Incineroar\n|\n|upkeep\n|turn|2\n|\n|t:|1663960703\n|switch|p2a: Registeel|Registeel|100\/100\n|move|p1a: Milotic|Flip Turn|p2a: Registeel\n|-damage|p2a: Registeel|93\/100\n|\n|t:|1663960707\n|switch|p1a: Steelix|Steelix, F|100\/100|[from]move: Flip Turn\n|\n|-heal|p2a: Registeel|99\/100|[from] item: Leftovers\n|upkeep\n|turn|3\n|\n|t:|1663960710\n|move|p2a: Registeel|Stealth Rock|p1a: Steelix\n|-sidestart|p1: Luna's Bann3d Now|move: Stealth Rock\n|move|p1a: Steelix|Earthquake|p2a: Registeel\n|-supereffective|p2a: Registeel\n|-damage|p2a: Registeel|54\/100\n|\n|-heal|p2a: Registeel|60\/100|[from] item: Leftovers\n|upkeep\n|turn|4\n|\n|t:|1663960718\n|switch|p2a: Starmie|Starmie|100\/100\n|move|p1a: Steelix|Stealth Rock|p2a: Starmie\n|-sidestart|p2: Redemption|move: Stealth Rock\n|\n|upkeep\n|turn|5\n|\n|t:|1663960724\n|switch|p1a: Raikou|Raikou|100\/100\n|-ability|p1a: Raikou|Pressure\n|move|p2a: Starmie|Rapid Spin|p1a: Raikou\n|-damage|p1a: Raikou|89\/100\n|-boost|p2a: Starmie|spe|1\n|-sideend|p2: Redemption|Stealth Rock|[from] move: Rapid Spin|[of] p2a: Starmie\n|\n|upkeep\n|turn|6\n|\n|t:|1663960745\n|move|p2a: Starmie|Scald|p1a: Raikou\n|-damage|p1a: Raikou|60\/100\n|-status|p1a: Raikou|brn\n|move|p1a: Raikou|Scald|p2a: Starmie\n|-resisted|p2a: Starmie\n|-damage|p2a: Starmie|84\/100\n|\n|-damage|p1a: Raikou|53\/100 brn|[from] brn\n|upkeep\n|turn|7\n|\n|t:|1663960756\n|switch|p2a: Flygon|Flygon, M|100\/100\n|move|p1a: Raikou|Scald|p2a: Flygon\n|-damage|p2a: Flygon|68\/100\n|-status|p2a: Flygon|brn\n|\n|-damage|p2a: Flygon|62\/100 brn|[from] brn\n|-damage|p1a: Raikou|47\/100 brn|[from] brn\n|upkeep\n|turn|8\n|\n|t:|1663960765\n|switch|p1a: Crobat|Crobat, F|100\/100\n|move|p2a: Flygon|U-turn|p1a: Crobat\n|-resisted|p1a: Crobat\n|-damage|p1a: Crobat|98\/100\n|\n|t:|1663960773\n|switch|p2a: Raikou|Raikou|100\/100|[from]move: U-turn\n|\n|upkeep\n|turn|9\n|\n|t:|1663960781\n|move|p1a: Crobat|U-turn|p2a: Raikou\n|-damage|p2a: Raikou|80\/100\n|\n|t:|1663960786\n|switch|p1a: Raikou|Raikou|47\/100 brn|[from]move: U-turn\n|-ability|p1a: Raikou|Pressure\n|move|p2a: Raikou|Scald|p1a: Raikou\n|-damage|p1a: Raikou|19\/100 brn\n|\n|-damage|p1a: Raikou|12\/100 brn|[from] brn\n|upkeep\n|turn|10\n|\n|t:|1663960798\n|switch|p2a: Starmie|Starmie|84\/100\n|move|p1a: Raikou|Thunderbolt|p2a: Starmie\n|-supereffective|p2a: Starmie\n|-damage|p2a: Starmie|0 fnt\n|faint|p2a: Starmie\n|\n|-damage|p1a: Raikou|6\/100 brn|[from] brn\n|upkeep\n|\n|t:|1663960802\n|switch|p2a: Flygon|Flygon, M|62\/100 brn\n|turn|11\n|\n|t:|1663960806\n|move|p2a: Flygon|U-turn|p1a: Raikou\n|-damage|p1a: Raikou|0 fnt\n|faint|p1a: Raikou\n|\n|t:|1663960814\n|switch|p2a: Raikou|Raikou|80\/100|[from]move: U-turn\n|\n|upkeep\n|\n|t:|1663960819\n|switch|p1a: Grimmsnarl|Grimmsnarl, M|100\/100\n|-damage|p1a: Grimmsnarl|88\/100|[from] Stealth Rock\n|turn|12\n|\n|t:|1663960835\n|move|p1a: Grimmsnarl|Sucker Punch|p2a: Raikou\n|-damage|p2a: Raikou|22\/100\n|move|p2a: Raikou|Volt Switch|p1a: Grimmsnarl\n|-damage|p1a: Grimmsnarl|46\/100\n|\n|t:|1663960845\n|switch|p2a: Registeel|Registeel|60\/100|[from]move: Volt Switch\n|\n|-heal|p2a: Registeel|66\/100|[from] item: Leftovers\n|upkeep\n|turn|13\n|\n|t:|1663960859\n|switch|p1a: Steelix|Steelix, F|100\/100\n|-damage|p1a: Steelix|97\/100|[from] Stealth Rock\n|move|p2a: Registeel|Heavy Slam|p1a: Steelix\n|-resisted|p1a: Steelix\n|-damage|p1a: Steelix|94\/100\n|\n|-heal|p2a: Registeel|72\/100|[from] item: Leftovers\n|-heal|p1a: Steelix|99\/100|[from] item: Leftovers\n|upkeep\n|turn|14\n|\n|t:|1663960866\n|switch|p2a: Incineroar|Incineroar, M|86\/100\n|-ability|p2a: Incineroar|Intimidate|boost\n|-unboost|p1a: Steelix|atk|1\n|move|p1a: Steelix|Stealth Rock|p2a: Incineroar\n|-sidestart|p2: Redemption|move: Stealth Rock\n|\n|-heal|p1a: Steelix|100\/100|[from] item: Leftovers\n|upkeep\n|turn|15\n|\n|t:|1663960874\n|switch|p1a: Milotic|Milotic, M|69\/100\n|-damage|p1a: Milotic|57\/100|[from] Stealth Rock\n|move|p2a: Incineroar|Knock Off|p1a: Milotic\n|-damage|p1a: Milotic|37\/100\n|\n|upkeep\n|turn|16\n|\n|t:|1663960878\n|move|p1a: Milotic|Recover|p1a: Milotic\n|-heal|p1a: Milotic|87\/100\n|move|p2a: Incineroar|Toxic|p1a: Milotic\n|-status|p1a: Milotic|tox\n|\n|-damage|p1a: Milotic|81\/100 tox|[from] psn\n|upkeep\n|turn|17\n|\n|t:|1663960885\n|move|p1a: Milotic|Scald|p2a: Incineroar\n|-supereffective|p2a: Incineroar\n|-damage|p2a: Incineroar|52\/100\n|move|p2a: Incineroar|U-turn|p1a: Milotic\n|-damage|p1a: Milotic|72\/100 tox\n|\n|t:|1663960891\n|switch|p2a: Raikou|Raikou|22\/100|[from]move: U-turn\n|\n|-damage|p1a: Milotic|60\/100 tox|[from] psn\n|upkeep\n|turn|18\n|\n|t:|1663960895\n|move|p2a: Raikou|Thunderbolt|p1a: Milotic\n|-supereffective|p1a: Milotic\n|-damage|p1a: Milotic|0 fnt\n|faint|p1a: Milotic\n|\n|upkeep\n|\n|t:|1663960899\n|switch|p1a: Salazzle|Salazzle, F|100\/100\n|turn|19\n|\n|t:|1663960908\n|switch|p2a: Flygon|Flygon, M|62\/100 brn\n|-damage|p2a: Flygon|56\/100 brn|[from] Stealth Rock\n|move|p1a: Salazzle|Flamethrower|p2a: Flygon\n|-resisted|p2a: Flygon\n|-damage|p2a: Flygon|26\/100 brn\n|\n|-damage|p2a: Flygon|20\/100 brn|[from] brn\n|upkeep\n|turn|20\n|\n|t:|1663960913\n|move|p1a: Salazzle|Protect|p1a: Salazzle\n|-singleturn|p1a: Salazzle|Protect\n|move|p2a: Flygon|U-turn|p1a: Salazzle\n|-activate|p1a: Salazzle|move: Protect\n|\n|-damage|p2a: Flygon|14\/100 brn|[from] brn\n|upkeep\n|turn|21\n|\n|t:|1663960918\n|move|p2a: Flygon|U-turn|p1a: Salazzle\n|-resisted|p1a: Salazzle\n|-damage|p1a: Salazzle|96\/100\n|\n|t:|1663960924\n|switch|p2a: Registeel|Registeel|72\/100|[from]move: U-turn\n|-damage|p2a: Registeel|66\/100|[from] Stealth Rock\n|move|p1a: Salazzle|Toxic|p2a: Registeel\n|-status|p2a: Registeel|tox\n|\n|-heal|p2a: Registeel|72\/100 tox|[from] item: Leftovers\n|-damage|p2a: Registeel|66\/100 tox|[from] psn\n|upkeep\n|turn|22\n|\n|t:|1663960932\n|move|p1a: Salazzle|Protect|p1a: Salazzle\n|-singleturn|p1a: Salazzle|Protect\n|move|p2a: Registeel|Seismic Toss|p1a: Salazzle\n|-activate|p1a: Salazzle|move: Protect\n|\n|-heal|p2a: Registeel|72\/100 tox|[from] item: Leftovers\n|-damage|p2a: Registeel|60\/100 tox|[from] psn\n|upkeep\n|turn|23\n|\n|t:|1663960937\n|move|p1a: Salazzle|Flamethrower|p2a: Registeel\n|-supereffective|p2a: Registeel\n|-damage|p2a: Registeel|15\/100 tox\n|move|p2a: Registeel|Seismic Toss|p1a: Salazzle\n|-damage|p1a: Salazzle|60\/100\n|\n|-heal|p2a: Registeel|21\/100 tox|[from] item: Leftovers\n|-damage|p2a: Registeel|3\/100 tox|[from] psn\n|upkeep\n|turn|24\n|\n|t:|1663960942\n|move|p1a: Salazzle|Flamethrower|p2a: Registeel\n|-supereffective|p2a: Registeel\n|-damage|p2a: Registeel|0 fnt\n|faint|p2a: Registeel\n|\n|upkeep\n|\n|t:|1663960948\n|switch|p2a: Incineroar|Incineroar, M|52\/100\n|-ability|p2a: Incineroar|Intimidate|boost\n|-unboost|p1a: Salazzle|atk|1\n|turn|25\n|\n|t:|1663960962\n|switch|p1a: Grimmsnarl|Grimmsnarl, M|46\/100\n|-damage|p1a: Grimmsnarl|34\/100|[from] Stealth Rock\n|move|p2a: Incineroar|Knock Off|p1a: Grimmsnarl\n|-resisted|p1a: Grimmsnarl\n|-damage|p1a: Grimmsnarl|21\/100\n|-enditem|p1a: Grimmsnarl|Black Glasses|[from] move: Knock Off|[of] p2a: Incineroar\n|\n|upkeep\n|turn|26\n|\n|t:|1663960966\n|move|p1a: Grimmsnarl|Superpower|p2a: Incineroar\n|-supereffective|p2a: Incineroar\n|-damage|p2a: Incineroar|0 fnt\n|-unboost|p1a: Grimmsnarl|atk|1\n|-unboost|p1a: Grimmsnarl|def|1\n|faint|p2a: Incineroar\n|\n|upkeep\n|\n|t:|1663960971\n|switch|p2a: Mimikyu|Mimikyu, F|100\/100\n|-damage|p2a: Mimikyu|88\/100|[from] Stealth Rock\n|turn|27\n|\n|t:|1663960981\n|move|p2a: Mimikyu|Swords Dance|p2a: Mimikyu\n|-boost|p2a: Mimikyu|atk|2\n|move|p1a: Grimmsnarl|Darkest Lariat|p2a: Mimikyu\n|-activate|p2a: Mimikyu|ability: Disguise\n|-damage|p2a: Mimikyu|88\/100\n|detailschange|p2a: Mimikyu|Mimikyu-Busted, F\n|-damage|p2a: Mimikyu|76\/100|[from] pokemon: Mimikyu-Busted\n|\n|upkeep\n|turn|28\n|\n|t:|1663960989\n|move|p1a: Grimmsnarl|Thunder Wave|p2a: Mimikyu\n|-status|p2a: Mimikyu|par\n|move|p2a: Mimikyu|Swords Dance|p2a: Mimikyu\n|-boost|p2a: Mimikyu|atk|2\n|\n|upkeep\n|turn|29\n|\n|t:|1663960996\n|cant|p2a: Mimikyu|par\n|move|p1a: Grimmsnarl|Darkest Lariat|p2a: Mimikyu\n|-damage|p2a: Mimikyu|22\/100 par\n|\n|upkeep\n|turn|30\n|\n|t:|1663960999\n|move|p1a: Grimmsnarl|Sucker Punch|p2a: Mimikyu\n|-damage|p2a: Mimikyu|0 fnt\n|faint|p2a: Mimikyu\n|\n|upkeep\n|\n|t:|1663961002\n|switch|p2a: Raikou|Raikou|22\/100\n|turn|31\n|\n|t:|1663961010\n|switch|p1a: Steelix|Steelix, F|100\/100\n|-damage|p1a: Steelix|97\/100|[from] Stealth Rock\n|move|p2a: Raikou|Scald|p1a: Steelix\n|-supereffective|p1a: Steelix\n|-damage|p1a: Steelix|42\/100\n|\n|-heal|p1a: Steelix|49\/100|[from] item: Leftovers\n|upkeep\n|turn|32\n|\n|t:|1663961013\n|move|p2a: Raikou|Scald|p1a: Steelix\n|-supereffective|p1a: Steelix\n|-damage|p1a: Steelix|0 fnt\n|faint|p1a: Steelix\n|\n|upkeep\n|\n|t:|1663961014\n|switch|p1a: Grimmsnarl|Grimmsnarl, M|21\/100\n|-damage|p1a: Grimmsnarl|8\/100|[from] Stealth Rock\n|turn|33\n|\n|t:|1663961022\n|move|p1a: Grimmsnarl|Sucker Punch|p2a: Raikou\n|-damage|p2a: Raikou|0 fnt\n|faint|p2a: Raikou\n|\n|upkeep\n|\n|t:|1663961024\n|switch|p2a: Flygon|Flygon, M|14\/100 brn\n|-damage|p2a: Flygon|8\/100 brn|[from] Stealth Rock\n|turn|34\n|\n|t:|1663961025\n|move|p1a: Grimmsnarl|Sucker Punch|p2a: Flygon\n|-damage|p2a: Flygon|0 fnt\n|faint|p2a: Flygon\n|\n|win|Luna's Bann3d Now\n|c|\u2606Luna's Bann3d Now|gg\n","uploadtime":1663961026,"views":35,"p1id":"lunasbann3dnow","p2id":"redemption","formatid":"gen8ru","rating":0,"private":0,"password":null}