{"id":"smogtours-ubers-34646","p1":"pansexual skitty","p2":"Jibaku","format":"ubers","log":"|inactive|Battle timer is ON: inactive players will automatically lose when time's up.\n|J|pansexual skitty\n|J|Jibaku\n|player|p1|pansexual skitty|100\n|player|p2|Jibaku|162\n|gametype|singles\n|gen|6\n|tier|Ubers\n|rule|Swagger Clause: Swagger is banned\n|clearpoke\n|poke|p1|Tyranitar, F\n|poke|p1|Excadrill, F\n|poke|p1|Arceus-*\n|poke|p1|Kyogre\n|poke|p1|Latias, F\n|poke|p1|Klefki, M\n|poke|p2|Arceus-*\n|poke|p2|Kyogre\n|poke|p2|Dialga\n|poke|p2|Klefki, M\n|poke|p2|Ho-Oh\n|poke|p2|Sableye, M\n|rule|Mega Rayquaza Ban Mod: You cannot mega evolve Rayquaza\n|rule|Sleep Clause Mod: Limit one foe put to sleep\n|rule|Species Clause: Limit one of each Pok\u00e9mon\n|rule|Moody Clause: Moody is banned\n|rule|OHKO Clause: OHKO moves are banned\n|rule|Endless Battle Clause: Forcing endless battles is banned\n|rule|HP Percentage Mod: HP is shown in percentages\n|teampreview\n|J|Dice\n|J|ium \uff4a\uff49\uff42\uff41\uff4b\uff55 \uff49\uff47\uff4e\uff4f\uff52\uff45\uff53\n|J|Thetwinmasters\n|J|Evuelf\n|c|\u2605pansexual skitty|hf\n|J|Steve Angello\n|J|Ciele\n|J|ALEXANDER\n|J|out madull\n|J|BKC\n|J|McMeghan\n|J|Zamrock\n|J|Finchinator\n|J|Mr.378\n|J|giara\n|J|DennisEG\n|J|Tesung\n|J|cisgengared\n|J|pistolero\n|J|Toxzn\n|J|ba$ed n bad\n|c|+BKC|ok go ahead, gl\n|J|MoxieInfinite\n|J|ULT Toenail\n|J|EvaUnit10\n|J|BLINGAS\n|J|TIRIPS\n|c|+ium \uff4a\uff49\uff42\uff41\uff4b\uff55 \uff49\uff47\uff4e\uff4f\uff52\uff45\uff53|shut up kevin\n|J|The Goomy\n|raw|<div class=\"broadcast-red\"><b>Moderated chat was set to %!<\/b><br \/>Only users of rank % and higher can talk.<\/div>\n|J|Isa RC\n|J|Ren-chon\n|J|Astounded\n|J|Z+V1\n|J|Orch\n|J|mccauley\n|J|Silver97\n|J|reyscarface\n|J|Degaard\n|J|Miles Tails\n|J|Invasi0n\n|J|Xeratech\n|J|JIBAKU IS GOOD\n|J|flcl\n|J|King Tsunami\n|J|Conflict\n|L|JIBAKU IS GOOD\n|J|FAJI\n|J|amp'dpharos\n|J|NOOOOOOOOT\n|J|derpdorp\n|J|Der Bomber\n|J|Fireburn\n|J|yohoE\n|J|Afro Smash\n|J|OVERLORD_FOLGORIO\n|J|Hack\n|J|Heist\n|\n|start\n|switch|p1a: amg|Tyranitar, F|403\/403\n|switch|p2a: steeljackal<3|Sableye, M|303\/303\n|-weather|Sandstorm\n|turn|1\n|J|PoweredByRevenge\n|J|robert\n|J|RFlush\n|J|IFM\n|J|radianthero156\n|J|SOULGAZER\n|J|Vileman \u261a(\uff9f\uff9f\u261a)\n|J|Teddeh\n|J|kratosmana\n|J|Exiline\n|J|el poeta\n|J|PttP\n|J|hxhxhxhxhxhxhx\n|J|Laga\n|J|brokenwings\n|J|so long lonesome\n|J|Leftiez\n|J|BAIKA\n|J|tomibello\n|J|Drifblimp\n|J|QueenOfLuvdiscs\n|J|Treevenant\n|J|Can-Eh-Dian\n|J|GoonyGoomy\n|J|This Is Fearsome\n|\n|switch|p1a: i built that.|Kyogre|394\/394\n|detailschange|p1a: i built that.|Kyogre-Primal\n|message|i built that.'s Primal Reversion! It reverted to its primal form!\n|-weather|PrimordialSea\n|detailschange|p2a: steeljackal<3|Sableye-Mega, M\n|-mega|p2a: steeljackal<3|Sableye|Sablenite\n|move|p2a: steeljackal<3|Toxic|p1a: i built that.\n|-status|p1a: i built that.|tox\n|\n|-weather|PrimordialSea|[upkeep]\n|-damage|p1a: i built that.|370\/394 tox|[from] psn\n|turn|2\n|J|MARCU5theBAW5\n|J|Nayrz\n|J|The Bravest Birds\n|J|Herself the Elf\n|J|destinyunknown\n|L|Can-Eh-Dian\n|J|craing ;_;\n|L|This Is Fearsome\n|J|hfgdghfdsgdfghsdf\n|J|Novaray\n|J|IAmGingy\n|J|Alf\n|\n|switch|p2a: LCS is on rn|Dialga|404\/404\n|-ability|p2a: LCS is on rn|Pressure\n|move|p1a: i built that.|Origin Pulse|p2a: LCS is on rn\n|-resisted|p2a: LCS is on rn\n|-damage|p2a: LCS is on rn|243\/404\n|\n|-weather|PrimordialSea|[upkeep]\n|-damage|p1a: i built that.|322\/394 tox|[from] psn\n|turn|3\n|L|Alf\n|J|Dentricos\n|J|Eibenholz\n|L|Xeratech\n|J|Karane\n|J|Can-Eh-Dian\n|J|Lutra\n|J|Q\u1d1c\u1d07\u1d07\u0274 E\u029fs\u1d00\n|J|AM\n|L|OVERLORD_FOLGORIO\n|J|the pdc show\n|J|SilentVerse\n|J|velukatz\n|\n|-weather|none\n|switch|p1a: filthy APE|Arceus-Ghost|443\/443\n|move|p2a: LCS is on rn|Stealth Rock|p1a: filthy APE\n|-sidestart|p1: pansexual skitty|move: Stealth Rock\n|\n|turn|4\n|L|AM\n|J|Imanalt\n|J|Duncajuwon\n|L|Karane\n|J|OVERLORD_FOLGORIO\n|L|velukatz\n|L|cisgengared\n|J|fitzy\n|J|double01\n|\n|switch|p2a: LCS is on rn|Ho-Oh|415\/415\n|move|p1a: filthy APE|Judgment|p2a: LCS is on rn\n|-damage|p2a: LCS is on rn|294\/415\n|\n|turn|5\n|\n|move|p1a: filthy APE|Stone Edge|p2a: LCS is on rn\n|-supereffective|p2a: LCS is on rn\n|-damage|p2a: LCS is on rn|0 fnt\n|faint|p2a: LCS is on rn\n|\n|J|AM\n|J|boudouche\n|J|Vinc2612\n|J|SoulDragonite\n|J|Meruu\n|L|MARCU5theBAW5\n|J|TheGentlemanGengar\n|J|an internet troll\n|\n|switch|p2a: LCS is on rn|Kyogre|404\/404\n|detailschange|p2a: LCS is on rn|Kyogre-Primal\n|message|LCS is on rn's Primal Reversion! It reverted to its primal form!\n|-weather|PrimordialSea\n|turn|6\n|J|Xeratech\n|J|Nails\n|\n|switch|p1a: \"pedantic\"|Latias, F|363\/363\n|-damage|p1a: \"pedantic\"|318\/363|[from] Stealth Rock\n|move|p2a: LCS is on rn|Scald|p1a: \"pedantic\"\n|-resisted|p1a: \"pedantic\"\n|-damage|p1a: \"pedantic\"|266\/363\n|\n|-weather|PrimordialSea|[upkeep]\n|turn|7\n|J|SilverAurum\n|L|TheGentlemanGengar\n|L|BLINGAS\n|J|boltsandbombers\n|J|BLINGAS\n|J|Yogiras\n|J|bomber\n|J|DGThunder\n|\n|-weather|none\n|switch|p2a: LCS is on rn|Klefki, M|318\/318\n|move|p1a: \"pedantic\"|Psyshock|p2a: LCS is on rn\n|-resisted|p2a: LCS is on rn\n|-damage|p2a: LCS is on rn|242\/318\n|\n|-heal|p2a: LCS is on rn|261\/318|[from] item: Leftovers\n|turn|8\n|J|Sweep\n|L|Xeratech\n|L|an internet troll\n|J|phil\n|J|Misery Business\n|L|SilverAurum\n|J|Ginku\n|\n|switch|p1a: JIBBERS XD|Excadrill, F|361\/361\n|-damage|p1a: JIBBERS XD|350\/361|[from] Stealth Rock\n|switch|p2a: LCS in on rn|Arceus-Ground|443\/443\n|\n|turn|9\n|J|WreckDra\n|L|Ginku\n|J|Ginku\n|L|DGThunder\n|J|FAGGT STEEL\n|\n|switch|p1a: filthy APE|Arceus-Ghost|443\/443\n|-damage|p1a: filthy APE|388\/443|[from] Stealth Rock\n|move|p2a: LCS in on rn|Toxic|p1a: filthy APE\n|-status|p1a: filthy APE|tox\n|\n|-damage|p1a: filthy APE|361\/443 tox|[from] psn\n|turn|10\n|L|Der Bomber\n|J|Der Bomber\n|L|Vileman \u261a(\uff9f\uff9f\u261a)\n|c|@reyscarface|nice nicks steeljackal\n|c|@reyscarface|you got dice steaming\n|J|Aurious\n|\n|switch|p2a: LCS is on rn|Kyogre-Primal|404\/404\n|-weather|PrimordialSea\n|move|p1a: filthy APE|Will-O-Wisp|p2a: LCS is on rn\n|-status|p2a: LCS is on rn|brn\n|\n|-weather|PrimordialSea|[upkeep]\n|-damage|p1a: filthy APE|307\/443 tox|[from] psn\n|-damage|p2a: LCS is on rn|354\/404 brn|[from] brn\n|turn|11\n|J|w2gMk\n|\n|switch|p1a: \"pedantic\"|Latias, F|266\/363\n|-damage|p1a: \"pedantic\"|221\/363|[from] Stealth Rock\n|move|p2a: LCS is on rn|Ice Beam|p1a: \"pedantic\"\n|-supereffective|p1a: \"pedantic\"\n|-damage|p1a: \"pedantic\"|119\/363\n|\n|-weather|PrimordialSea|[upkeep]\n|-damage|p2a: LCS is on rn|304\/404 brn|[from] brn\n|turn|12\n|J|boonman\n|\n|-weather|none\n|switch|p2a: LCS is on rn|Klefki, M|261\/318\n|move|p1a: \"pedantic\"|Roost|p1a: \"pedantic\"\n|-heal|p1a: \"pedantic\"|301\/363\n|\n|-heal|p2a: LCS is on rn|280\/318|[from] item: Leftovers\n|turn|13\n|L|Eibenholz\n|L|w2gMk\n|J|LonelyNess\n|J|cum encrusted sock\n|L|Treevenant\n|L|Can-Eh-Dian\n|J|pokeaim\n|\n|switch|p1a: i built that.|Kyogre-Primal|322\/394 tox\n|-damage|p1a: i built that.|273\/394 tox|[from] Stealth Rock\n|-weather|PrimordialSea\n|move|p2a: LCS is on rn|Spikes|p1a: i built that.\n|-sidestart|p1: pansexual skitty|Spikes\n|\n|-weather|PrimordialSea|[upkeep]\n|-heal|p2a: LCS is on rn|299\/318|[from] item: Leftovers\n|-damage|p1a: i built that.|249\/394 tox|[from] psn\n|turn|14\n|L|Ren-chon\n|J|Separate\n|J|Nicojama Robin\n|\n|switch|p2a: LCS is on rn|Dialga|243\/404\n|-ability|p2a: LCS is on rn|Pressure\n|move|p1a: i built that.|Origin Pulse|p2a: LCS is on rn\n|-crit|p2a: LCS is on rn\n|-resisted|p2a: LCS is on rn\n|-damage|p2a: LCS is on rn|9\/404\n|\n|-weather|PrimordialSea|[upkeep]\n|-damage|p1a: i built that.|201\/394 tox|[from] psn\n|turn|15\n|\n|-weather|none\n|switch|p1a: amg|Tyranitar, F|403\/403\n|-damage|p1a: amg|353\/403|[from] Stealth Rock\n|-damage|p1a: amg|303\/403|[from] Spikes\n|-weather|Sandstorm\n|move|p2a: LCS is on rn|Thunder|p1a: amg\n|-damage|p1a: amg|247\/403\n|\n|-weather|Sandstorm|[upkeep]\n|-heal|p1a: amg|272\/403|[from] item: Leftovers\n|turn|16\n|\n|move|p1a: amg|Pursuit|p2a: LCS is on rn|[from]Pursuit\n|-damage|p2a: LCS is on rn|0 fnt\n|faint|p2a: LCS is on rn\n|\n|-weather|Sandstorm|[upkeep]\n|-heal|p1a: amg|297\/403|[from] item: Leftovers\n|L|Aurious\n|\n|switch|p2a: steeljackal<3|Sableye-Mega, M|303\/303\n|turn|17\n|\n|switch|p1a: fdp -.-|Klefki, M|317\/317\n|-damage|p1a: fdp -.-|278\/317|[from] Spikes\n|-damage|p1a: fdp -.-|259\/317|[from] Stealth Rock\n|move|p2a: steeljackal<3|Foul Play|p1a: fdp -.-\n|-resisted|p1a: fdp -.-\n|-damage|p1a: fdp -.-|207\/317\n|\n|-weather|Sandstorm|[upkeep]\n|-damage|p2a: steeljackal<3|285\/303|[from] sandstorm\n|-heal|p1a: fdp -.-|226\/317|[from] item: Leftovers\n|turn|18\n|L|Invasi0n\n|\n|move|p1a: fdp -.-|Play Rough|p2a: steeljackal<3\n|-supereffective|p2a: steeljackal<3\n|-damage|p2a: steeljackal<3|171\/303\n|move|p2a: steeljackal<3|Foul Play|p1a: fdp -.-\n|-resisted|p1a: fdp -.-\n|-damage|p1a: fdp -.-|178\/317\n|\n|-weather|Sandstorm|[upkeep]\n|-damage|p2a: steeljackal<3|153\/303|[from] sandstorm\n|-heal|p1a: fdp -.-|197\/317|[from] item: Leftovers\n|turn|19\n|J|zdrup\n|J|DerSweeper\n|J|kebabe\n|\n|move|p1a: fdp -.-|Play Rough|p2a: steeljackal<3\n|-supereffective|p2a: steeljackal<3\n|-damage|p2a: steeljackal<3|37\/303\n|move|p2a: steeljackal<3|Recover|p2a: steeljackal<3\n|-heal|p2a: steeljackal<3|189\/303\n|\n|-weather|none\n|-heal|p1a: fdp -.-|216\/317|[from] item: Leftovers\n|turn|20\n|L|Der Bomber\n|L|robert\n|\n|move|p1a: fdp -.-|Play Rough|p2a: steeljackal<3\n|-supereffective|p2a: steeljackal<3\n|-damage|p2a: steeljackal<3|73\/303\n|move|p2a: steeljackal<3|Recover|p2a: steeljackal<3\n|-heal|p2a: steeljackal<3|225\/303\n|\n|-heal|p1a: fdp -.-|235\/317|[from] item: Leftovers\n|turn|21\n|\n|move|p1a: fdp -.-|Toxic|p2a: steeljackal<3\n|move|p2a: steeljackal<3|Toxic|p1a: fdp -.-|[from]Magic Bounce\n|-fail|p1a: fdp -.-\n|move|p2a: steeljackal<3|Will-O-Wisp|p1a: fdp -.-|[miss]\n|-miss|p2a: steeljackal<3|p1a: fdp -.-\n|\n|-heal|p1a: fdp -.-|254\/317|[from] item: Leftovers\n|turn|22\n|L|boltsandbombers\n|\n|move|p1a: fdp -.-|Play Rough|p2a: steeljackal<3\n|-supereffective|p2a: steeljackal<3\n|-damage|p2a: steeljackal<3|117\/303\n|move|p2a: steeljackal<3|Will-O-Wisp|p1a: fdp -.-\n|-status|p1a: fdp -.-|brn\n|\n|-heal|p1a: fdp -.-|273\/317 brn|[from] item: Leftovers\n|-damage|p1a: fdp -.-|234\/317 brn|[from] brn\n|turn|23\n|L|PttP\n|\n|switch|p1a: i built that.|Kyogre-Primal|201\/394 tox\n|-damage|p1a: i built that.|152\/394 tox|[from] Stealth Rock\n|-damage|p1a: i built that.|103\/394 tox|[from] Spikes\n|-weather|PrimordialSea\n|move|p2a: steeljackal<3|Recover|p2a: steeljackal<3\n|-heal|p2a: steeljackal<3|269\/303\n|\n|-weather|PrimordialSea|[upkeep]\n|-damage|p1a: i built that.|79\/394 tox|[from] psn\n|turn|24\n|J|Moony\n|\n|switch|p2a: LCS is on rn|Kyogre-Primal|304\/404 brn\n|move|p1a: i built that.|Origin Pulse|p2a: LCS is on rn\n|-resisted|p2a: LCS is on rn\n|-damage|p2a: LCS is on rn|157\/404 brn\n|\n|-weather|PrimordialSea|[upkeep]\n|-damage|p1a: i built that.|31\/394 tox|[from] psn\n|-damage|p2a: LCS is on rn|107\/404 brn|[from] brn\n|turn|25\n|L|Q\u1d1c\u1d07\u1d07\u0274 E\u029fs\u1d00\n|\n|move|p2a: LCS is on rn|Scald|p1a: i built that.\n|-resisted|p1a: i built that.\n|-damage|p1a: i built that.|0 fnt\n|faint|p1a: i built that.\n|\n|-weather|PrimordialSea|[upkeep]\n|-damage|p2a: LCS is on rn|57\/404 brn|[from] brn\n|L|BLINGAS\n|\n|switch|p1a: \"pedantic\"|Latias, F|301\/363\n|-damage|p1a: \"pedantic\"|256\/363|[from] Stealth Rock\n|turn|26\n|J|Krauersaut\n|\n|-weather|none\n|switch|p2a: LCS is on rn|Klefki, M|299\/318\n|move|p1a: \"pedantic\"|Psyshock|p2a: LCS is on rn\n|-resisted|p2a: LCS is on rn\n|-damage|p2a: LCS is on rn|218\/318\n|\n|-heal|p2a: LCS is on rn|237\/318|[from] item: Leftovers\n|turn|27\n|J|Calloflochie\n|\n|switch|p1a: JIBBERS XD|Excadrill, F|350\/361\n|-damage|p1a: JIBBERS XD|339\/361|[from] Stealth Rock\n|-damage|p1a: JIBBERS XD|294\/361|[from] Spikes\n|switch|p2a: LCS in on rn|Arceus-Ground|443\/443\n|\n|turn|28\n|\n|switch|p1a: \"pedantic\"|Latias, F|256\/363\n|-damage|p1a: \"pedantic\"|211\/363|[from] Stealth Rock\n|move|p2a: LCS in on rn|Judgment|p1a: \"pedantic\"\n|-immune|p1a: \"pedantic\"|[msg]\n|\n|turn|29\n|\n|move|p2a: LCS in on rn|Toxic|p1a: \"pedantic\"\n|-status|p1a: \"pedantic\"|tox\n|move|p1a: \"pedantic\"|Roost|p1a: \"pedantic\"\n|-heal|p1a: \"pedantic\"|363\/363 tox\n|\n|-damage|p1a: \"pedantic\"|341\/363 tox|[from] psn\n|turn|30\n|\n|switch|p1a: filthy APE|Arceus-Ghost|307\/443 tox\n|-damage|p1a: filthy APE|252\/443 tox|[from] Spikes\n|-damage|p1a: filthy APE|197\/443 tox|[from] Stealth Rock\n|move|p2a: LCS in on rn|Judgment|p1a: filthy APE\n|-damage|p1a: filthy APE|50\/443 tox\n|\n|-damage|p1a: filthy APE|23\/443 tox|[from] psn\n|turn|31\n|J|TR\u2620Outrageous\n|L|Moony\n|J|Moony\n|\n|move|p1a: filthy APE|Recover|p1a: filthy APE\n|-heal|p1a: filthy APE|245\/443 tox\n|move|p2a: LCS in on rn|Judgment|p1a: filthy APE\n|-damage|p1a: filthy APE|103\/443 tox\n|\n|-damage|p1a: filthy APE|49\/443 tox|[from] psn\n|turn|32\n|\n|move|p1a: filthy APE|Will-O-Wisp|p2a: LCS in on rn\n|-status|p2a: LCS in on rn|brn\n|move|p2a: LCS in on rn|Judgment|p1a: filthy APE\n|-damage|p1a: filthy APE|0 fnt\n|faint|p1a: filthy APE\n|\n|-damage|p2a: LCS in on rn|388\/443 brn|[from] brn\n|J|BLINGAS\n|J|robert\n|L|DerSweeper\n|J|gizmo\n|c|\u2605Jibaku|speedties\n|c|\u2605Jibaku|;_;\n|J|the Jaiho\n|J|daftmau5\n|J|I ABR I\n|J|bossboss\n|J|Ary\n|\n|switch|p1a: \"pedantic\"|Latias, F|341\/363 tox\n|-damage|p1a: \"pedantic\"|296\/363 tox|[from] Stealth Rock\n|turn|33\n|J|Mistaken\n|\n|switch|p1a: JIBBERS XD|Excadrill, F|294\/361\n|-damage|p1a: JIBBERS XD|249\/361|[from] Spikes\n|-damage|p1a: JIBBERS XD|238\/361|[from] Stealth Rock\n|move|p2a: LCS in on rn|Recover|p2a: LCS in on rn\n|-heal|p2a: LCS in on rn|443\/443 brn\n|\n|-damage|p2a: LCS in on rn|388\/443 brn|[from] brn\n|turn|34\n|\n|switch|p1a: \"pedantic\"|Latias, F|296\/363 tox\n|-damage|p1a: \"pedantic\"|251\/363 tox|[from] Stealth Rock\n|move|p2a: LCS in on rn|Judgment|p1a: \"pedantic\"\n|-immune|p1a: \"pedantic\"|[msg]\n|\n|-damage|p2a: LCS in on rn|333\/443 brn|[from] brn\n|-damage|p1a: \"pedantic\"|229\/363 tox|[from] psn\n|turn|35\n|J|Omfuga\n|J|Tokyo Tom\u2728\n|\n|switch|p2a: LCS is on rn|Klefki, M|237\/318\n|move|p1a: \"pedantic\"|Roost|p1a: \"pedantic\"\n|-heal|p1a: \"pedantic\"|363\/363 tox\n|\n|-heal|p2a: LCS is on rn|256\/318|[from] item: Leftovers\n|-damage|p1a: \"pedantic\"|319\/363 tox|[from] psn\n|turn|36\n|J|Sturdynips\n|J|february stars\n|\n|switch|p1a: JIBBERS XD|Excadrill, F|238\/361\n|-damage|p1a: JIBBERS XD|193\/361|[from] Spikes\n|-damage|p1a: JIBBERS XD|182\/361|[from] Stealth Rock\n|move|p2a: LCS is on rn|Play Rough|p1a: JIBBERS XD\n|-resisted|p1a: JIBBERS XD\n|-damage|p1a: JIBBERS XD|107\/361\n|\n|-heal|p2a: LCS is on rn|275\/318|[from] item: Leftovers\n|turn|37\n|J|e7e\n|J|Mega Pidgeotto\n|L|e7e\n|\n|switch|p2a: steeljackal<3|Sableye-Mega, M|269\/303\n|move|p1a: JIBBERS XD|Rapid Spin|p2a: steeljackal<3\n|-immune|p2a: steeljackal<3|[msg]\n|\n|turn|38\n|L|the pdc show\n|\n|move|p1a: JIBBERS XD|Iron Head|p2a: steeljackal<3\n|-damage|p2a: steeljackal<3|135\/303\n|-damage|p1a: JIBBERS XD|71\/361|[from] item: Life Orb\n|cant|p2a: steeljackal<3|flinch\n|\n|turn|39\n|J|WECAMEASROMANS\n|\n|move|p1a: JIBBERS XD|Earthquake|p2a: steeljackal<3\n|-damage|p2a: steeljackal<3|0 fnt\n|-damage|p1a: JIBBERS XD|35\/361|[from] item: Life Orb\n|faint|p2a: steeljackal<3\n|\n|\n|switch|p2a: LCS in on rn|Arceus-Ground|333\/443 brn\n|turn|40\n|J|the pdc show\n|\n|move|p2a: LCS in on rn|Judgment|p1a: JIBBERS XD\n|-supereffective|p1a: JIBBERS XD\n|-damage|p1a: JIBBERS XD|0 fnt\n|faint|p1a: JIBBERS XD\n|\n|-damage|p2a: LCS in on rn|278\/443 brn|[from] brn\n|\n|switch|p1a: \"pedantic\"|Latias, F|319\/363 tox\n|-damage|p1a: \"pedantic\"|274\/363 tox|[from] Stealth Rock\n|turn|41\n|J|Jukain\n|c|\u2605pansexual skitty|i shoulda used rest kyogre lol gg\n|J|Lord Ninjax\n|\n|switch|p1a: amg|Tyranitar, F|297\/403\n|-damage|p1a: amg|247\/403|[from] Spikes\n|-damage|p1a: amg|197\/403|[from] Stealth Rock\n|-weather|Sandstorm\n|move|p2a: LCS in on rn|Recover|p2a: LCS in on rn\n|-heal|p2a: LCS in on rn|443\/443 brn\n|\n|-weather|Sandstorm|[upkeep]\n|-heal|p1a: amg|222\/403|[from] item: Leftovers\n|-damage|p2a: LCS in on rn|388\/443 brn|[from] brn\n|turn|42\n|\n|move|p2a: LCS in on rn|Judgment|p1a: amg\n|-supereffective|p1a: amg\n|-damage|p1a: amg|58\/403\n|move|p1a: amg|Stealth Rock|p2a: LCS in on rn\n|-sidestart|p2: Jibaku|move: Stealth Rock\n|\n|-weather|Sandstorm|[upkeep]\n|-heal|p1a: amg|83\/403|[from] item: Leftovers\n|-damage|p2a: LCS in on rn|333\/443 brn|[from] brn\n|turn|43\n|\n|switch|p1a: \"pedantic\"|Latias, F|274\/363 tox\n|-damage|p1a: \"pedantic\"|229\/363 tox|[from] Stealth Rock\n|move|p2a: LCS in on rn|Judgment|p1a: \"pedantic\"\n|-immune|p1a: \"pedantic\"|[msg]\n|\n|-weather|Sandstorm|[upkeep]\n|-damage|p1a: \"pedantic\"|207\/363 tox|[from] sandstorm\n|-damage|p2a: LCS in on rn|278\/443 brn|[from] brn\n|-damage|p1a: \"pedantic\"|185\/363 tox|[from] psn\n|turn|44\n|L|BLINGAS\n|\n|move|p2a: LCS in on rn|Recover|p2a: LCS in on rn\n|-heal|p2a: LCS in on rn|443\/443 brn\n|move|p1a: \"pedantic\"|Roost|p1a: \"pedantic\"\n|-heal|p1a: \"pedantic\"|363\/363 tox\n|\n|-weather|Sandstorm|[upkeep]\n|-damage|p1a: \"pedantic\"|341\/363 tox|[from] sandstorm\n|-damage|p2a: LCS in on rn|388\/443 brn|[from] brn\n|-damage|p1a: \"pedantic\"|297\/363 tox|[from] psn\n|turn|45\n|L|Ary\n|J|Scrim\n|\n|switch|p1a: fdp -.-|Klefki, M|234\/317 brn\n|-damage|p1a: fdp -.-|215\/317 brn|[from] Stealth Rock\n|-damage|p1a: fdp -.-|176\/317 brn|[from] Spikes\n|move|p2a: LCS in on rn|Judgment|p1a: fdp -.-\n|-supereffective|p1a: fdp -.-\n|-damage|p1a: fdp -.-|0 fnt\n|faint|p1a: fdp -.-\n|\n|-weather|none\n|-damage|p2a: LCS in on rn|333\/443 brn|[from] brn\n|\n|switch|p1a: \"pedantic\"|Latias, F|297\/363 tox\n|-damage|p1a: \"pedantic\"|252\/363 tox|[from] Stealth Rock\n|turn|46\n|J|e7e\n|\n|move|p2a: LCS in on rn|Recover|p2a: LCS in on rn\n|-heal|p2a: LCS in on rn|443\/443 brn\n|move|p1a: \"pedantic\"|Psyshock|p2a: LCS in on rn\n|-damage|p2a: LCS in on rn|314\/443 brn\n|\n|-damage|p2a: LCS in on rn|259\/443 brn|[from] brn\n|-damage|p1a: \"pedantic\"|230\/363 tox|[from] psn\n|turn|47\n|\n|move|p2a: LCS in on rn|Recover|p2a: LCS in on rn\n|-heal|p2a: LCS in on rn|443\/443 brn\n|move|p1a: \"pedantic\"|Draco Meteor|p2a: LCS in on rn\n|-damage|p2a: LCS in on rn|244\/443 brn\n|-unboost|p1a: \"pedantic\"|spa|2\n|\n|-damage|p2a: LCS in on rn|189\/443 brn|[from] brn\n|-damage|p1a: \"pedantic\"|186\/363 tox|[from] psn\n|turn|48\n|J|BLINGAS\n|L|Laga\n|\n|switch|p1a: amg|Tyranitar, F|83\/403\n|-damage|p1a: amg|33\/403|[from] Stealth Rock\n|-damage|p1a: amg|0 fnt|[from] Spikes\n|faint|p1a: amg\n|move|p2a: LCS in on rn|Recover|p2a: LCS in on rn\n|-heal|p2a: LCS in on rn|411\/443 brn\n|\n|-damage|p2a: LCS in on rn|356\/443 brn|[from] brn\n|J|gorgie\n|L|Hack\n|L|LonelyNess\n|\n|switch|p1a: \"pedantic\"|Latias, F|186\/363 tox\n|-damage|p1a: \"pedantic\"|141\/363 tox|[from] Stealth Rock\n|turn|49\n|L|BLINGAS\n|c|\u2605pansexual skitty|crit rh\n|\n|move|p2a: LCS in on rn|Recover|p2a: LCS in on rn\n|-heal|p2a: LCS in on rn|443\/443 brn\n|move|p1a: \"pedantic\"|Draco Meteor|p2a: LCS in on rn|[miss]\n|-miss|p1a: \"pedantic\"|p2a: LCS in on rn\n|\n|-damage|p2a: LCS in on rn|388\/443 brn|[from] brn\n|-damage|p1a: \"pedantic\"|119\/363 tox|[from] psn\n|turn|50\n|J|BLINGAS\n|c|\u2605pansexual skitty|lol\n|\n|move|p2a: LCS in on rn|Recover|p2a: LCS in on rn\n|-heal|p2a: LCS in on rn|443\/443 brn\n|move|p1a: \"pedantic\"|Roost|p1a: \"pedantic\"\n|-heal|p1a: \"pedantic\"|301\/363 tox\n|\n|-damage|p2a: LCS in on rn|388\/443 brn|[from] brn\n|-damage|p1a: \"pedantic\"|257\/363 tox|[from] psn\n|turn|51\n|J|Valentine\n|\n|move|p2a: LCS in on rn|Defog|p1a: \"pedantic\"\n|-unboost|p1a: \"pedantic\"|evasion|1\n|-sideend|p1: pansexual skitty|Spikes|[from] move: Defog|[of] p1a: \"pedantic\"\n|-sideend|p1: pansexual skitty|Stealth Rock|[from] move: Defog|[of] p1a: \"pedantic\"\n|-sideend|p2: Jibaku|Stealth Rock|[from] move: Defog|[of] p2a: LCS in on rn\n|move|p1a: \"pedantic\"|Draco Meteor|p2a: LCS in on rn\n|-damage|p2a: LCS in on rn|189\/443 brn\n|-unboost|p1a: \"pedantic\"|spa|2\n|\n|-damage|p2a: LCS in on rn|134\/443 brn|[from] brn\n|-damage|p1a: \"pedantic\"|191\/363 tox|[from] psn\n|turn|52\n|\n|move|p2a: LCS in on rn|Recover|p2a: LCS in on rn\n|-heal|p2a: LCS in on rn|356\/443 brn\n|move|p1a: \"pedantic\"|Draco Meteor|p2a: LCS in on rn\n|-damage|p2a: LCS in on rn|241\/443 brn\n|-unboost|p1a: \"pedantic\"|spa|2\n|\n|-damage|p2a: LCS in on rn|186\/443 brn|[from] brn\n|-damage|p1a: \"pedantic\"|103\/363 tox|[from] psn\n|turn|53\n|L|DennisEG\n|L|Teddeh\n|\n|move|p2a: LCS in on rn|Recover|p2a: LCS in on rn\n|-heal|p2a: LCS in on rn|408\/443 brn\n|move|p1a: \"pedantic\"|Draco Meteor|p2a: LCS in on rn\n|-damage|p2a: LCS in on rn|332\/443 brn\n|-unboost|p1a: \"pedantic\"|spa|2\n|\n|-damage|p2a: LCS in on rn|277\/443 brn|[from] brn\n|-damage|p1a: \"pedantic\"|0 fnt|[from] psn\n|faint|p1a: \"pedantic\"\n|\n|win|Jibaku\n|L|giara\n|L|mccauley\n|L|el poeta\n|L|flcl\n|L|Zamrock\n|L|reyscarface\n|L|SOULGAZER\n|L|AM\n|L|Toxzn\n|L|BKC\n|L|Lord Ninjax\n|c|\u2605Jibaku|ggs\n|L|the Jaiho\n|c|\u2605pansexual skitty|gg\n|L|ium \uff4a\uff49\uff42\uff41\uff4b\uff55 \uff49\uff47\uff4e\uff4f\uff52\uff45\uff53\n|L|hxhxhxhxhxhxhx\n|L|EvaUnit10\n|L|WECAMEASROMANS\n|L|pansexual skitty\n|player|p1\n|L|Astounded\n|L|Herself the Elf\n|L|kratosmana\n|L|Thetwinmasters\n|L|radianthero156\n|L|craing ;_;\n|L|WreckDra\n|L|Vinc2612\n|L|bomber\n|L|amp'dpharos\n|L|Steve Angello\n|L|Evuelf\n|L|Orch\n|L|Nayrz\n|J|cbt\n|L|Sweep\n|L|zdrup\n|L|Moony\n|L|kebabe\n|L|boonman\n|L|IAmGingy\n|L|yohoE\n|L|I ABR I\n|L|Isa RC\n|L|ULT Toenail\n|L|out madull\n|L|Tokyo Tom\u2728\n|L|Calloflochie\n|J|DennisEG\n|L|phil\n|L|TR\u2620Outrageous\n|L|Exiline\n|L|brokenwings\n|L|DennisEG\n|L|Duncajuwon\n|L|Ciele\n|L|Yogiras\n|L|gizmo\n|L|tomibello\n|L|the pdc show\n|L|e7e\n|L|fitzy\n|L|robert\n|L|MoxieInfinite\n|L|Krauersaut\n|L|BLINGAS\n|L|Leftiez\n|L|Lutra\n|L|pokeaim\n|L|FAJI\n|L|QueenOfLuvdiscs\n|L|Finchinator\n|L|Afro Smash\n|L|TIRIPS\n|J|tomibello\n|L|tomibello\n|J|Duncajuwon\n|L|Duncajuwon\n|L|cbt\n|L|Jukain\n|J|srk1214\n|L|SilentVerse\n|L|OVERLORD_FOLGORIO\n|L|srk1214\n|J|SilentVerse\n|L|SilentVerse\n|L|Sturdynips\n|L|Novaray\n|L|King Tsunami\n|J|Chanmi T.T\n|L|Chanmi T.T\n|L|pistolero\n|L|cum encrusted sock\n|L|Z+V1\n|L|Scrim\n|L|gorgie\n|L|boudouche\n|L|The Goomy\n|L|Drifblimp\n|L|Valentine\n|L|Degaard\n|L|destinyunknown\n|L|RFlush\n|L|ALEXANDER\n|J|Aurious\n|L|Heist\n|L|so long lonesome\n|L|daftmau5\n|L|Separate\n|L|Ginku\n|L|McMeghan\n|L|Miles Tails\n|L|Meruu\n|J|sugarhigh\n|L|Tesung\n|L|Misery Business\n|L|Mistaken\n|J|cum encrusted sock\n|L|cum encrusted sock\n|L|ba$ed n bad\n|J|bouff\n|J|Teddeh\n|L|Teddeh\n|L|february stars\n|J|McMeghan\n|L|Aurious\n|L|Conflict\n|J|Scrim\n|L|Mega Pidgeotto\n|L|Imanalt\n|L|McMeghan","inputlog":null,"uploadtime":1422749009,"views":820,"p1id":"pansexualskitty","p2id":"jibaku","formatid":"ubers","rating":0,"private":0,"password":null}