{"id":"smogtours-gen7ubers-628240","p1":"ckw","p2":"Raph369","format":"gen7ubers","log":"|inactive|Battle timer is ON: inactive players will automatically lose when time's up.\n|t:|1653512178\n|gametype|singles\n|player|p1|ckw|#wcop2021canada|\n|player|p2|Raph369|archer|\n|teamsize|p1|6\n|teamsize|p2|6\n|gen|7\n|tier|[Gen 7] Ubers\n|rule|Sleep Clause Mod: Limit one foe put to sleep\n|rule|Species Clause: Limit one of each Pok\u00e9mon\n|rule|OHKO Clause: OHKO moves are banned\n|rule|Moody Clause: Moody is banned\n|rule|Evasion Moves Clause: Evasion moves are banned\n|rule|Endless Battle Clause: Forcing endless battles is banned\n|rule|HP Percentage Mod: HP is shown in percentages\n|rule|Mega Rayquaza Clause: You cannot mega evolve Rayquaza\n|clearpoke\n|poke|p1|Darkrai|item\n|poke|p1|Giratina-Origin|item\n|poke|p1|Gengar, M|item\n|poke|p1|Groudon|item\n|poke|p1|Xerneas-*|item\n|poke|p1|Necrozma-Dusk-Mane|item\n|poke|p2|Groudon|item\n|poke|p2|Greninja, F|item\n|poke|p2|Necrozma-Dusk-Mane|item\n|poke|p2|Xerneas-*|item\n|poke|p2|Zygarde|item\n|poke|p2|Arceus-*|item\n|teampreview\n|c|\u2606ckw|hf\n|c|\u2606Raph369|hf\n|inactive|ckw has 270 seconds left.\n|inactive|Raph369 has 270 seconds left.\n|inactive|Raph369 has 240 seconds left.\n|\n|t:|1653512242\n|start\n|switch|p1a: Darkrai|Darkrai|100\/100\n|switch|p2a: Greninja|Greninja, F|100\/100\n|turn|1\n|\n|t:|1653512248\n|move|p1a: Darkrai|Thunder|p2a: Greninja\n|-supereffective|p2a: Greninja\n|-enditem|p2a: Greninja|Focus Sash\n|-damage|p2a: Greninja|1\/100\n|move|p2a: Greninja|Icy Wind|p1a: Darkrai\n|-start|p2a: Greninja|typechange|Ice|[from] ability: Protean\n|-damage|p1a: Darkrai|68\/100\n|-unboost|p1a: Darkrai|spe|1\n|\n|upkeep\n|turn|2\n|\n|t:|1653512263\n|move|p2a: Greninja|Spikes|p1a: Darkrai\n|-start|p2a: Greninja|typechange|Ground|[from] ability: Protean\n|-sidestart|p1: ckw|Spikes\n|move|p1a: Darkrai|Dark Pulse|p2a: Greninja\n|-damage|p2a: Greninja|0 fnt\n|faint|p2a: Greninja\n|\n|upkeep\n|\n|t:|1653512283\n|switch|p2a: Xerneas|Xerneas|100\/100\n|-ability|p2a: Xerneas|Fairy Aura\n|turn|3\n|\n|t:|1653512285\n|switch|p1a: Necrozma|Necrozma-Dusk-Mane|100\/100\n|-damage|p1a: Necrozma|88\/100|[from] Spikes\n|move|p2a: Xerneas|Moonblast|p1a: Necrozma\n|-resisted|p1a: Necrozma\n|-damage|p1a: Necrozma|66\/100\n|-unboost|p1a: Necrozma|spa|1\n|\n|upkeep\n|turn|4\n|\n|t:|1653512290\n|switch|p2a: Arceus|Arceus-Water|100\/100\n|move|p1a: Necrozma|Stealth Rock|p2a: Arceus\n|-sidestart|p2: Raph369|move: Stealth Rock\n|\n|upkeep\n|turn|5\n|\n|t:|1653512299\n|move|p2a: Arceus|Calm Mind|p2a: Arceus\n|-boost|p2a: Arceus|spa|1\n|-boost|p2a: Arceus|spd|1\n|move|p1a: Necrozma|Toxic|p2a: Arceus\n|-status|p2a: Arceus|tox\n|\n|-damage|p2a: Arceus|94\/100 tox|[from] psn\n|upkeep\n|turn|6\n|\n|t:|1653512312\n|switch|p1a: Darkrai|Darkrai|68\/100\n|-damage|p1a: Darkrai|56\/100|[from] Spikes\n|move|p2a: Arceus|Earth Power|p1a: Darkrai\n|-damage|p1a: Darkrai|2\/100\n|\n|-damage|p2a: Arceus|82\/100 tox|[from] psn\n|upkeep\n|turn|7\n|\n|t:|1653512315\n|move|p1a: Darkrai|Thunder|p2a: Arceus|[miss]\n|-miss|p1a: Darkrai|p2a: Arceus\n|move|p2a: Arceus|Earth Power|p1a: Darkrai\n|-damage|p1a: Darkrai|0 fnt\n|faint|p1a: Darkrai\n|\n|-damage|p2a: Arceus|64\/100 tox|[from] psn\n|upkeep\n|\n|t:|1653512331\n|switch|p1a: Xerneas|Xerneas|100\/100\n|-damage|p1a: Xerneas|88\/100|[from] Spikes\n|-ability|p1a: Xerneas|Fairy Aura\n|turn|8\n|\n|t:|1653512334\n|move|p1a: Xerneas|Moonblast|p2a: Arceus\n|-damage|p2a: Arceus|25\/100 tox\n|-zpower|p2a: Arceus\n|move|p2a: Arceus|Hydro Vortex|p1a: Xerneas|[zeffect]\n|-damage|p1a: Xerneas|0 fnt\n|faint|p1a: Xerneas\n|\n|-damage|p2a: Arceus|0 fnt|[from] psn\n|faint|p2a: Arceus\n|upkeep\n|\n|t:|1653512356\n|switch|p2a: Groudon|Groudon|100\/100\n|switch|p1a: Giratina|Giratina-Origin|100\/100\n|-damage|p2a: Groudon|94\/100|[from] Stealth Rock\n|detailschange|p2a: Groudon|Groudon-Primal\n|-primal|p2a: Groudon\n|-weather|DesolateLand|[from] ability: Desolate Land|[of] p2a: Groudon\n|turn|9\n|\n|t:|1653512359\n|move|p2a: Groudon|Stealth Rock|p1a: Giratina\n|-sidestart|p1: ckw|move: Stealth Rock\n|move|p1a: Giratina|Dragon Pulse|p2a: Groudon\n|-damage|p2a: Groudon|48\/100\n|\n|-weather|DesolateLand|[upkeep]\n|upkeep\n|turn|10\n|\n|t:|1653512370\n|move|p1a: Giratina|Defog|p2a: Groudon\n|-unboost|p2a: Groudon|evasion|1\n|-sideend|p2: Raph369|Stealth Rock|[from] move: Defog|[of] p1a: Giratina\n|-sideend|p1: ckw|Spikes|[from] move: Defog|[of] p1a: Giratina\n|-sideend|p1: ckw|Stealth Rock|[from] move: Defog|[of] p1a: Giratina\n|move|p2a: Groudon|Dragon Tail|p1a: Giratina\n|-supereffective|p1a: Giratina\n|-damage|p1a: Giratina|61\/100\n|drag|p1a: Groudon|Groudon|100\/100\n|detailschange|p1a: Groudon|Groudon-Primal\n|-primal|p1a: Groudon\n|\n|-weather|DesolateLand|[upkeep]\n|upkeep\n|turn|11\n|\n|t:|1653512380\n|move|p2a: Groudon|Precipice Blades|p1a: Groudon\n|-supereffective|p1a: Groudon\n|-damage|p1a: Groudon|0 fnt\n|faint|p1a: Groudon\n|\n|-weather|DesolateLand|[upkeep]\n|upkeep\n|\n|t:|1653512386\n|switch|p1a: Giratina|Giratina-Origin|61\/100\n|turn|12\n|\n|t:|1653512391\n|move|p2a: Groudon|Stealth Rock|p1a: Giratina\n|-sidestart|p1: ckw|move: Stealth Rock\n|move|p1a: Giratina|Dragon Pulse|p2a: Groudon\n|-damage|p2a: Groudon|0 fnt\n|faint|p2a: Groudon\n|-weather|none\n|\n|upkeep\n|\n|t:|1653512396\n|switch|p2a: Xerneas|Xerneas|100\/100\n|-ability|p2a: Xerneas|Fairy Aura\n|turn|13\n|\n|t:|1653512399\n|switch|p1a: Necrozma|Necrozma-Dusk-Mane|66\/100\n|-damage|p1a: Necrozma|60\/100|[from] Stealth Rock\n|move|p2a: Xerneas|Geomancy||[still]\n|-prepare|p2a: Xerneas|Geomancy\n|-enditem|p2a: Xerneas|Power Herb\n|-anim|p2a: Xerneas|Geomancy|p2a: Xerneas\n|-boost|p2a: Xerneas|spa|2\n|-boost|p2a: Xerneas|spd|2\n|-boost|p2a: Xerneas|spe|2\n|\n|upkeep\n|turn|14\n|inactive|Raph369 has 270 seconds left.\n|inactive|Raph369 disconnected and has 300 seconds to reconnect!\n|player|p2|\n|c|+Lasen|wincon spotted\n|inactive|Raph369 reconnected and has 270 seconds left.\n|player|p2|Raph369|archer\n|\n|t:|1653512475\n|move|p2a: Xerneas|Moonblast|p1a: Necrozma\n|-resisted|p1a: Necrozma\n|-damage|p1a: Necrozma|18\/100\n|-zpower|p1a: Necrozma\n|move|p1a: Necrozma|Searing Sunraze Smash|p2a: Xerneas|[zeffect]\n|-supereffective|p2a: Xerneas\n|-damage|p2a: Xerneas|0 fnt\n|faint|p2a: Xerneas\n|\n|upkeep\n|inactive|Raph369 has 240 seconds left.\n|\n|t:|1653512495\n|switch|p2a: Zygarde|Zygarde|100\/100\n|turn|15\n|\n|t:|1653512497\n|switch|p1a: Giratina|Giratina-Origin|61\/100\n|-damage|p1a: Giratina|49\/100|[from] Stealth Rock\n|move|p2a: Zygarde|Dragon Dance|p2a: Zygarde\n|-boost|p2a: Zygarde|atk|1\n|-boost|p2a: Zygarde|spe|1\n|\n|upkeep\n|turn|16\n|\n|t:|1653512502\n|move|p2a: Zygarde|Outrage|p1a: Giratina\n|-supereffective|p1a: Giratina\n|-damage|p1a: Giratina|0 fnt\n|faint|p1a: Giratina\n|\n|upkeep\n|\n|t:|1653512506\n|switch|p1a: Necrozma|Necrozma-Dusk-Mane|18\/100\n|-damage|p1a: Necrozma|12\/100|[from] Stealth Rock\n|turn|17\n|\n|t:|1653512508\n|move|p2a: Zygarde|Outrage|p1a: Necrozma|[from]lockedmove\n|-resisted|p1a: Necrozma\n|-damage|p1a: Necrozma|0 fnt\n|faint|p1a: Necrozma\n|\n|upkeep\n|\n|t:|1653512509\n|switch|p1a: Gengar|Gengar, M|100\/100\n|-damage|p1a: Gengar|88\/100|[from] Stealth Rock\n|turn|18\n|c|\u2606ckw|gg\n|c|\u2606Raph369|gg\n|\n|t:|1653512515\n|detailschange|p1a: Gengar|Gengar-Mega, M\n|-mega|p1a: Gengar|Gengar|Gengarite\n|move|p2a: Zygarde|Outrage|p1a: Gengar|[from]lockedmove\n|-damage|p1a: Gengar|0 fnt\n|faint|p1a: Gengar\n|-start|p2a: Zygarde|confusion|[fatigue]\n|\n|win|Raph369\n","uploadtime":1653512517,"views":362,"p1id":"ckw","p2id":"raph369","formatid":"gen7ubers","rating":0,"private":0,"password":null}