{"id":"smogtours-gen4ubers-644366","p1":"Holy Flatemo","p2":"Skysolo \u2764","format":"gen4ubers","log":"|inactive|Battle timer is ON: inactive players will automatically lose when time's up.\n|t:|1660960423\n|gametype|singles\n|player|p1|Holy Flatemo|evelyn|\n|player|p2|Skysolo \u2764|#pspl2019ubers|\n|teamsize|p1|6\n|teamsize|p2|6\n|gen|4\n|tier|[Gen 4] Ubers\n|rule|Sleep Clause Mod: Limit one foe put to sleep\n|rule|Species Clause: Limit one of each Pok\u00e9mon\n|rule|OHKO Clause: OHKO moves are banned\n|rule|Evasion Moves Clause: Evasion moves are banned\n|rule|Endless Battle Clause: Forcing endless battles is banned\n|rule|HP Percentage Mod: HP is shown in percentages\n|\n|t:|1660960423\n|start\n|switch|p1a: Deoxys|Deoxys-Attack|100\/100\n|switch|p2a: Forretress|Forretress, F|100\/100\n|-ability|p1a: Deoxys|Pressure\n|turn|1\n|inactive|Holy Flatemo also wants the timer to be on.\n|c|\u2606Skysolo \u2764|hf\n|c|\u2606Holy Flatemo|u2\n|\n|t:|1660960447\n|switch|p1a: Dialga|Dialga|100\/100\n|-ability|p1a: Dialga|Pressure\n|move|p2a: Forretress|Toxic Spikes|p1a: Dialga\n|-sidestart|p1: Holy Flatemo|move: Toxic Spikes\n|\n|upkeep\n|turn|2\n|\n|t:|1660960461\n|switch|p2a: Blissey|Blissey, F|100\/100\n|move|p1a: Dialga|Stealth Rock|p2a: Blissey\n|-sidestart|p2: Skysolo \u2764|move: Stealth Rock\n|\n|upkeep\n|turn|3\n|\n|t:|1660960474\n|move|p1a: Dialga|Dragon Pulse|p2a: Blissey\n|-damage|p2a: Blissey|87\/100\n|move|p2a: Blissey|Seismic Toss|p1a: Dialga\n|-damage|p1a: Dialga|76\/100\n|\n|-heal|p1a: Dialga|82\/100|[from] item: Leftovers\n|-heal|p2a: Blissey|94\/100|[from] item: Leftovers\n|upkeep\n|turn|4\n|\n|t:|1660960480\n|move|p1a: Dialga|Protect|p1a: Dialga\n|-singleturn|p1a: Dialga|Protect\n|move|p2a: Blissey|Seismic Toss|p1a: Dialga\n|-activate|p1a: Dialga|Protect\n|\n|-heal|p1a: Dialga|88\/100|[from] item: Leftovers\n|-heal|p2a: Blissey|99\/100|[from] item: Leftovers\n|upkeep\n|turn|5\n|\n|t:|1660960485\n|switch|p1a: Deoxys|Deoxys-Attack|100\/100\n|-status|p1a: Deoxys|psn\n|-ability|p1a: Deoxys|Pressure\n|move|p2a: Blissey|Seismic Toss|p1a: Deoxys\n|-damage|p1a: Deoxys|59\/100 psn\n|\n|-damage|p1a: Deoxys|47\/100 psn|[from] psn\n|-heal|p2a: Blissey|100\/100|[from] item: Leftovers\n|upkeep\n|turn|6\n|\n|t:|1660960497\n|switch|p2a: Forretress|Forretress, F|100\/100\n|-damage|p2a: Forretress|88\/100|[from] Stealth Rock\n|move|p1a: Deoxys|Psycho Boost|p2a: Forretress\n|-resisted|p2a: Forretress\n|-damage|p2a: Forretress|35\/100\n|-unboost|p1a: Deoxys|spa|2\n|\n|-damage|p1a: Deoxys|34\/100 psn|[from] psn\n|upkeep\n|turn|7\n|inactive|Holy Flatemo has 270 seconds left.\n|inactive|Skysolo \u2764 has 270 seconds left.\n|c|+STEEL! SKI! TTY!|how dare u bring what i was gonna use vs him\n|inactive|Holy Flatemo has 240 seconds left.\n|inactive|Skysolo \u2764 has 240 seconds left.\n|inactive|Holy Flatemo has 210 seconds left.\n|\n|t:|1660960590\n|switch|p1a: Latios|Latios, M|100\/100\n|move|p2a: Forretress|Rest|p2a: Forretress\n|-status|p2a: Forretress|slp|[from] move: Rest\n|-heal|p2a: Forretress|100\/100 slp|[silent]\n|-enditem|p2a: Forretress|Chesto Berry|[eat]\n|-curestatus|p2a: Forretress|slp|[msg]\n|\n|upkeep\n|turn|8\n|inactive|Skysolo \u2764 has 240 seconds left.\n|\n|t:|1660960601\n|switch|p2a: Blissey|Blissey, F|100\/100\n|-damage|p2a: Blissey|88\/100|[from] Stealth Rock\n|move|p1a: Latios|Draco Meteor|p2a: Blissey\n|-damage|p2a: Blissey|53\/100\n|-unboost|p1a: Latios|spa|2\n|\n|-heal|p2a: Blissey|59\/100|[from] item: Leftovers\n|upkeep\n|turn|9\n|\n|t:|1660960608\n|switch|p1a: Deoxys|Deoxys-Attack|34\/100 psn\n|-ability|p1a: Deoxys|Pressure\n|move|p2a: Blissey|Soft-Boiled|p2a: Blissey\n|-heal|p2a: Blissey|100\/100\n|\n|-damage|p1a: Deoxys|22\/100 psn|[from] psn\n|upkeep\n|turn|10\n|\n|t:|1660960619\n|switch|p1a: Darkrai|Darkrai|100\/100\n|-status|p1a: Darkrai|psn\n|switch|p2a: Forretress|Forretress, F|100\/100\n|-damage|p2a: Forretress|88\/100|[from] Stealth Rock\n|\n|-damage|p1a: Darkrai|88\/100 psn|[from] psn\n|upkeep\n|turn|11\n|c|+fatfighter2|dpp sprites are uglier than I remembered \n|\n|t:|1660960630\n|move|p1a: Darkrai|Will-O-Wisp|p2a: Forretress\n|-status|p2a: Forretress|brn\n|move|p2a: Forretress|Rapid Spin|p1a: Darkrai\n|-damage|p1a: Darkrai|85\/100 psn\n|-sideend|p2: Skysolo \u2764|Stealth Rock|[from] move: Rapid Spin|[of] p2a: Forretress\n|\n|-damage|p1a: Darkrai|73\/100 psn|[from] psn\n|-damage|p2a: Forretress|76\/100 brn|[from] brn\n|upkeep\n|turn|12\n|\n|t:|1660960636\n|switch|p1a: Dialga|Dialga|88\/100\n|-ability|p1a: Dialga|Pressure\n|move|p2a: Forretress|Spikes|p1a: Dialga\n|-sidestart|p1: Holy Flatemo|Spikes\n|\n|-heal|p1a: Dialga|94\/100|[from] item: Leftovers\n|-damage|p2a: Forretress|63\/100 brn|[from] brn\n|upkeep\n|turn|13\n|\n|t:|1660960646\n|switch|p2a: Groudon|Groudon|100\/100\n|-weather|SunnyDay|[from] ability: Drought|[of] p2a: Groudon\n|move|p1a: Dialga|Stealth Rock|p2a: Groudon\n|-sidestart|p2: Skysolo \u2764|move: Stealth Rock\n|\n|-weather|SunnyDay|[upkeep]\n|-heal|p1a: Dialga|100\/100|[from] item: Leftovers\n|upkeep\n|turn|14\n|inactive|Skysolo \u2764 has 270 seconds left.\n|\n|t:|1660960664\n|move|p1a: Dialga|Dragon Pulse|p2a: Groudon\n|-crit|p2a: Groudon\n|-damage|p2a: Groudon|44\/100\n|move|p2a: Groudon|Stealth Rock|p1a: Dialga\n|-sidestart|p1: Holy Flatemo|move: Stealth Rock\n|\n|-weather|SunnyDay|[upkeep]\n|-heal|p2a: Groudon|50\/100|[from] item: Leftovers\n|upkeep\n|turn|15\n|\n|t:|1660960671\n|move|p1a: Dialga|Dragon Pulse|p2a: Groudon\n|-damage|p2a: Groudon|26\/100\n|move|p2a: Groudon|Earthquake|p1a: Dialga\n|-supereffective|p1a: Dialga\n|-damage|p1a: Dialga|31\/100\n|\n|-weather|SunnyDay|[upkeep]\n|-heal|p1a: Dialga|37\/100|[from] item: Leftovers\n|-heal|p2a: Groudon|32\/100|[from] item: Leftovers\n|upkeep\n|turn|16\n|\n|t:|1660960678\n|switch|p1a: Latios|Latios, M|100\/100\n|-damage|p1a: Latios|88\/100|[from] Stealth Rock\n|move|p2a: Groudon|Earthquake|p1a: Latios\n|-immune|p1a: Latios|[from] ability: Levitate\n|\n|-weather|SunnyDay|[upkeep]\n|-heal|p2a: Groudon|38\/100|[from] item: Leftovers\n|upkeep\n|turn|17\n|\n|t:|1660960687\n|switch|p2a: Blissey|Blissey, F|100\/100\n|-damage|p2a: Blissey|88\/100|[from] Stealth Rock\n|move|p1a: Latios|Draco Meteor|p2a: Blissey\n|-damage|p2a: Blissey|54\/100\n|-unboost|p1a: Latios|spa|2\n|\n|-weather|SunnyDay|[upkeep]\n|-heal|p2a: Blissey|61\/100|[from] item: Leftovers\n|upkeep\n|turn|18\n|inactive|Holy Flatemo has 270 seconds left.\n|inactive|Holy Flatemo has 240 seconds left.\n|\n|t:|1660960746\n|switch|p1a: Deoxys|Deoxys-Attack|22\/100 psn\n|-damage|p1a: Deoxys|9\/100 psn|[from] Spikes\n|-damage|p1a: Deoxys|0 fnt|[from] Stealth Rock\n|faint|p1a: Deoxys\n|move|p2a: Blissey|Soft-Boiled|p2a: Blissey\n|-heal|p2a: Blissey|100\/100\n|\n|-weather|SunnyDay|[upkeep]\n|upkeep\n|\n|t:|1660960748\n|switch|p1a: Darkrai|Darkrai|73\/100 psn\n|-damage|p1a: Darkrai|60\/100 psn|[from] Spikes\n|-damage|p1a: Darkrai|48\/100 psn|[from] Stealth Rock\n|turn|19\n|\n|t:|1660960753\n|switch|p2a: Forretress|Forretress, F|63\/100 brn\n|-damage|p2a: Forretress|51\/100 brn|[from] Stealth Rock\n|move|p1a: Darkrai|Dark Void||[still]\n|-fail|p1a: Darkrai\n|\n|-weather|SunnyDay|[upkeep]\n|-damage|p1a: Darkrai|35\/100 psn|[from] psn\n|-damage|p2a: Forretress|38\/100 brn|[from] brn\n|upkeep\n|turn|20\n|\n|t:|1660960759\n|move|p1a: Darkrai|Focus Blast|p2a: Forretress|[miss]\n|-miss|p1a: Darkrai|p2a: Forretress\n|move|p2a: Forretress|Rest|p2a: Forretress\n|-status|p2a: Forretress|slp|[from] move: Rest\n|-heal|p2a: Forretress|100\/100 slp|[silent]\n|\n|-weather|SunnyDay|[upkeep]\n|-damage|p1a: Darkrai|23\/100 psn|[from] psn\n|-damage|p2a: Forretress|88\/100 slp|[from] ability: Bad Dreams|[of] p1a: Darkrai\n|upkeep\n|turn|21\n|\n|t:|1660960771\n|move|p1a: Darkrai|Focus Blast|p2a: Forretress|[miss]\n|-miss|p1a: Darkrai|p2a: Forretress\n|cant|p2a: Forretress|slp\n|\n|-weather|SunnyDay|[upkeep]\n|-damage|p1a: Darkrai|10\/100 psn|[from] psn\n|-damage|p2a: Forretress|76\/100 slp|[from] ability: Bad Dreams|[of] p1a: Darkrai\n|upkeep\n|turn|22\n|\n|t:|1660960777\n|move|p1a: Darkrai|Focus Blast|p2a: Forretress\n|-damage|p2a: Forretress|36\/100 slp\n|cant|p2a: Forretress|slp\n|\n|-weather|SunnyDay|[upkeep]\n|-damage|p1a: Darkrai|0 fnt|[from] psn\n|faint|p1a: Darkrai\n|upkeep\n|inactive|Holy Flatemo has 240 seconds left.\n|c|\u2606Holy Flatemo|rip zoom lens\n|\n|t:|1660960815\n|switch|p1a: Groudon|Groudon|100\/100\n|-status|p1a: Groudon|psn\n|-enditem|p1a: Groudon|Lum Berry|[eat]\n|-curestatus|p1a: Groudon|psn|[msg]\n|-damage|p1a: Groudon|88\/100|[from] Spikes\n|-damage|p1a: Groudon|82\/100|[from] Stealth Rock\n|turn|23\n|\n|t:|1660960821\n|switch|p2a: Giratina|Giratina|100\/100\n|-damage|p2a: Giratina|88\/100|[from] Stealth Rock\n|-ability|p2a: Giratina|Pressure\n|move|p1a: Groudon|Fire Punch|p2a: Giratina\n|-resisted|p2a: Giratina\n|-damage|p2a: Giratina|77\/100\n|\n|-weather|SunnyDay|[upkeep]\n|-heal|p2a: Giratina|83\/100|[from] item: Leftovers\n|upkeep\n|turn|24\n|\n|t:|1660960827\n|move|p1a: Groudon|Dragon Claw|p2a: Giratina\n|-supereffective|p2a: Giratina\n|-damage|p2a: Giratina|53\/100\n|move|p2a: Giratina|Roar|p1a: Groudon\n|drag|p1a: Garchomp|Garchomp, M|100\/100\n|-status|p1a: Garchomp|psn\n|-damage|p1a: Garchomp|88\/100 psn|[from] Spikes\n|-damage|p1a: Garchomp|82\/100 psn|[from] Stealth Rock\n|\n|-weather|SunnyDay|[upkeep]\n|-damage|p1a: Garchomp|70\/100 psn|[from] psn\n|-heal|p2a: Giratina|59\/100|[from] item: Leftovers\n|upkeep\n|turn|25\n|inactive|Skysolo \u2764 has 270 seconds left.\n|\n|t:|1660960859\n|move|p1a: Garchomp|Outrage|p2a: Giratina\n|-supereffective|p2a: Giratina\n|-crit|p2a: Giratina\n|-damage|p2a: Giratina|0 fnt\n|faint|p2a: Giratina\n|\n|-weather|SunnyDay|[upkeep]\n|-damage|p1a: Garchomp|57\/100 psn|[from] psn\n|upkeep\n|inactive|Skysolo \u2764 has 270 seconds left.\n|\n|t:|1660960866\n|switch|p2a: Cresselia|Cresselia, F|100\/100\n|-damage|p2a: Cresselia|88\/100|[from] Stealth Rock\n|turn|26\n|\n|t:|1660960873\n|move|p1a: Garchomp|Outrage|p2a: Cresselia|[from]lockedmove\n|-damage|p2a: Cresselia|58\/100\n|move|p2a: Cresselia|Ice Beam|p1a: Garchomp\n|-supereffective|p1a: Garchomp\n|-damage|p1a: Garchomp|0 fnt\n|faint|p1a: Garchomp\n|\n|-weather|SunnyDay|[upkeep]\n|-heal|p2a: Cresselia|64\/100|[from] item: Leftovers\n|upkeep\n|inactive|Holy Flatemo has 270 seconds left.\n|inactive|Holy Flatemo has 240 seconds left.\n|\n|t:|1660960921\n|switch|p1a: Latios|Latios, M|88\/100\n|-damage|p1a: Latios|76\/100|[from] Stealth Rock\n|turn|27\n|inactive|Holy Flatemo has 210 seconds left.\n|\n|t:|1660960976\n|switch|p2a: Blissey|Blissey, F|100\/100\n|-damage|p2a: Blissey|88\/100|[from] Stealth Rock\n|move|p1a: Latios|Draco Meteor|p2a: Blissey|[miss]\n|-miss|p1a: Latios|p2a: Blissey\n|\n|-weather|SunnyDay|[upkeep]\n|-heal|p2a: Blissey|94\/100|[from] item: Leftovers\n|upkeep\n|turn|28\n|\n|t:|1660960983\n|switch|p1a: Dialga|Dialga|37\/100\n|-damage|p1a: Dialga|24\/100|[from] Spikes\n|-damage|p1a: Dialga|18\/100|[from] Stealth Rock\n|-ability|p1a: Dialga|Pressure\n|move|p2a: Blissey|Seismic Toss|p1a: Dialga\n|-damage|p1a: Dialga|0 fnt\n|faint|p1a: Dialga\n|\n|-weather|SunnyDay|[upkeep]\n|-heal|p2a: Blissey|99\/100|[from] item: Leftovers\n|upkeep\n|\n|t:|1660960988\n|switch|p1a: Groudon|Groudon|82\/100\n|-status|p1a: Groudon|psn\n|-damage|p1a: Groudon|70\/100 psn|[from] Spikes\n|-damage|p1a: Groudon|64\/100 psn|[from] Stealth Rock\n|turn|29\n|\n|t:|1660960994\n|switch|p2a: Cresselia|Cresselia, F|64\/100\n|-damage|p2a: Cresselia|52\/100|[from] Stealth Rock\n|move|p1a: Groudon|Fire Punch|p2a: Cresselia\n|-damage|p2a: Cresselia|29\/100\n|\n|-weather|SunnyDay|[upkeep]\n|-damage|p1a: Groudon|52\/100 psn|[from] psn\n|-heal|p2a: Cresselia|35\/100|[from] item: Leftovers\n|upkeep\n|turn|30\n|\n|t:|1660960997\n|move|p1a: Groudon|Fire Punch|p2a: Cresselia\n|-damage|p2a: Cresselia|11\/100\n|move|p2a: Cresselia|Moonlight|p2a: Cresselia\n|-heal|p2a: Cresselia|77\/100\n|\n|-weather|SunnyDay|[upkeep]\n|-damage|p1a: Groudon|40\/100 psn|[from] psn\n|-heal|p2a: Cresselia|84\/100|[from] item: Leftovers\n|upkeep\n|turn|31\n|\n|t:|1660961002\n|move|p1a: Groudon|Fire Punch|p2a: Cresselia\n|-damage|p2a: Cresselia|62\/100\n|move|p2a: Cresselia|Moonlight|p2a: Cresselia\n|-heal|p2a: Cresselia|100\/100\n|\n|-weather|SunnyDay|[upkeep]\n|-damage|p1a: Groudon|27\/100 psn|[from] psn\n|upkeep\n|turn|32\n|\n|t:|1660961005\n|move|p1a: Groudon|Fire Punch|p2a: Cresselia\n|-damage|p2a: Cresselia|79\/100\n|move|p2a: Cresselia|Ice Beam|p1a: Groudon\n|-supereffective|p1a: Groudon\n|-damage|p1a: Groudon|0 fnt\n|faint|p1a: Groudon\n|\n|-weather|SunnyDay|[upkeep]\n|-heal|p2a: Cresselia|85\/100|[from] item: Leftovers\n|upkeep\n|\n|t:|1660961008\n|switch|p1a: Latios|Latios, M|76\/100\n|-damage|p1a: Latios|64\/100|[from] Stealth Rock\n|turn|33\n|\n|t:|1660961012\n|move|p1a: Latios|Calm Mind|p1a: Latios\n|-boost|p1a: Latios|spa|1\n|-boost|p1a: Latios|spd|1\n|move|p2a: Cresselia|Thunder Wave|p1a: Latios\n|-status|p1a: Latios|par\n|\n|-weather|SunnyDay|[upkeep]\n|-heal|p2a: Cresselia|91\/100|[from] item: Leftovers\n|upkeep\n|turn|34\n|\n|t:|1660961028\n|switch|p2a: Blissey|Blissey, F|99\/100\n|-damage|p2a: Blissey|88\/100|[from] Stealth Rock\n|cant|p1a: Latios|par\n|\n|-weather|SunnyDay|[upkeep]\n|-heal|p2a: Blissey|94\/100|[from] item: Leftovers\n|upkeep\n|turn|35\n|\n|t:|1660961031\n|move|p2a: Blissey|Seismic Toss|p1a: Latios\n|-damage|p1a: Latios|31\/100 par\n|move|p1a: Latios|Recover|p1a: Latios\n|-heal|p1a: Latios|81\/100 par\n|\n|-weather|SunnyDay|[upkeep]\n|-heal|p2a: Blissey|99\/100|[from] item: Leftovers\n|upkeep\n|turn|36\n|\n|t:|1660961037\n|move|p2a: Blissey|Seismic Toss|p1a: Latios\n|-damage|p1a: Latios|48\/100 par\n|move|p1a: Latios|Recover|p1a: Latios\n|-heal|p1a: Latios|98\/100 par\n|\n|-weather|SunnyDay|[upkeep]\n|-heal|p2a: Blissey|100\/100|[from] item: Leftovers\n|upkeep\n|turn|37\n|\n|t:|1660961049\n|move|p2a: Blissey|Seismic Toss|p1a: Latios\n|-damage|p1a: Latios|64\/100 par\n|cant|p1a: Latios|par\n|\n|-weather|SunnyDay|[upkeep]\n|upkeep\n|turn|38\n|\n|t:|1660961053\n|move|p2a: Blissey|Seismic Toss|p1a: Latios\n|-damage|p1a: Latios|31\/100 par\n|move|p1a: Latios|Recover|p1a: Latios\n|-heal|p1a: Latios|81\/100 par\n|\n|-weather|SunnyDay|[upkeep]\n|upkeep\n|turn|39\n|\n|t:|1660961059\n|move|p2a: Blissey|Seismic Toss|p1a: Latios\n|-damage|p1a: Latios|48\/100 par\n|cant|p1a: Latios|par\n|\n|-weather|SunnyDay|[upkeep]\n|upkeep\n|turn|40\n|\n|t:|1660961063\n|move|p2a: Blissey|Seismic Toss|p1a: Latios\n|-damage|p1a: Latios|15\/100 par\n|move|p1a: Latios|Recover|p1a: Latios\n|-heal|p1a: Latios|65\/100 par\n|\n|-weather|SunnyDay|[upkeep]\n|upkeep\n|turn|41\n|\n|t:|1660961066\n|move|p2a: Blissey|Seismic Toss|p1a: Latios\n|-damage|p1a: Latios|32\/100 par\n|cant|p1a: Latios|par\n|\n|-weather|SunnyDay|[upkeep]\n|upkeep\n|turn|42\n|\n|t:|1660961069\n|move|p2a: Blissey|Seismic Toss|p1a: Latios\n|-damage|p1a: Latios|0 fnt\n|faint|p1a: Latios\n|\n|win|Skysolo \u2764\n|c|\u2606Skysolo \u2764|ggs\n|c|\u2606Holy Flatemo|ggs\n|player|p2|Skysolo \u2764|#pspl2019ubers\n|player|p2|\n","uploadtime":1660961070,"views":164,"p1id":"holyflatemo","p2id":"skysolo","formatid":"gen4ubers","rating":0,"private":0,"password":null}