{"id":"smogtours-gen5ou-554559","p1":"Goootzinho","p2":"akane kurokawa","format":"gen5ou","log":"|inactive|Battle timer is ON: inactive players will automatically lose when time's up.\n|t:|1618000788\n|gametype|singles\n|player|p1|Goootzinho|galacticgrunt|\n|player|p2|akane kurokawa|cynthia|\n|teamsize|p1|6\n|teamsize|p2|6\n|gen|5\n|tier|[Gen 5] OU\n|clearpoke\n|poke|p1|Xatu, F|item\n|poke|p1|Latios, M|item\n|poke|p1|Jirachi|item\n|poke|p1|Hippowdon, F|item\n|poke|p1|Rotom-Wash|item\n|poke|p1|Terrakion|item\n|poke|p2|Jirachi|item\n|poke|p2|Kyurem-Black|item\n|poke|p2|Latios, M|item\n|poke|p2|Magnezone|item\n|poke|p2|Dragonite, M|item\n|poke|p2|Garchomp, F|item\n|rule|Species Clause: Limit one of each Pok\u00e9mon\n|rule|OHKO Clause: OHKO moves are banned\n|rule|Moody Clause: Moody is banned\n|rule|Evasion Moves Clause: Evasion moves are banned\n|rule|Endless Battle Clause: Forcing endless battles is banned\n|rule|HP Percentage Mod: HP is shown in percentages\n|rule|Evasion Abilities Clause: Evasion abilities are banned\n|rule|Baton Pass Clause: Limit one Baton Passer, can't pass Spe and other stats simultaneously\n|rule|Sleep Clause: Sleep-inducing moves are banned\n|rule|Swagger Clause: Swagger is banned\n|teampreview\n|inactive|Goootzinho has 270 seconds left.\n|inactive|Goootzinho has 240 seconds left.\n|\n|t:|1618000868\n|start\n|switch|p1a: Shiny Happy People|Hippowdon, F|100\/100\n|switch|p2a: Alex Albon|Jirachi|100\/100\n|-weather|Sandstorm|[from] ability: Sand Stream|[of] p1a: Shiny Happy People\n|turn|1\n|inactive|akane kurokawa has 270 seconds left.\n|\n|t:|1618000899\n|switch|p2a: George Russell|Kyurem-Black|100\/100\n|-ability|p2a: George Russell|Teravolt\n|move|p1a: Shiny Happy People|Stealth Rock|p2a: George Russell\n|-sidestart|p2: akane kurokawa|move: Stealth Rock\n|\n|-weather|Sandstorm|[upkeep]\n|-damage|p2a: George Russell|94\/100|[from] Sandstorm\n|upkeep\n|turn|2\n|inactive|akane kurokawa has 270 seconds left.\n|\n|t:|1618000938\n|switch|p2a: Alex Albon|Jirachi|100\/100\n|-damage|p2a: Alex Albon|94\/100|[from] Stealth Rock\n|switch|p1a: Shine Bright Like|Jirachi|100\/100\n|\n|-weather|Sandstorm|[upkeep]\n|-heal|p2a: Alex Albon|100\/100|[from] item: Leftovers\n|upkeep\n|turn|3\n|inactive|Goootzinho has 270 seconds left.\n|\n|t:|1618000971\n|switch|p1a: SHINY NATU|Xatu, F, shiny|100\/100\n|move|p2a: Alex Albon|Stealth Rock|p1a: SHINY NATU\n|move|p1a: SHINY NATU|Stealth Rock||[from]ability: Magic Bounce|[still]\n|-fail|p1a: SHINY NATU\n|\n|-weather|Sandstorm|[upkeep]\n|-damage|p1a: SHINY NATU|94\/100|[from] Sandstorm\n|-heal|p1a: SHINY NATU|100\/100|[from] item: Leftovers\n|upkeep\n|turn|4\n|inactive|akane kurokawa has 240 seconds left.\n|\n|t:|1618001015\n|move|p1a: SHINY NATU|Heat Wave|p2a: Alex Albon\n|-supereffective|p2a: Alex Albon\n|-damage|p2a: Alex Albon|74\/100\n|move|p2a: Alex Albon|Thunder|p1a: SHINY NATU|[miss]\n|-miss|p2a: Alex Albon|p1a: SHINY NATU\n|\n|-weather|Sandstorm|[upkeep]\n|-damage|p1a: SHINY NATU|94\/100|[from] Sandstorm\n|-heal|p1a: SHINY NATU|100\/100|[from] item: Leftovers\n|-heal|p2a: Alex Albon|80\/100|[from] item: Leftovers\n|upkeep\n|turn|5\n|\n|t:|1618001028\n|move|p1a: SHINY NATU|Heat Wave|p2a: Alex Albon|[miss]\n|-miss|p1a: SHINY NATU|p2a: Alex Albon\n|move|p2a: Alex Albon|Thunder|p1a: SHINY NATU|[miss]\n|-miss|p2a: Alex Albon|p1a: SHINY NATU\n|\n|-weather|Sandstorm|[upkeep]\n|-damage|p1a: SHINY NATU|94\/100|[from] Sandstorm\n|-heal|p1a: SHINY NATU|100\/100|[from] item: Leftovers\n|-heal|p2a: Alex Albon|87\/100|[from] item: Leftovers\n|upkeep\n|turn|6\n|inactive|akane kurokawa has 210 seconds left.\n|inactive|Goootzinho has 270 seconds left.\n|\n|t:|1618001057\n|move|p1a: SHINY NATU|U-turn|p2a: Alex Albon\n|-damage|p2a: Alex Albon|78\/100\n|\n|t:|1618001059\n|switch|p1a: Shiny Happy People|Hippowdon, F|100\/100|[from]move: U-turn\n|move|p2a: Alex Albon|Thunder|p1a: Shiny Happy People\n|-immune|p1a: Shiny Happy People\n|\n|-weather|Sandstorm|[upkeep]\n|-heal|p2a: Alex Albon|84\/100|[from] item: Leftovers\n|upkeep\n|turn|7\n|inactive|akane kurokawa has 210 seconds left.\n|\n|t:|1618001078\n|switch|p2a: George Russell|Kyurem-Black|94\/100\n|-damage|p2a: George Russell|70\/100|[from] Stealth Rock\n|-ability|p2a: George Russell|Teravolt\n|move|p1a: Shiny Happy People|Earthquake|p2a: George Russell\n|-damage|p2a: George Russell|38\/100\n|\n|-weather|Sandstorm|[upkeep]\n|-damage|p2a: George Russell|32\/100|[from] Sandstorm\n|upkeep\n|turn|8\n|inactive|akane kurokawa has 210 seconds left.\n|\n|t:|1618001094\n|switch|p1a: Shining|Rotom-Wash, shiny|100\/100\n|move|p2a: George Russell|Ice Beam|p1a: Shining\n|-resisted|p1a: Shining\n|-damage|p1a: Shining|87\/100\n|\n|-weather|Sandstorm|[upkeep]\n|-damage|p2a: George Russell|26\/100|[from] Sandstorm\n|-damage|p1a: Shining|80\/100|[from] Sandstorm\n|-heal|p1a: Shining|87\/100|[from] item: Leftovers\n|upkeep\n|turn|9\n|inactive|akane kurokawa has 210 seconds left.\n|\n|t:|1618001109\n|switch|p2a: Alex Albon|Jirachi|84\/100\n|-damage|p2a: Alex Albon|78\/100|[from] Stealth Rock\n|move|p1a: Shining|Volt Switch|p2a: Alex Albon\n|-damage|p2a: Alex Albon|63\/100\n|inactive|Goootzinho has 270 seconds left.\n|\n|t:|1618001151\n|switch|p1a: Shiny Happy People|Hippowdon, F|100\/100|[from]move: Volt Switch\n|\n|-weather|Sandstorm|[upkeep]\n|-heal|p2a: Alex Albon|69\/100|[from] item: Leftovers\n|upkeep\n|turn|10\n|\n|t:|1618001160\n|move|p2a: Alex Albon|Stealth Rock|p1a: Shiny Happy People\n|-sidestart|p1: Goootzinho|move: Stealth Rock\n|move|p1a: Shiny Happy People|Earthquake|p2a: Alex Albon\n|-supereffective|p2a: Alex Albon\n|-damage|p2a: Alex Albon|8\/100\n|\n|-weather|Sandstorm|[upkeep]\n|-heal|p2a: Alex Albon|14\/100|[from] item: Leftovers\n|upkeep\n|turn|11\n|\n|t:|1618001170\n|switch|p2a: George Russell|Kyurem-Black|26\/100\n|-damage|p2a: George Russell|1\/100|[from] Stealth Rock\n|-ability|p2a: George Russell|Teravolt\n|move|p1a: Shiny Happy People|Earthquake|p2a: George Russell\n|-damage|p2a: George Russell|0 fnt\n|faint|p2a: George Russell\n|\n|-weather|Sandstorm|[upkeep]\n|upkeep\n|inactive|akane kurokawa has 210 seconds left.\n|\n|t:|1618001198\n|switch|p2a: Lando Orange|Dragonite, M|100\/100\n|-damage|p2a: Lando Orange|76\/100|[from] Stealth Rock\n|turn|12\n|inactive|Goootzinho has 270 seconds left.\n|\n|t:|1618001215\n|move|p2a: Lando Orange|Earthquake|p1a: Shiny Happy People\n|-damage|p1a: Shiny Happy People|80\/100\n|move|p1a: Shiny Happy People|Whirlwind|p2a: Lando Orange\n|drag|p2a: Seb Vettel|Magnezone|100\/100\n|-damage|p2a: Seb Vettel|94\/100|[from] Stealth Rock\n|-item|p2a: Seb Vettel|Air Balloon\n|\n|-weather|Sandstorm|[upkeep]\n|-heal|p1a: Shiny Happy People|86\/100|[from] item: Leftovers\n|upkeep\n|turn|13\n|inactive|akane kurokawa has 210 seconds left.\n|\n|t:|1618001239\n|switch|p1a: Yooperlites|Terrakion|100\/100\n|-damage|p1a: Yooperlites|94\/100|[from] Stealth Rock\n|move|p2a: Seb Vettel|Sunny Day|p2a: Seb Vettel\n|-weather|SunnyDay\n|\n|-weather|SunnyDay|[upkeep]\n|upkeep\n|turn|14\n|inactive|akane kurokawa has 210 seconds left.\n|\n|t:|1618001273\n|move|p1a: Yooperlites|Close Combat|p2a: Seb Vettel\n|-supereffective|p2a: Seb Vettel\n|-damage|p2a: Seb Vettel|0 fnt\n|-unboost|p1a: Yooperlites|def|1\n|-unboost|p1a: Yooperlites|spd|1\n|-enditem|p2a: Seb Vettel|Air Balloon\n|faint|p2a: Seb Vettel\n|\n|-weather|SunnyDay|[upkeep]\n|upkeep\n|inactive|akane kurokawa has 180 seconds left.\n|\n|t:|1618001290\n|switch|p2a: Lando Orange|Dragonite, M|76\/100\n|-damage|p2a: Lando Orange|51\/100|[from] Stealth Rock\n|turn|15\n|inactive|Goootzinho has 270 seconds left.\n|inactive|akane kurokawa has 180 seconds left.\n|\n|t:|1618001321\n|switch|p1a: Shiny Happy People|Hippowdon, F|86\/100\n|-damage|p1a: Shiny Happy People|80\/100|[from] Stealth Rock\n|-weather|Sandstorm|[from] ability: Sand Stream|[of] p1a: Shiny Happy People\n|move|p2a: Lando Orange|Earthquake|p1a: Shiny Happy People\n|-crit|p1a: Shiny Happy People\n|-damage|p1a: Shiny Happy People|38\/100\n|\n|-weather|Sandstorm|[upkeep]\n|-damage|p2a: Lando Orange|45\/100|[from] Sandstorm\n|-heal|p1a: Shiny Happy People|44\/100|[from] item: Leftovers\n|upkeep\n|turn|16\n|inactive|Goootzinho has 240 seconds left.\n|\n|t:|1618001339\n|move|p2a: Lando Orange|Outrage|p1a: Shiny Happy People\n|-enditem|p2a: Lando Orange|Dragon Gem|[from] gem\n|-damage|p1a: Shiny Happy People|0 fnt\n|faint|p1a: Shiny Happy People\n|\n|-weather|Sandstorm|[upkeep]\n|-damage|p2a: Lando Orange|39\/100|[from] Sandstorm\n|upkeep\n|inactive|Goootzinho has 240 seconds left.\n|\n|t:|1618001349\n|switch|p1a: Yooperlites|Terrakion|94\/100\n|-damage|p1a: Yooperlites|88\/100|[from] Stealth Rock\n|turn|17\n|\n|t:|1618001356\n|move|p1a: Yooperlites|Close Combat|p2a: Lando Orange\n|-resisted|p2a: Lando Orange\n|-damage|p2a: Lando Orange|0 fnt\n|-unboost|p1a: Yooperlites|def|1\n|-unboost|p1a: Yooperlites|spd|1\n|faint|p2a: Lando Orange\n|\n|-weather|Sandstorm|[upkeep]\n|upkeep\n|\n|t:|1618001374\n|switch|p2a: Lewis Hamilton|Latios, M|100\/100\n|-damage|p2a: Lewis Hamilton|88\/100|[from] Stealth Rock\n|turn|18\n|\n|t:|1618001384\n|switch|p1a: Shine Bright Like|Jirachi|100\/100\n|-damage|p1a: Shine Bright Like|94\/100|[from] Stealth Rock\n|move|p2a: Lewis Hamilton|Draco Meteor|p1a: Shine Bright Like\n|-resisted|p1a: Shine Bright Like\n|-damage|p1a: Shine Bright Like|70\/100\n|-unboost|p2a: Lewis Hamilton|spa|2\n|\n|-weather|Sandstorm|[upkeep]\n|-damage|p2a: Lewis Hamilton|82\/100|[from] Sandstorm\n|-heal|p1a: Shine Bright Like|76\/100|[from] item: Leftovers\n|upkeep\n|turn|19\n|inactive|Goootzinho has 270 seconds left.\n|\n|t:|1618001399\n|switch|p2a: Alex Albon|Jirachi|14\/100\n|-damage|p2a: Alex Albon|8\/100|[from] Stealth Rock\n|switch|p1a: Yooperlites|Terrakion|88\/100\n|-damage|p1a: Yooperlites|82\/100|[from] Stealth Rock\n|\n|-weather|Sandstorm|[upkeep]\n|-heal|p2a: Alex Albon|14\/100|[from] item: Leftovers\n|upkeep\n|turn|20\n|inactive|Goootzinho has 270 seconds left.\n|\n|t:|1618001412\n|move|p1a: Yooperlites|Close Combat|p2a: Alex Albon\n|-crit|p2a: Alex Albon\n|-damage|p2a: Alex Albon|0 fnt\n|-unboost|p1a: Yooperlites|def|1\n|-unboost|p1a: Yooperlites|spd|1\n|faint|p2a: Alex Albon\n|\n|-weather|Sandstorm|[upkeep]\n|upkeep\n|\n|t:|1618001420\n|switch|p2a: Lewis Hamilton|Latios, M|82\/100\n|-damage|p2a: Lewis Hamilton|70\/100|[from] Stealth Rock\n|turn|21\n|\n|t:|1618001429\n|switch|p1a: Shine Bright Like|Jirachi|76\/100\n|-damage|p1a: Shine Bright Like|70\/100|[from] Stealth Rock\n|move|p2a: Lewis Hamilton|Surf|p1a: Shine Bright Like\n|-damage|p1a: Shine Bright Like|49\/100\n|\n|-weather|Sandstorm|[upkeep]\n|-damage|p2a: Lewis Hamilton|64\/100|[from] Sandstorm\n|-heal|p1a: Shine Bright Like|55\/100|[from] item: Leftovers\n|upkeep\n|turn|22\n|\n|t:|1618001439\n|move|p2a: Lewis Hamilton|Surf|p1a: Shine Bright Like\n|-damage|p1a: Shine Bright Like|33\/100\n|move|p1a: Shine Bright Like|Wish|p1a: Shine Bright Like\n|\n|-weather|Sandstorm|[upkeep]\n|-damage|p2a: Lewis Hamilton|58\/100|[from] Sandstorm\n|-heal|p1a: Shine Bright Like|39\/100|[from] item: Leftovers\n|upkeep\n|turn|23\n|inactive|akane kurokawa has 180 seconds left.\n|\n|t:|1618001447\n|move|p1a: Shine Bright Like|Protect|p1a: Shine Bright Like\n|-singleturn|p1a: Shine Bright Like|Protect\n|move|p2a: Lewis Hamilton|Surf|p1a: Shine Bright Like\n|-activate|p1a: Shine Bright Like|move: Protect\n|\n|-weather|Sandstorm|[upkeep]\n|-damage|p2a: Lewis Hamilton|52\/100|[from] Sandstorm\n|-heal|p1a: Shine Bright Like|89\/100|[from] move: Wish|[wisher] Shine Bright Like\n|-heal|p1a: Shine Bright Like|95\/100|[from] item: Leftovers\n|upkeep\n|turn|24\n|\n|t:|1618001456\n|switch|p1a: Fox's Down B|Latios, M|100\/100\n|-damage|p1a: Fox's Down B|88\/100|[from] Stealth Rock\n|move|p2a: Lewis Hamilton|Surf|p1a: Fox's Down B\n|-resisted|p1a: Fox's Down B\n|-damage|p1a: Fox's Down B|72\/100\n|\n|-weather|Sandstorm|[upkeep]\n|-damage|p2a: Lewis Hamilton|46\/100|[from] Sandstorm\n|-damage|p1a: Fox's Down B|66\/100|[from] Sandstorm\n|upkeep\n|turn|25\n|\n|t:|1618001468\n|switch|p2a: Charles Leclerc|Garchomp, F|100\/100\n|-damage|p2a: Charles Leclerc|94\/100|[from] Stealth Rock\n|move|p1a: Fox's Down B|Recover|p1a: Fox's Down B\n|-heal|p1a: Fox's Down B|100\/100\n|\n|-weather|Sandstorm|[upkeep]\n|-damage|p1a: Fox's Down B|95\/100|[from] Sandstorm\n|upkeep\n|turn|26\n|inactive|akane kurokawa has 180 seconds left.\n|\n|t:|1618001485\n|move|p1a: Fox's Down B|Draco Meteor|p2a: Charles Leclerc\n|-enditem|p1a: Fox's Down B|Dragon Gem|[from] gem\n|-supereffective|p2a: Charles Leclerc\n|-damage|p2a: Charles Leclerc|0 fnt\n|-unboost|p1a: Fox's Down B|spa|2\n|faint|p2a: Charles Leclerc\n|\n|-weather|Sandstorm|[upkeep]\n|-damage|p1a: Fox's Down B|89\/100|[from] Sandstorm\n|upkeep\n|c|\u2606Goootzinho|ggs\n|inactive|akane kurokawa has 180 seconds left.\n|c|\u2606akane kurokawa|gg\n|\n|t:|1618001492\n|switch|p2a: Lewis Hamilton|Latios, M|46\/100\n|-damage|p2a: Lewis Hamilton|34\/100|[from] Stealth Rock\n|turn|27\n|\n|t:|1618001497\n|move|p2a: Lewis Hamilton|Draco Meteor|p1a: Fox's Down B\n|-supereffective|p1a: Fox's Down B\n|-damage|p1a: Fox's Down B|0 fnt\n|-unboost|p2a: Lewis Hamilton|spa|2\n|faint|p1a: Fox's Down B\n|\n|-weather|Sandstorm|[upkeep]\n|-damage|p2a: Lewis Hamilton|28\/100|[from] Sandstorm\n|upkeep\n|\n|t:|1618001502\n|switch|p1a: Shine Bright Like|Jirachi|95\/100\n|-damage|p1a: Shine Bright Like|89\/100|[from] Stealth Rock\n|turn|28\n|\n|t:|1618001507\n|move|p2a: Lewis Hamilton|Draco Meteor|p1a: Shine Bright Like\n|-resisted|p1a: Shine Bright Like\n|-damage|p1a: Shine Bright Like|78\/100\n|-unboost|p2a: Lewis Hamilton|spa|2\n|move|p1a: Shine Bright Like|Body Slam|p2a: Lewis Hamilton\n|-damage|p2a: Lewis Hamilton|0 fnt\n|faint|p2a: Lewis Hamilton\n|\n|win|Goootzinho\n","uploadtime":1618001508,"views":82,"p1id":"goootzinho","p2id":"akanekurokawa","formatid":"gen5ou","rating":0,"private":0,"password":null}