{"id":"smogtours-gen7ou-268361","p1":"Gotham Paladin","p2":"Sky Bee","format":"gen7ou","log":"|inactive|Battle timer is ON: inactive players will automatically lose when time's up.\n|J|Gotham Paladin\n|J|Sky Bee\n|player|p1|Gotham Paladin|283\n|player|p2|Sky Bee|200\n|gametype|singles\n|gen|7\n|tier|[Gen 7] OU\n|seed|24896,20038,63332,45858\n|clearpoke\n|poke|p1|Tapu Fini|item\n|poke|p1|Zapdos|item\n|poke|p1|Ferrothorn, M|item\n|poke|p1|Nihilego|item\n|poke|p1|Pinsir, F|item\n|poke|p1|Dugtrio, M|item\n|poke|p2|Greninja, F|item\n|poke|p2|Thundurus, M|item\n|poke|p2|Mawile, F|item\n|poke|p2|Pheromosa|item\n|poke|p2|Amoonguss, F|item\n|poke|p2|Garchomp, F|item\n|rule|Baton Pass Clause: Limit one Baton Passer, can't pass Spe and other stats simultaneously\n|rule|Sleep Clause Mod: Limit one foe put to sleep\n|rule|Species Clause: Limit one of each Pok\u00e9mon\n|rule|OHKO Clause: OHKO moves are banned\n|rule|Moody Clause: Moody is banned\n|rule|Evasion Moves Clause: Evasion moves are banned\n|rule|Endless Battle Clause: Forcing endless battles is banned\n|rule|HP Percentage Mod: HP is shown in percentages\n|teampreview\n|J|egalvanc \u271e\n|c|\u2606Gotham Paladin|hf\n|c|\u2606Sky Bee|hf\n|J|Wheitron\n|L|egalvanc \u271e\n|J|Bro Kappa.\n|L|Bro Kappa.\n|J|Pendulum Swing\n|choice|team 2, team 1, team 3, team 4, team 5, team 6|team 2, team 1, team 3, team 4, team 5, team 6\n|\n|start\n|switch|p1a: Zapdos|Zapdos|383\/383\n|switch|p2a: Thundurus|Thundurus, M|299\/299\n|turn|1\n|choice|move voltswitch|switch 5\n|\n|switch|p2a: Amoonguss|Amoonguss, F|431\/431\n|move|p1a: Zapdos|Volt Switch|p2a: Amoonguss\n|-resisted|p2a: Amoonguss\n|-damage|p2a: Amoonguss|387\/431\n|J|carcy\n|choice|switch 5|\n|\n|switch|p1a: Kirk Langstrom|Pinsir, F|271\/271\n|\n|-heal|p2a: Amoonguss|413\/431|[from] item: Black Sludge\n|upkeep\n|turn|2\n|choice|move return mega|switch 6\n|\n|switch|p2a: Garchomp|Garchomp, F|420\/420\n|detailschange|p1a: Kirk Langstrom|Pinsir-Mega, F\n|-mega|p1a: Kirk Langstrom|Pinsir|Pinsirite\n|move|p1a: Kirk Langstrom|Return|p2a: Garchomp\n|-damage|p2a: Garchomp|219\/420\n|-damage|p1a: Kirk Langstrom|238\/271|[from] ability: Rough Skin|[of] p2a: Garchomp\n|-damage|p1a: Kirk Langstrom|193\/271|[from] item: Rocky Helmet|[of] p2a: Garchomp\n|\n|upkeep\n|turn|3\n|choice|switch 2|move stealthrock\n|\n|switch|p1a: Tapu Fini|Tapu Fini|344\/344\n|-fieldstart|move: Misty Terrain|[from] ability: Misty Surge|[of] p1a: Tapu Fini\n|move|p2a: Garchomp|Stealth Rock|p1a: Tapu Fini\n|-sidestart|p1: Gotham Paladin|move: Stealth Rock\n|\n|upkeep\n|turn|4\n|choice|move defog|switch 5\n|\n|switch|p2a: Thundurus|Thundurus, M|299\/299\n|move|p1a: Tapu Fini|Defog|p2a: Thundurus\n|-unboost|p2a: Thundurus|evasion|1\n|-ability|p2a: Thundurus|Defiant|boost\n|-boost|p2a: Thundurus|atk|2\n|-sideend|p1: Gotham Paladin|Stealth Rock|[from] move: Defog|[of] p1a: Tapu Fini\n|\n|upkeep\n|turn|5\n|J|Becks\n|choice|switch 6|move hiddenpower\n|\n|switch|p1a: Dugtrio|Dugtrio, M|211\/211\n|move|p2a: Thundurus|Hidden Power|p1a: Dugtrio\n|-supereffective|p1a: Dugtrio\n|-damage|p1a: Dugtrio|55\/211\n|\n|upkeep\n|turn|6\n|J|Mr. Miner\n|choice|move stoneedge|switch 5\n|\n|switch|p2a: Garchomp|Garchomp, F|219\/420\n|move|p1a: Dugtrio|Stone Edge|p2a: Garchomp\n|-resisted|p2a: Garchomp\n|-damage|p2a: Garchomp|182\/420\n|\n|upkeep\n|turn|7\n|choice|move earthquake zmove|move stealthrock\n|\n|-zpower|p1a: Dugtrio\n|move|p1a: Dugtrio|Tectonic Rage|p2a: Garchomp|[zeffect]\n|-damage|p2a: Garchomp|0 fnt\n|faint|p2a: Garchomp\n|\n|-fieldend|Misty Terrain\n|upkeep\n|choice||switch 2\n|\n|switch|p2a: Greninja|Greninja, F|285\/285\n|turn|8\n|choice|move earthquake|move spikes\n|\n|move|p2a: Greninja|Spikes|p1a: Dugtrio\n|-start|p2a: Greninja|typechange|Ground|[from] Protean\n|-sidestart|p1: Gotham Paladin|Spikes\n|move|p1a: Dugtrio|Earthquake|p2a: Greninja\n|-damage|p2a: Greninja|47\/285\n|\n|upkeep\n|turn|9\n|choice|switch 3|move watershuriken\n|\n|switch|p1a: Pamela Isley|Ferrothorn, M|352\/352\n|-damage|p1a: Pamela Isley|308\/352|[from] Spikes\n|move|p2a: Greninja|Water Shuriken|p1a: Pamela Isley\n|-start|p2a: Greninja|typechange|Water|[from] Protean\n|-resisted|p1a: Pamela Isley\n|-damage|p1a: Pamela Isley|298\/352\n|-resisted|p1a: Pamela Isley\n|-damage|p1a: Pamela Isley|288\/352\n|-hitcount|p1a: Pamela Isley|2\n|-damage|p2a: Greninja|19\/285|[from] item: Life Orb\n|\n|-heal|p1a: Pamela Isley|310\/352|[from] item: Leftovers\n|upkeep\n|turn|10\n|J|Shiba\n|choice|switch 4|switch 6\n|\n|switch|p2a: Amoonguss|Amoonguss, F|431\/431\n|switch|p1a: ParaDemon|Nihilego|359\/359\n|-damage|p1a: ParaDemon|315\/359|[from] Spikes\n|\n|upkeep\n|turn|11\n|L|carcy\n|J|NJNP\u278f\u795e\n|L|NJNP\u278f\u795e\n|choice|switch 6|move gigadrain\n|\n|switch|p1a: Tapu Fini|Tapu Fini|344\/344\n|-damage|p1a: Tapu Fini|301\/344|[from] Spikes\n|-fieldstart|move: Misty Terrain|[from] ability: Misty Surge|[of] p1a: Tapu Fini\n|move|p2a: Amoonguss|Giga Drain|p1a: Tapu Fini\n|-supereffective|p1a: Tapu Fini\n|-damage|p1a: Tapu Fini|179\/344\n|\n|-heal|p1a: Tapu Fini|200\/344|[from] item: Leftovers\n|upkeep\n|turn|12\n|choice|move defog|switch 5\n|\n|switch|p2a: Thundurus|Thundurus, M|299\/299\n|move|p1a: Tapu Fini|Defog|p2a: Thundurus\n|-unboost|p2a: Thundurus|evasion|1\n|-ability|p2a: Thundurus|Defiant|boost\n|-boost|p2a: Thundurus|atk|2\n|-sideend|p1: Gotham Paladin|Spikes|[from] move: Defog|[of] p1a: Tapu Fini\n|\n|-heal|p1a: Tapu Fini|221\/344|[from] item: Leftovers\n|upkeep\n|turn|13\n|choice|switch 3|move fly zmove\n|\n|switch|p1a: Dugtrio|Dugtrio, M|55\/211\n|-zpower|p2a: Thundurus\n|move|p2a: Thundurus|Supersonic Skystrike|p1a: Dugtrio|[zeffect]\n|-damage|p1a: Dugtrio|0 fnt\n|faint|p1a: Dugtrio\n|\n|upkeep\n|choice|switch 6|\n|\n|switch|p1a: ParaDemon|Nihilego|315\/359\n|turn|14\n|choice|move powergem|switch 5\n|\n|switch|p2a: Amoonguss|Amoonguss, F|431\/431\n|move|p1a: ParaDemon|Power Gem|p2a: Amoonguss\n|-damage|p2a: Amoonguss|302\/431\n|\n|-heal|p2a: Amoonguss|328\/431|[from] item: Black Sludge\n|upkeep\n|turn|15\n|J|aqqq\n|L|aqqq\n|choice|switch 2|move spore\n|\n|switch|p1a: Kirk Langstrom|Pinsir-Mega, F|193\/271\n|move|p2a: Amoonguss|Spore|p1a: Kirk Langstrom\n|-status|p1a: Kirk Langstrom|slp\n|\n|-heal|p2a: Amoonguss|354\/431|[from] item: Black Sludge\n|-fieldend|Misty Terrain\n|upkeep\n|turn|16\n|choice|move return|switch 6\n|\n|switch|p2a: Greninja|Greninja, F|19\/285\n|cant|p1a: Kirk Langstrom|slp\n|\n|upkeep\n|turn|17\n|choice|move quickattack|move spikes\n|\n|cant|p1a: Kirk Langstrom|slp\n|move|p2a: Greninja|Spikes|p1a: Kirk Langstrom\n|-start|p2a: Greninja|typechange|Ground|[from] Protean\n|-sidestart|p1: Gotham Paladin|Spikes\n|\n|upkeep\n|turn|18\n|choice|move quickattack|move watershuriken\n|\n|move|p2a: Greninja|Water Shuriken|p1a: Kirk Langstrom\n|-start|p2a: Greninja|typechange|Water|[from] Protean\n|-damage|p1a: Kirk Langstrom|162\/271 slp\n|-damage|p1a: Kirk Langstrom|130\/271 slp\n|-hitcount|p1a: Kirk Langstrom|2\n|-damage|p2a: Greninja|0 fnt|[from] item: Life Orb\n|faint|p2a: Greninja\n|cant|p1a: Kirk Langstrom|slp\n|\n|upkeep\n|choice||switch 5\n|\n|switch|p2a: Thundurus|Thundurus, M|299\/299\n|turn|19\n|L|Mr. Miner\n|choice|switch 4|move wildcharge\n|\n|switch|p1a: Pamela Isley|Ferrothorn, M|310\/352\n|-damage|p1a: Pamela Isley|266\/352|[from] Spikes\n|move|p2a: Thundurus|Wild Charge|p1a: Pamela Isley\n|-resisted|p1a: Pamela Isley\n|-damage|p1a: Pamela Isley|211\/352\n|-damage|p2a: Thundurus|262\/299|[from] ability: Iron Barbs|[of] p1a: Pamela Isley\n|-damage|p2a: Thundurus|248\/299|[from] recoil|[of] p1a: Pamela Isley\n|\n|-heal|p1a: Pamela Isley|233\/352|[from] item: Leftovers\n|upkeep\n|turn|20\n|choice|move stealthrock|move superpower\n|\n|move|p2a: Thundurus|Superpower|p1a: Pamela Isley\n|-supereffective|p1a: Pamela Isley\n|-damage|p1a: Pamela Isley|55\/352\n|-damage|p2a: Thundurus|211\/299|[from] ability: Iron Barbs|[of] p1a: Pamela Isley\n|-unboost|p2a: Thundurus|atk|1\n|-unboost|p2a: Thundurus|def|1\n|move|p1a: Pamela Isley|Stealth Rock|p2a: Thundurus\n|-sidestart|p2: Sky Bee|move: Stealth Rock\n|\n|-heal|p1a: Pamela Isley|77\/352|[from] item: Leftovers\n|upkeep\n|turn|21\n|choice|switch 5|move hiddenpower\n|\n|switch|p1a: Zapdos|Zapdos|383\/383\n|move|p2a: Thundurus|Hidden Power|p1a: Zapdos\n|-supereffective|p1a: Zapdos\n|-damage|p1a: Zapdos|243\/383\n|\n|-heal|p1a: Zapdos|266\/383|[from] item: Leftovers\n|upkeep\n|turn|22\n|choice|move roost|move hiddenpower\n|\n|move|p2a: Thundurus|Hidden Power|p1a: Zapdos\n|-supereffective|p1a: Zapdos\n|-damage|p1a: Zapdos|126\/383\n|move|p1a: Zapdos|Roost|p1a: Zapdos\n|-heal|p1a: Zapdos|318\/383\n|\n|-heal|p1a: Zapdos|341\/383|[from] item: Leftovers\n|upkeep\n|turn|23\n|choice|move roost|move hiddenpower\n|\n|move|p2a: Thundurus|Hidden Power|p1a: Zapdos\n|-supereffective|p1a: Zapdos\n|-damage|p1a: Zapdos|213\/383\n|move|p1a: Zapdos|Roost|p1a: Zapdos\n|-heal|p1a: Zapdos|383\/383\n|\n|upkeep\n|turn|24\n|choice|move voltswitch|move hiddenpower\n|\n|move|p2a: Thundurus|Hidden Power|p1a: Zapdos\n|-supereffective|p1a: Zapdos\n|-damage|p1a: Zapdos|241\/383\n|move|p1a: Zapdos|Volt Switch|p2a: Thundurus\n|-crit|p2a: Thundurus\n|-damage|p2a: Thundurus|15\/299\n|choice|switch 2|\n|\n|switch|p1a: ParaDemon|Nihilego|315\/359\n|-damage|p1a: ParaDemon|271\/359|[from] Spikes\n|\n|upkeep\n|turn|25\n|choice|move thunderbolt|move hiddenpower\n|\n|move|p1a: ParaDemon|Thunderbolt|p2a: Thundurus\n|-damage|p2a: Thundurus|0 fnt\n|faint|p2a: Thundurus\n|-ability|p1a: ParaDemon|Beast Boost|boost\n|-boost|p1a: ParaDemon|spa|1\n|\n|upkeep\n|J|It's over oml\n|L|It's over oml\n|choice||switch 3\n|\n|switch|p2a: Mawile|Mawile, F|303\/303\n|-damage|p2a: Mawile|285\/303|[from] Stealth Rock\n|-ability|p2a: Mawile|Intimidate|boost\n|-unboost|p1a: ParaDemon|atk|1\n|turn|26\n|choice|move thunderbolt|move swordsdance mega\n|\n|detailschange|p2a: Mawile|Mawile-Mega, F\n|-mega|p2a: Mawile|Mawile|Mawilite\n|move|p1a: ParaDemon|Thunderbolt|p2a: Mawile\n|-damage|p2a: Mawile|122\/303\n|move|p2a: Mawile|Swords Dance|p2a: Mawile\n|-boost|p2a: Mawile|atk|2\n|\n|upkeep\n|turn|27\n|choice|move thunderbolt|move suckerpunch\n|\n|move|p2a: Mawile|Sucker Punch|p1a: ParaDemon\n|-damage|p1a: ParaDemon|0 fnt\n|faint|p1a: ParaDemon\n|\n|upkeep\n|choice|switch 2|\n|\n|switch|p1a: Zapdos|Zapdos|241\/383\n|turn|28\n|choice|move voltswitch|move suckerpunch\n|\n|move|p2a: Mawile|Sucker Punch|p1a: Zapdos\n|-damage|p1a: Zapdos|0 fnt\n|faint|p1a: Zapdos\n|\n|upkeep\n|choice|switch 3|\n|\n|switch|p1a: Tapu Fini|Tapu Fini|221\/344\n|-damage|p1a: Tapu Fini|178\/344|[from] Spikes\n|-fieldstart|move: Misty Terrain|[from] ability: Misty Surge|[of] p1a: Tapu Fini\n|turn|29\n|choice|move moonblast|switch 6\n|\n|switch|p2a: Amoonguss|Amoonguss, F|431\/431\n|-damage|p2a: Amoonguss|378\/431|[from] Stealth Rock\n|move|p1a: Tapu Fini|Moonblast|p2a: Amoonguss\n|-resisted|p2a: Amoonguss\n|-damage|p2a: Amoonguss|331\/431\n|\n|-heal|p1a: Tapu Fini|199\/344|[from] item: Leftovers\n|-heal|p2a: Amoonguss|357\/431|[from] item: Black Sludge\n|upkeep\n|turn|30\n|choice|switch 5|move hiddenpower\n|\n|switch|p1a: Pamela Isley|Ferrothorn, M|77\/352\n|-damage|p1a: Pamela Isley|33\/352|[from] Spikes\n|move|p2a: Amoonguss|Hidden Power|p1a: Pamela Isley\n|-supereffective|p1a: Pamela Isley\n|-damage|p1a: Pamela Isley|0 fnt\n|faint|p1a: Pamela Isley\n|\n|-heal|p2a: Amoonguss|383\/431|[from] item: Black Sludge\n|upkeep\n|choice|switch 4|\n|\n|switch|p1a: Kirk Langstrom|Pinsir-Mega, F|130\/271 slp\n|turn|31\n|choice|move return|switch 4\n|\n|switch|p2a: Pheromosa|Pheromosa|283\/283\n|-damage|p2a: Pheromosa|248\/283|[from] Stealth Rock\n|-curestatus|p1a: Kirk Langstrom|slp|[msg]\n|move|p1a: Kirk Langstrom|Return|p2a: Pheromosa\n|-supereffective|p2a: Pheromosa\n|-crit|p2a: Pheromosa\n|-damage|p2a: Pheromosa|0 fnt\n|faint|p2a: Pheromosa\n|\n|upkeep\n|choice||switch 6\n|\n|switch|p2a: Mawile|Mawile-Mega, F|122\/303\n|-damage|p2a: Mawile|104\/303|[from] Stealth Rock\n|turn|32\n|choice|move quickattack|move ironhead\n|\n|move|p1a: Kirk Langstrom|Quick Attack|p2a: Mawile\n|-resisted|p2a: Mawile\n|-damage|p2a: Mawile|62\/303\n|move|p2a: Mawile|Iron Head|p1a: Kirk Langstrom\n|-damage|p1a: Kirk Langstrom|0 fnt\n|faint|p1a: Kirk Langstrom\n|\n|upkeep\n|choice|switch 5|\n|\n|switch|p1a: Tapu Fini|Tapu Fini|199\/344\n|-damage|p1a: Tapu Fini|156\/344|[from] Spikes\n|turn|33\n|choice|move moonblast|move ironhead\n|\n|move|p1a: Tapu Fini|Moonblast|p2a: Mawile\n|-resisted|p2a: Mawile\n|-damage|p2a: Mawile|8\/303\n|move|p2a: Mawile|Iron Head|p1a: Tapu Fini\n|-damage|p1a: Tapu Fini|0 fnt\n|faint|p1a: Tapu Fini\n|\n|win|Sky Bee","inputlog":null,"uploadtime":1491679981,"views":0,"p1id":"gothampaladin","p2id":"skybee","formatid":"gen7ou","rating":0,"private":0,"password":null}