{"id":"smogtours-gen7ou-623788","p1":"LudwigFrog","p2":"yovan33321","format":"gen7ou","log":"|inactive|Battle timer is ON: inactive players will automatically lose when time's up.\n|t:|1651610323\n|gametype|singles\n|player|p1|LudwigFrog|hilbert-wonderlauncher|\n|player|p2|yovan33321|harlequin|\n|teamsize|p1|6\n|teamsize|p2|6\n|gen|7\n|tier|[Gen 7] OU\n|rule|Sleep Clause Mod: Limit one foe put to sleep\n|rule|Species Clause: Limit one of each Pok\u00e9mon\n|rule|OHKO Clause: OHKO moves are banned\n|rule|Moody Clause: Moody is banned\n|rule|Evasion Moves Clause: Evasion moves are banned\n|rule|Endless Battle Clause: Forcing endless battles is banned\n|rule|HP Percentage Mod: HP is shown in percentages\n|clearpoke\n|poke|p1|Rotom-Wash|item\n|poke|p1|Tornadus-Therian, M|item\n|poke|p1|Landorus-Therian, M|item\n|poke|p1|Mawile, M|item\n|poke|p1|Kommo-o, M|item\n|poke|p1|Magearna|item\n|poke|p2|Slowbro, F|item\n|poke|p2|Hydreigon, F|item\n|poke|p2|Mawile, F|item\n|poke|p2|Landorus-Therian, M|item\n|poke|p2|Tapu Koko|item\n|poke|p2|Magnezone|item\n|teampreview\n|inactive|LudwigFrog also wants the timer to be on.\n|\n|t:|1651610334\n|start\n|switch|p1a: Rotom|Rotom-Wash|100\/100\n|switch|p2a: Tapu Koko|Tapu Koko|100\/100\n|-fieldstart|move: Electric Terrain|[from] ability: Electric Surge|[of] p2a: Tapu Koko\n|turn|1\n|\n|t:|1651610347\n|move|p1a: Rotom|Volt Switch|p2a: Tapu Koko\n|-resisted|p2a: Tapu Koko\n|-crit|p2a: Tapu Koko\n|-damage|p2a: Tapu Koko|68\/100\n|\n|t:|1651610351\n|switch|p1a: Magearna|Magearna|100\/100|[from]move: Volt Switch\n|move|p2a: Tapu Koko|Volt Switch|p1a: Magearna\n|-damage|p1a: Magearna|74\/100\n|\n|t:|1651610374\n|switch|p2a: Magnezone|Magnezone|100\/100|[from]move: Volt Switch\n|\n|-heal|p1a: Magearna|80\/100|[from] item: Leftovers\n|upkeep\n|turn|2\n|\n|t:|1651610381\n|-zpower|p2a: Magnezone\n|move|p2a: Magnezone|Corkscrew Crash|p1a: Magearna|[zeffect]\n|-damage|p1a: Magearna|23\/100\n|move|p1a: Magearna|Volt Switch|p2a: Magnezone\n|-resisted|p2a: Magnezone\n|-damage|p2a: Magnezone|79\/100\n|\n|t:|1651610385\n|switch|p1a: Landorus|Landorus-Therian, M|100\/100|[from]move: Volt Switch\n|-ability|p1a: Landorus|Intimidate|boost\n|-unboost|p2a: Magnezone|atk|1\n|\n|upkeep\n|turn|3\n|\n|t:|1651610390\n|move|p1a: Landorus|Swords Dance|p1a: Landorus\n|-boost|p1a: Landorus|atk|2\n|move|p2a: Magnezone|Flash Cannon|p1a: Landorus\n|-damage|p1a: Landorus|43\/100\n|-unboost|p1a: Landorus|spd|1\n|\n|upkeep\n|turn|4\n|\n|t:|1651610397\n|switch|p2a: Hydreigon|Hydreigon, F|100\/100\n|-zpower|p1a: Landorus\n|move|p1a: Landorus|Continental Crush|p2a: Hydreigon|[zeffect]\n|-damage|p2a: Hydreigon|0 fnt\n|faint|p2a: Hydreigon\n|\n|upkeep\n|\n|t:|1651610400\n|switch|p2a: Tapu Koko|Tapu Koko|68\/100\n|turn|5\n|\n|t:|1651610403\n|switch|p1a: Rotom|Rotom-Wash|100\/100\n|move|p2a: Tapu Koko|Hidden Power|p1a: Rotom\n|-resisted|p1a: Rotom\n|-damage|p1a: Rotom|90\/100\n|\n|-fieldend|move: Electric Terrain\n|upkeep\n|turn|6\n|\n|t:|1651610407\n|move|p1a: Rotom|Trick|p2a: Tapu Koko\n|-activate|p1a: Rotom|move: Trick|[of] p2a: Tapu Koko\n|-item|p2a: Tapu Koko|Choice Scarf|[from] move: Trick\n|-item|p1a: Rotom|Shuca Berry|[from] move: Trick\n|move|p2a: Tapu Koko|Roost|p2a: Tapu Koko\n|-heal|p2a: Tapu Koko|100\/100\n|-singleturn|p2a: Tapu Koko|move: Roost\n|\n|upkeep\n|turn|7\n|\n|t:|1651610416\n|switch|p2a: Slowbro|Slowbro, F|100\/100\n|move|p1a: Rotom|Trick|p2a: Slowbro\n|-activate|p1a: Rotom|move: Trick|[of] p2a: Slowbro\n|-item|p2a: Slowbro|Shuca Berry|[from] move: Trick\n|-item|p1a: Rotom|Leftovers|[from] move: Trick\n|\n|-heal|p1a: Rotom|96\/100|[from] item: Leftovers\n|upkeep\n|turn|8\n|\n|t:|1651610422\n|move|p1a: Rotom|Volt Switch|p2a: Slowbro\n|-supereffective|p2a: Slowbro\n|-damage|p2a: Slowbro|33\/100\n|\n|t:|1651610427\n|switch|p1a: Tornadus|Tornadus-Therian, M|100\/100|[from]move: Volt Switch\n|move|p2a: Slowbro|Scald|p1a: Tornadus\n|-damage|p1a: Tornadus|71\/100\n|-status|p1a: Tornadus|brn\n|\n|-damage|p1a: Tornadus|65\/100 brn|[from] brn\n|upkeep\n|turn|9\n|\n|t:|1651610433\n|move|p1a: Tornadus|Hurricane|p2a: Slowbro\n|-damage|p2a: Slowbro|0 fnt\n|faint|p2a: Slowbro\n|\n|-damage|p1a: Tornadus|59\/100 brn|[from] brn\n|upkeep\n|\n|t:|1651610438\n|switch|p2a: Mawile|Mawile, F|100\/100\n|-ability|p2a: Mawile|Intimidate|boost\n|-unboost|p1a: Tornadus|atk|1\n|turn|10\n|\n|t:|1651610440\n|detailschange|p2a: Mawile|Mawile-Mega, F\n|-mega|p2a: Mawile|Mawile|Mawilite\n|move|p1a: Tornadus|U-turn|p2a: Mawile\n|-resisted|p2a: Mawile\n|-damage|p2a: Mawile|99\/100\n|\n|t:|1651610445\n|switch|p1a: Mawile|Mawile, M|100\/100|[from]move: U-turn\n|-ability|p1a: Mawile|Intimidate|boost\n|-unboost|p2a: Mawile|atk|1\n|move|p2a: Mawile|Play Rough|p1a: Mawile\n|-resisted|p1a: Mawile\n|-damage|p1a: Mawile|53\/100\n|-unboost|p1a: Mawile|atk|1\n|\n|upkeep\n|turn|11\n|\n|t:|1651610455\n|switch|p2a: Landorus|Landorus-Therian, M|100\/100\n|-ability|p2a: Landorus|Intimidate|boost\n|-unboost|p1a: Mawile|atk|1\n|switch|p1a: Rotom|Rotom-Wash|96\/100\n|\n|-heal|p1a: Rotom|100\/100|[from] item: Leftovers\n|upkeep\n|turn|12\n|\n|t:|1651610460\n|move|p1a: Rotom|Hydro Pump|p2a: Landorus|[miss]\n|-miss|p1a: Rotom|p2a: Landorus\n|move|p2a: Landorus|Stealth Rock|p1a: Rotom\n|-sidestart|p1: LudwigFrog|move: Stealth Rock\n|\n|upkeep\n|turn|13\n|\n|t:|1651610464\n|move|p1a: Rotom|Hydro Pump|p2a: Landorus|[miss]\n|-miss|p1a: Rotom|p2a: Landorus\n|move|p2a: Landorus|U-turn|p1a: Rotom\n|-damage|p1a: Rotom|70\/100\n|\n|t:|1651610471\n|switch|p2a: Tapu Koko|Tapu Koko|100\/100|[from]move: U-turn\n|-fieldstart|move: Electric Terrain|[from] ability: Electric Surge|[of] p2a: Tapu Koko\n|\n|-heal|p1a: Rotom|76\/100|[from] item: Leftovers\n|upkeep\n|turn|14\n|\n|t:|1651610479\n|switch|p2a: Landorus|Landorus-Therian, M|100\/100\n|-ability|p2a: Landorus|Intimidate|boost\n|-unboost|p1a: Rotom|atk|1\n|move|p1a: Rotom|Volt Switch|p2a: Landorus\n|-immune|p2a: Landorus\n|\n|-heal|p1a: Rotom|82\/100|[from] item: Leftovers\n|upkeep\n|turn|15\n|\n|t:|1651610485\n|move|p1a: Rotom|Hydro Pump|p2a: Landorus\n|-supereffective|p2a: Landorus\n|-damage|p2a: Landorus|0 fnt\n|faint|p2a: Landorus\n|\n|-heal|p1a: Rotom|88\/100|[from] item: Leftovers\n|upkeep\n|\n|t:|1651610499\n|switch|p2a: Tapu Koko|Tapu Koko|100\/100\n|turn|16\n|\n|t:|1651610503\n|move|p2a: Tapu Koko|Volt Switch|p1a: Rotom\n|-damage|p1a: Rotom|38\/100\n|\n|t:|1651610506\n|switch|p2a: Magnezone|Magnezone|79\/100|[from]move: Volt Switch\n|move|p1a: Rotom|Volt Switch|p2a: Magnezone\n|-resisted|p2a: Magnezone\n|-damage|p2a: Magnezone|57\/100\n|\n|t:|1651610508\n|switch|p1a: Landorus|Landorus-Therian, M|43\/100|[from]move: Volt Switch\n|-damage|p1a: Landorus|31\/100|[from] Stealth Rock\n|-ability|p1a: Landorus|Intimidate|boost\n|-unboost|p2a: Magnezone|atk|1\n|\n|upkeep\n|turn|17\n|\n|t:|1651610511\n|move|p1a: Landorus|Earthquake|p2a: Magnezone\n|-supereffective|p2a: Magnezone\n|-damage|p2a: Magnezone|0 fnt\n|faint|p2a: Magnezone\n|\n|-fieldend|move: Electric Terrain\n|upkeep\n|\n|t:|1651610516\n|switch|p2a: Mawile|Mawile-Mega, F|99\/100\n|turn|18\n|\n|t:|1651610519\n|move|p1a: Landorus|Earthquake|p2a: Mawile\n|-supereffective|p2a: Mawile\n|-damage|p2a: Mawile|0 fnt\n|faint|p2a: Mawile\n|\n|upkeep\n|-message|yovan33321 forfeited.\n|\n|win|LudwigFrog\n|c|\u2606LudwigFrog|gg\n","uploadtime":1651610524,"views":23,"p1id":"ludwigfrog","p2id":"yovan33321","formatid":"gen7ou","rating":0,"private":0,"password":null}