{"id":"smogtours-gen8monotype-626074","p1":"Sp0onl0rd","p2":"Isza","format":"gen8monotype","log":"|inactive|Battle timer is ON: inactive players will automatically lose when time's up.\n|t:|1652551166\n|gametype|singles\n|player|p1|Sp0onl0rd|102|\n|player|p2|Isza|iris-gen5bw2|\n|teamsize|p1|6\n|teamsize|p2|6\n|gen|8\n|tier|[Gen 8] Monotype\n|rule|Same Type Clause: Pok\u00e9mon in a team must share a type\n|rule|Sleep Clause Mod: Limit one foe put to sleep\n|rule|Species Clause: Limit one of each Pok\u00e9mon\n|rule|OHKO Clause: OHKO moves are banned\n|rule|Evasion Moves Clause: Evasion moves are banned\n|rule|Endless Battle Clause: Forcing endless battles is banned\n|rule|HP Percentage Mod: HP is shown in percentages\n|rule|Dynamax Clause: You cannot dynamax\n|clearpoke\n|poke|p1|Volcarona, M|\n|poke|p1|Blacephalon|\n|poke|p1|Victini|\n|poke|p1|Volcanion|\n|poke|p1|Heatran, M|\n|poke|p1|Cinderace, M|\n|poke|p2|Amoonguss, M|\n|poke|p2|Skuntank, M|\n|poke|p2|Toxapex, M|\n|poke|p2|Slowking-Galar, M|\n|poke|p2|Weezing-Galar, M|\n|poke|p2|Nihilego|\n|teampreview\n|inactive|Sp0onl0rd also wants the timer to be on.\n|inactive|Sp0onl0rd no longer wants the timer on, but the timer is staying on because staff still does.\n|c|\u2606Isza|Hf\n|c|\u2606Sp0onl0rd|u2\n|c|+felines|omg?\n|c|+armin|GO ISZA\n|inactive|Sp0onl0rd has 270 seconds left.\n|inactive|Isza has 270 seconds left.\n|c|+adem|slay\n|inactive|Isza has 240 seconds left.\n|inactive|Sp0onl0rd has 240 seconds left.\n|\n|t:|1652551261\n|start\n|switch|p1a: Heatran|Heatran, M|100\/100\n|switch|p2a: Nihilego|Nihilego|100\/100\n|-item|p1a: Heatran|Air Balloon\n|turn|1\n|\n|t:|1652551268\n|switch|p2a: Slowking|Slowking-Galar, M|100\/100\n|move|p1a: Heatran|Earth Power|p2a: Slowking\n|-supereffective|p2a: Slowking\n|-damage|p2a: Slowking|77\/100\n|\n|upkeep\n|turn|2\n|\n|t:|1652551280\n|move|p1a: Heatran|Magma Storm|p2a: Slowking|[miss]\n|-miss|p1a: Heatran|p2a: Slowking\n|move|p2a: Slowking|Psychic|p1a: Heatran\n|-resisted|p1a: Heatran\n|-damage|p1a: Heatran|85\/100\n|-enditem|p1a: Heatran|Air Balloon\n|\n|upkeep\n|turn|3\n|\n|t:|1652551289\n|switch|p1a: Victini|Victini|100\/100\n|move|p2a: Slowking|Earthquake|p1a: Victini\n|-supereffective|p1a: Victini\n|-crit|p1a: Victini\n|-damage|p1a: Victini|53\/100\n|\n|upkeep\n|turn|4\n|\n|t:|1652551305\n|switch|p1a: Heatran|Heatran, M|85\/100\n|switch|p2a: Toxapex|Toxapex, M|100\/100\n|\n|upkeep\n|turn|5\n|\n|t:|1652551310\n|switch|p2a: Slowking|Slowking-Galar, M|100\/100\n|move|p1a: Heatran|Stealth Rock|p2a: Slowking\n|-sidestart|p2: Isza|move: Stealth Rock\n|\n|upkeep\n|turn|6\n|\n|t:|1652551319\n|move|p1a: Heatran|Magma Storm|p2a: Slowking\n|-damage|p2a: Slowking|79\/100\n|-activate|p2a: Slowking|move: Magma Storm|[of] p1a: Heatran\n|move|p2a: Slowking|Earthquake|p1a: Heatran\n|-supereffective|p1a: Heatran\n|-damage|p1a: Heatran|19\/100\n|\n|-damage|p2a: Slowking|66\/100|[from] move: Magma Storm|[partiallytrapped]\n|upkeep\n|turn|7\n|\n|t:|1652551322\n|move|p1a: Heatran|Earth Power|p2a: Slowking\n|-supereffective|p2a: Slowking\n|-damage|p2a: Slowking|41\/100\n|move|p2a: Slowking|Earthquake|p1a: Heatran\n|-supereffective|p1a: Heatran\n|-damage|p1a: Heatran|0 fnt\n|faint|p1a: Heatran\n|\n|-end|p2a: Slowking|Magma Storm|[partiallytrapped]|[silent]\n|upkeep\n|\n|t:|1652551324\n|switch|p1a: Victini|Victini|53\/100\n|turn|8\n|\n|t:|1652551329\n|switch|p2a: Amoonguss|Amoonguss, M|100\/100\n|move|p1a: Victini|Bolt Strike|p2a: Amoonguss\n|-resisted|p2a: Amoonguss\n|-damage|p2a: Amoonguss|82\/100\n|\n|upkeep\n|turn|9\n|\n|t:|1652551334\n|switch|p1a: Cinderace|Cinderace, M|100\/100\n|move|p2a: Amoonguss|Spore|p1a: Cinderace\n|-status|p1a: Cinderace|slp|[from] move: Spore\n|\n|upkeep\n|turn|10\n|\n|t:|1652551340\n|switch|p1a: Volcanion|Volcanion|100\/100\n|switch|p2a: Weezing|Weezing-Galar, M|100\/100\n|-damage|p2a: Weezing|88\/100|[from] Stealth Rock\n|\n|-heal|p2a: Weezing|94\/100|[from] item: Black Sludge\n|upkeep\n|turn|11\n|\n|t:|1652551343\n|move|p1a: Volcanion|Steam Eruption|p2a: Weezing\n|-damage|p2a: Weezing|12\/100\n|-status|p2a: Weezing|brn\n|move|p2a: Weezing|Defog|p1a: Volcanion\n|-unboost|p1a: Volcanion|evasion|1\n|-sideend|p2: Isza|Stealth Rock|[from] move: Defog|[of] p2a: Weezing\n|\n|-heal|p2a: Weezing|18\/100 brn|[from] item: Black Sludge\n|-damage|p2a: Weezing|12\/100 brn|[from] brn\n|upkeep\n|turn|12\n|\n|t:|1652551349\n|switch|p1a: Victini|Victini|53\/100\n|switch|p2a: Toxapex|Toxapex, M|100\/100\n|\n|upkeep\n|turn|13\n|\n|t:|1652551356\n|move|p1a: Victini|U-turn|p2a: Toxapex\n|-resisted|p2a: Toxapex\n|-damage|p2a: Toxapex|91\/100\n|\n|t:|1652551358\n|switch|p1a: Cinderace|Cinderace, M|100\/100 slp|[from]move: U-turn\n|move|p2a: Toxapex|Scald|p1a: Cinderace\n|-supereffective|p1a: Cinderace\n|-damage|p1a: Cinderace|53\/100 slp\n|\n|upkeep\n|turn|14\n|\n|t:|1652551366\n|switch|p1a: Volcanion|Volcanion|100\/100\n|move|p2a: Toxapex|Scald|p1a: Volcanion\n|-immune|p1a: Volcanion|[from] ability: Water Absorb\n|\n|upkeep\n|turn|15\n|\n|t:|1652551373\n|move|p1a: Volcanion|Earth Power|p2a: Toxapex\n|-supereffective|p2a: Toxapex\n|-enditem|p2a: Toxapex|Shuca Berry|[eat]\n|-enditem|p2a: Toxapex|Shuca Berry|[weaken]\n|-damage|p2a: Toxapex|66\/100\n|move|p2a: Toxapex|Toxic|p1a: Volcanion\n|-status|p1a: Volcanion|tox\n|\n|-damage|p1a: Volcanion|95\/100 tox|[from] psn\n|upkeep\n|turn|16\n|\n|t:|1652551400\n|switch|p1a: Blacephalon|Blacephalon|100\/100\n|switch|p2a: Weezing|Weezing-Galar, M|12\/100 brn\n|\n|-heal|p2a: Weezing|18\/100 brn|[from] item: Black Sludge\n|-damage|p2a: Weezing|12\/100 brn|[from] brn\n|upkeep\n|turn|17\n|\n|t:|1652551405\n|switch|p2a: Slowking|Slowking-Galar, M|74\/100\n|move|p1a: Blacephalon|Shadow Ball|p2a: Slowking\n|-supereffective|p2a: Slowking\n|-damage|p2a: Slowking|38\/100\n|\n|upkeep\n|turn|18\n|\n|t:|1652551416\n|switch|p2a: Skuntank|Skuntank, M|100\/100\n|move|p1a: Blacephalon|Shadow Ball|p2a: Skuntank\n|-resisted|p2a: Skuntank\n|-damage|p2a: Skuntank|81\/100\n|\n|-heal|p2a: Skuntank|87\/100|[from] item: Black Sludge\n|upkeep\n|turn|19\n|\n|t:|1652551422\n|switch|p1a: Volcanion|Volcanion|95\/100 tox\n|move|p2a: Skuntank|Crunch|p1a: Volcanion\n|-damage|p1a: Volcanion|71\/100 tox\n|\n|-heal|p2a: Skuntank|94\/100|[from] item: Black Sludge\n|-damage|p1a: Volcanion|65\/100 tox|[from] psn\n|upkeep\n|turn|20\n|\n|t:|1652551426\n|switch|p1a: Victini|Victini|53\/100\n|switch|p2a: Toxapex|Toxapex, M|99\/100\n|\n|upkeep\n|turn|21\n|\n|t:|1652551436\n|move|p1a: Victini|Trick|p2a: Toxapex\n|-activate|p1a: Victini|move: Trick|[of] p2a: Toxapex\n|-item|p2a: Toxapex|Choice Band|[from] move: Trick\n|-enditem|p1a: Victini|Choice Band|[silent]|[from] move: Trick\n|move|p2a: Toxapex|Toxic|p1a: Victini\n|-status|p1a: Victini|tox\n|\n|-damage|p1a: Victini|47\/100 tox|[from] psn\n|upkeep\n|turn|22\n|\n|t:|1652551440\n|switch|p2a: Amoonguss|Amoonguss, M|100\/100\n|move|p1a: Victini|Bolt Strike|p2a: Amoonguss\n|-resisted|p2a: Amoonguss\n|-damage|p2a: Amoonguss|88\/100\n|-status|p2a: Amoonguss|par\n|\n|-damage|p1a: Victini|35\/100 tox|[from] psn\n|upkeep\n|turn|23\n|\n|t:|1652551448\n|switch|p2a: Weezing|Weezing-Galar, M|12\/100 brn\n|move|p1a: Victini|U-turn|p2a: Weezing\n|-resisted|p2a: Weezing\n|-damage|p2a: Weezing|9\/100 brn\n|\n|t:|1652551451\n|switch|p1a: Volcarona|Volcarona, M|100\/100|[from]move: U-turn\n|\n|-heal|p2a: Weezing|15\/100 brn|[from] item: Black Sludge\n|-damage|p2a: Weezing|9\/100 brn|[from] brn\n|upkeep\n|turn|24\n|\n|t:|1652551463\n|switch|p2a: Nihilego|Nihilego|100\/100\n|move|p1a: Volcarona|Substitute|p1a: Volcarona\n|-start|p1a: Volcarona|Substitute\n|-damage|p1a: Volcarona|76\/100\n|\n|upkeep\n|turn|25\n|\n|t:|1652551467\n|move|p2a: Nihilego|Power Gem|p1a: Volcarona\n|-supereffective|p1a: Volcarona\n|-end|p1a: Volcarona|Substitute\n|move|p1a: Volcarona|Psychic|p2a: Nihilego\n|-supereffective|p2a: Nihilego\n|-damage|p2a: Nihilego|54\/100\n|\n|upkeep\n|turn|26\n|\n|t:|1652551486\n|switch|p1a: Victini|Victini|35\/100 tox\n|move|p2a: Nihilego|Power Gem|p1a: Victini\n|-supereffective|p1a: Victini\n|-damage|p1a: Victini|0 fnt\n|faint|p1a: Victini\n|-ability|p2a: Nihilego|Beast Boost|boost\n|-boost|p2a: Nihilego|spe|1\n|\n|upkeep\n|\n|t:|1652551492\n|switch|p1a: Cinderace|Cinderace, M|53\/100 slp\n|turn|27\n|\n|t:|1652551496\n|cant|p1a: Cinderace|slp\n|move|p2a: Nihilego|Power Gem|p1a: Cinderace\n|-supereffective|p1a: Cinderace\n|-damage|p1a: Cinderace|0 fnt\n|faint|p1a: Cinderace\n|-ability|p2a: Nihilego|Beast Boost|boost\n|-boost|p2a: Nihilego|spe|1\n|\n|upkeep\n|\n|t:|1652551497\n|switch|p1a: Blacephalon|Blacephalon|100\/100\n|turn|28\n|\n|t:|1652551500\n|move|p2a: Nihilego|Power Gem|p1a: Blacephalon\n|-supereffective|p1a: Blacephalon\n|-damage|p1a: Blacephalon|0 fnt\n|faint|p1a: Blacephalon\n|-ability|p2a: Nihilego|Beast Boost|boost\n|-boost|p2a: Nihilego|spe|1\n|\n|upkeep\n|c|\u2606Isza|Gg\n|\n|t:|1652551504\n|switch|p1a: Volcarona|Volcarona, M|76\/100\n|turn|29\n|c|\u2606Sp0onl0rd|gg\n|-message|Sp0onl0rd forfeited.\n|\n|win|Isza\n","uploadtime":1652551509,"views":53,"p1id":"sp0onl0rd","p2id":"isza","formatid":"gen8monotype","rating":0,"private":0,"password":null}