{"id":"smogtours-gen7ou-647868","p1":"Navys_1","p2":"aldi supermarket","format":"gen7ou","log":"|inactive|Battle timer is ON: inactive players will automatically lose when time's up.\n|t:|1662915740\n|gametype|singles\n|player|p1|Navys_1|pokemaniac|\n|player|p2|aldi supermarket|hoopster|\n|teamsize|p1|6\n|teamsize|p2|6\n|gen|7\n|tier|[Gen 7] OU\n|rule|Sleep Clause Mod: Limit one foe put to sleep\n|rule|Species Clause: Limit one of each Pok\u00e9mon\n|rule|OHKO Clause: OHKO moves are banned\n|rule|Moody Clause: Moody is banned\n|rule|Evasion Items Clause: Evasion items are banned\n|rule|Evasion Moves Clause: Evasion moves are banned\n|rule|Endless Battle Clause: Forcing endless battles is banned\n|rule|HP Percentage Mod: HP is shown in percentages\n|clearpoke\n|poke|p1|Swampert, F|item\n|poke|p1|Tornadus-Therian, M|item\n|poke|p1|Greninja, M|item\n|poke|p1|Ferrothorn, M|item\n|poke|p1|Manaphy|item\n|poke|p1|Pelipper, F|item\n|poke|p2|Mawile, M|item\n|poke|p2|Victini|item\n|poke|p2|Tangrowth, M|item\n|poke|p2|Tornadus-Therian, M|item\n|poke|p2|Garchomp, M|item\n|poke|p2|Chansey, F|item\n|teampreview\n|c|\u2606aldi supermarket|hf\n|c|\u2606Navys_1|hf\n|inactive|aldi supermarket has 270 seconds left.\n|inactive|aldi supermarket has 240 seconds left.\n|inactive|aldi supermarket has 210 seconds left.\n|inactive|aldi supermarket has 180 seconds left.\n|\n|t:|1662915867\n|start\n|switch|p1a: Pelipper|Pelipper, F|100\/100\n|switch|p2a: Victini|Victini|100\/100\n|-weather|RainDance|[from] ability: Drizzle|[of] p1a: Pelipper\n|turn|1\n|\n|t:|1662915876\n|switch|p1a: Swampert|Swampert, F|100\/100\n|move|p2a: Victini|Final Gambit|p1a: Swampert\n|-damage|p1a: Swampert|0 fnt\n|faint|p2a: Victini\n|faint|p1a: Swampert\n|\n|-weather|RainDance|[upkeep]\n|upkeep\n|inactive|aldi supermarket has 240 seconds left.\n|inactive|aldi supermarket has 210 seconds left.\n|\n|t:|1662915926\n|switch|p2a: Garchomp|Garchomp, M|100\/100\n|switch|p1a: Tornadus|Tornadus-Therian, M|100\/100\n|turn|2\n|inactive|aldi supermarket has 210 seconds left.\n|inactive|aldi supermarket has 180 seconds left.\n|\n|t:|1662915970\n|move|p1a: Tornadus|Taunt|p2a: Garchomp\n|-start|p2a: Garchomp|move: Taunt\n|-zpower|p2a: Garchomp\n|move|p2a: Garchomp|Devastating Drake|p1a: Tornadus|[zeffect]\n|-damage|p1a: Tornadus|0 fnt\n|faint|p1a: Tornadus\n|\n|-weather|RainDance|[upkeep]\n|upkeep\n|\n|t:|1662915984\n|switch|p1a: Manaphy|Manaphy|100\/100\n|turn|3\n|inactive|aldi supermarket has 180 seconds left.\n|\n|t:|1662916012\n|move|p2a: Garchomp|Outrage|p1a: Manaphy\n|-damage|p1a: Manaphy|43\/100\n|move|p1a: Manaphy|Tail Glow|p1a: Manaphy\n|-boost|p1a: Manaphy|spa|3\n|\n|-weather|RainDance|[upkeep]\n|upkeep\n|turn|4\n|\n|t:|1662916020\n|switch|p1a: Ferrothorn|Ferrothorn, M|100\/100\n|move|p2a: Garchomp|Outrage|p1a: Ferrothorn|[from]lockedmove\n|-resisted|p1a: Ferrothorn\n|-crit|p1a: Ferrothorn\n|-damage|p1a: Ferrothorn|67\/100\n|-damage|p2a: Garchomp|88\/100|[from] ability: Iron Barbs|[of] p1a: Ferrothorn\n|-start|p2a: Garchomp|confusion|[fatigue]\n|\n|-weather|RainDance|[upkeep]\n|-heal|p1a: Ferrothorn|74\/100|[from] item: Leftovers\n|-end|p2a: Garchomp|move: Taunt\n|upkeep\n|turn|5\n|inactive|aldi supermarket has 180 seconds left.\n|\n|t:|1662916040\n|switch|p2a: Mawile|Mawile, M|100\/100\n|-ability|p2a: Mawile|Intimidate|boost\n|-unboost|p1a: Ferrothorn|atk|1\n|move|p1a: Ferrothorn|Stealth Rock|p2a: Mawile\n|-sidestart|p2: aldi supermarket|move: Stealth Rock\n|\n|-weather|RainDance|[upkeep]\n|-heal|p1a: Ferrothorn|80\/100|[from] item: Leftovers\n|upkeep\n|turn|6\n|\n|t:|1662916052\n|switch|p1a: Pelipper|Pelipper, F|100\/100\n|detailschange|p2a: Mawile|Mawile-Mega, M\n|-mega|p2a: Mawile|Mawile|Mawilite\n|move|p2a: Mawile|Substitute|p2a: Mawile\n|-start|p2a: Mawile|Substitute\n|-damage|p2a: Mawile|76\/100\n|\n|-weather|RainDance|[upkeep]\n|upkeep\n|turn|7\n|\n|t:|1662916057\n|move|p2a: Mawile|Thunder Punch|p1a: Pelipper\n|-supereffective|p1a: Pelipper\n|-damage|p1a: Pelipper|0 fnt\n|faint|p1a: Pelipper\n|\n|-weather|RainDance|[upkeep]\n|upkeep\n|\n|t:|1662916063\n|switch|p1a: Manaphy|Manaphy|43\/100\n|turn|8\n|\n|t:|1662916069\n|move|p1a: Manaphy|Surf|p2a: Mawile\n|-end|p2a: Mawile|Substitute\n|move|p2a: Mawile|Thunder Punch|p1a: Manaphy\n|-supereffective|p1a: Manaphy\n|-damage|p1a: Manaphy|0 fnt\n|faint|p1a: Manaphy\n|\n|-weather|none\n|upkeep\n|\n|t:|1662916074\n|switch|p1a: Greninja|Greninja, M|100\/100\n|turn|9\n|\n|t:|1662916087\n|switch|p2a: Chansey|Chansey, F|100\/100\n|-damage|p2a: Chansey|88\/100|[from] Stealth Rock\n|move|p1a: Greninja|Surf|p2a: Chansey\n|-damage|p2a: Chansey|71\/100\n|\n|upkeep\n|turn|10\n|\n|t:|1662916093\n|switch|p1a: Ferrothorn|Ferrothorn, M|80\/100\n|move|p2a: Chansey|Soft-Boiled|p2a: Chansey\n|-heal|p2a: Chansey|100\/100\n|\n|-heal|p1a: Ferrothorn|86\/100|[from] item: Leftovers\n|upkeep\n|turn|11\n|\n|t:|1662916097\n|switch|p2a: Tornadus|Tornadus-Therian, M|100\/100\n|-damage|p2a: Tornadus|76\/100|[from] Stealth Rock\n|move|p1a: Ferrothorn|Spikes|p2a: Tornadus\n|-sidestart|p2: aldi supermarket|Spikes\n|\n|-heal|p1a: Ferrothorn|92\/100|[from] item: Leftovers\n|upkeep\n|turn|12\n|\n|t:|1662916100\n|move|p2a: Tornadus|Defog|p1a: Ferrothorn\n|-unboost|p1a: Ferrothorn|evasion|1\n|-sideend|p2: aldi supermarket|Spikes|[from] move: Defog|[of] p2a: Tornadus\n|-sideend|p2: aldi supermarket|Stealth Rock|[from] move: Defog|[of] p2a: Tornadus\n|move|p1a: Ferrothorn|Gyro Ball|p2a: Tornadus\n|-damage|p2a: Tornadus|12\/100\n|\n|-heal|p1a: Ferrothorn|99\/100|[from] item: Leftovers\n|upkeep\n|turn|13\n|\n|t:|1662916119\n|move|p2a: Tornadus|Hurricane|p1a: Ferrothorn\n|-damage|p1a: Ferrothorn|70\/100\n|move|p1a: Ferrothorn|Stealth Rock|p2a: Tornadus\n|-sidestart|p2: aldi supermarket|move: Stealth Rock\n|\n|-heal|p1a: Ferrothorn|76\/100|[from] item: Leftovers\n|upkeep\n|turn|14\n|\n|t:|1662916129\n|move|p2a: Tornadus|Hurricane|p1a: Ferrothorn\n|-damage|p1a: Ferrothorn|41\/100\n|move|p1a: Ferrothorn|Gyro Ball|p2a: Tornadus\n|-damage|p2a: Tornadus|0 fnt\n|faint|p2a: Tornadus\n|\n|-heal|p1a: Ferrothorn|47\/100|[from] item: Leftovers\n|upkeep\n|\n|t:|1662916142\n|switch|p2a: Garchomp|Garchomp, M|88\/100\n|-damage|p2a: Garchomp|82\/100|[from] Stealth Rock\n|turn|15\n|\n|t:|1662916146\n|move|p2a: Garchomp|Earthquake|p1a: Ferrothorn\n|-damage|p1a: Ferrothorn|10\/100\n|move|p1a: Ferrothorn|Spikes|p2a: Garchomp\n|-sidestart|p2: aldi supermarket|Spikes\n|\n|-heal|p1a: Ferrothorn|16\/100|[from] item: Leftovers\n|upkeep\n|turn|16\n|\n|t:|1662916151\n|move|p2a: Garchomp|Earthquake|p1a: Ferrothorn\n|-damage|p1a: Ferrothorn|0 fnt\n|faint|p1a: Ferrothorn\n|\n|upkeep\n|\n|t:|1662916153\n|switch|p1a: Greninja|Greninja, M|100\/100\n|turn|17\n|inactive|aldi supermarket has 240 seconds left.\n|\n|t:|1662916171\n|move|p1a: Greninja|Ice Beam|p2a: Garchomp\n|-supereffective|p2a: Garchomp\n|-damage|p2a: Garchomp|0 fnt\n|faint|p2a: Garchomp\n|-activate|p1a: Greninja|ability: Battle Bond\n|detailschange|p1a: Greninja|Greninja-Ash, M\n|\n|upkeep\n|inactive|aldi supermarket has 240 seconds left.\n|\n|t:|1662916199\n|switch|p2a: Mawile|Mawile-Mega, M|76\/100\n|-damage|p2a: Mawile|69\/100|[from] Stealth Rock\n|-damage|p2a: Mawile|57\/100|[from] Spikes\n|turn|18\n|\n|t:|1662916219\n|move|p1a: Greninja|Ice Beam|p2a: Mawile\n|-resisted|p2a: Mawile\n|-damage|p2a: Mawile|20\/100\n|move|p2a: Mawile|Thunder Punch|p1a: Greninja\n|-supereffective|p1a: Greninja\n|-damage|p1a: Greninja|0 fnt\n|faint|p1a: Greninja\n|\n|win|aldi supermarket\n","uploadtime":1662916220,"views":23,"p1id":"navys1","p2id":"aldisupermarket","formatid":"gen7ou","rating":0,"private":0,"password":null}