{"id":"smogtours-gen8uu-654751","p1":"F a k e e","p2":"pdt","format":"gen8uu","log":"|inactive|Battle timer is ON: inactive players will automatically lose when time's up.\n|t:|1665795702\n|gametype|singles\n|player|p1|F a k e e|#scl2breakers|\n|player|p2|pdt|266|\n|teamsize|p1|6\n|teamsize|p2|6\n|gen|8\n|tier|[Gen 8] UU\n|rule|Sleep Clause Mod: Limit one foe put to sleep\n|rule|Species Clause: Limit one of each Pok\u00e9mon\n|rule|OHKO Clause: OHKO moves are banned\n|rule|Evasion Items Clause: Evasion items are banned\n|rule|Evasion Moves Clause: Evasion moves are banned\n|rule|Endless Battle Clause: Forcing endless battles is banned\n|rule|HP Percentage Mod: HP is shown in percentages\n|rule|Dynamax Clause: You cannot dynamax\n|clearpoke\n|poke|p1|Politoed, M|\n|poke|p1|Amoonguss, M|\n|poke|p1|Tornadus, M|\n|poke|p1|Kingdra, M|\n|poke|p1|Seismitoad, M|\n|poke|p1|Excadrill, M|\n|poke|p2|Slowbro-Galar, F|\n|poke|p2|Rotom-Wash|\n|poke|p2|Diggersby, F|\n|poke|p2|Cobalion|\n|poke|p2|Zarude|\n|poke|p2|Primarina, M|\n|teampreview\n|raw|<div class=\"broadcast-red\"><strong>Moderated chat was set to \u2606!<\/strong><br \/>Only users of rank \u2606 and higher can talk.<\/div>\n|c|\u2606pdt|hf\n|c|\u2606F a k e e|hf\n|inactive|F a k e e has 270 seconds left.\n|inactive|pdt has 270 seconds left.\n|inactive|F a k e e has 240 seconds left.\n|\n|t:|1665795779\n|start\n|switch|p1a: Nalo|Excadrill, M, shiny|100\/100\n|switch|p2a: Need It|Cobalion|100\/100\n|-ability|p1a: Nalo|Mold Breaker\n|turn|1\n|\n|t:|1665795797\n|switch|p1a: Carlos|Amoonguss, M, shiny|100\/100\n|move|p2a: Need It|Close Combat|p1a: Carlos\n|-resisted|p1a: Carlos\n|-damage|p1a: Carlos|82\/100\n|-unboost|p2a: Need It|def|1\n|-unboost|p2a: Need It|spd|1\n|-enditem|p1a: Carlos|Eject Button\n|\n|t:|1665795800\n|switch|p1a: TOMSON|Tornadus, M, shiny|100\/100\n|\n|upkeep\n|turn|2\n|\n|t:|1665795805\n|switch|p2a: Vex Oh|Rotom-Wash|100\/100\n|move|p1a: TOMSON|U-turn|p2a: Vex Oh\n|-damage|p2a: Vex Oh|82\/100\n|\n|t:|1665795808\n|switch|p1a: Nalo|Excadrill, M, shiny|100\/100|[from]move: U-turn\n|-ability|p1a: Nalo|Mold Breaker\n|\n|-heal|p2a: Vex Oh|88\/100|[from] item: Leftovers\n|upkeep\n|turn|3\n|\n|t:|1665795818\n|switch|p2a: Need It|Cobalion|100\/100\n|move|p1a: Nalo|Stealth Rock|p2a: Need It\n|-sidestart|p2: pdt|move: Stealth Rock\n|\n|upkeep\n|turn|4\n|\n|t:|1665795847\n|switch|p1a: sagiri|Politoed, M, shiny|100\/100\n|-weather|RainDance|[from] ability: Drizzle|[of] p1a: sagiri\n|move|p2a: Need It|Stealth Rock|p1a: sagiri\n|-sidestart|p1: F a k e e|move: Stealth Rock\n|\n|-weather|RainDance|[upkeep]\n|upkeep\n|turn|5\n|inactive|F a k e e has 270 seconds left.\n|\n|t:|1665795871\n|move|p2a: Need It|Close Combat|p1a: sagiri\n|-damage|p1a: sagiri|61\/100\n|-unboost|p2a: Need It|def|1\n|-unboost|p2a: Need It|spd|1\n|move|p1a: sagiri|Scald|p2a: Need It\n|-damage|p2a: Need It|25\/100\n|\n|-weather|RainDance|[upkeep]\n|upkeep\n|turn|6\n|\n|t:|1665795878\n|switch|p2a: Go DJ|Zarude|100\/100\n|switch|p1a: Carlos|Amoonguss, M, shiny|100\/100\n|-damage|p1a: Carlos|88\/100|[from] Stealth Rock\n|\n|-weather|RainDance|[upkeep]\n|upkeep\n|turn|7\n|\n|t:|1665795885\n|move|p2a: Go DJ|U-turn|p1a: Carlos\n|-damage|p1a: Carlos|71\/100\n|\n|t:|1665795888\n|switch|p2a: Need It|Cobalion|25\/100|[from]move: U-turn\n|-damage|p2a: Need It|22\/100|[from] Stealth Rock\n|move|p1a: Carlos|Spore|p2a: Need It\n|-status|p2a: Need It|slp|[from] move: Spore\n|\n|-weather|RainDance|[upkeep]\n|upkeep\n|turn|8\n|\n|t:|1665795898\n|switch|p2a: Vex Oh|Rotom-Wash|88\/100\n|-damage|p2a: Vex Oh|76\/100|[from] Stealth Rock\n|switch|p1a: DAUNT|Seismitoad, M, shiny|100\/100\n|-damage|p1a: DAUNT|95\/100|[from] Stealth Rock\n|\n|-weather|RainDance|[upkeep]\n|-heal|p2a: Vex Oh|82\/100|[from] item: Leftovers\n|upkeep\n|turn|9\n|inactive|F a k e e has 270 seconds left.\n|inactive|pdt has 270 seconds left.\n|\n|t:|1665795953\n|switch|p2a: Go DJ|Zarude|100\/100\n|move|p1a: DAUNT|Power Whip|p2a: Go DJ\n|-resisted|p2a: Go DJ\n|-damage|p2a: Go DJ|80\/100\n|-damage|p1a: DAUNT|85\/100|[from] item: Life Orb\n|\n|-weather|RainDance|[upkeep]\n|upkeep\n|turn|10\n|inactive|pdt has 270 seconds left.\n|\n|t:|1665795968\n|switch|p1a: Carlos|Amoonguss, M, shiny|100\/100\n|-damage|p1a: Carlos|88\/100|[from] Stealth Rock\n|move|p2a: Go DJ|U-turn|p1a: Carlos\n|-damage|p1a: Carlos|71\/100\n|\n|t:|1665795971\n|switch|p2a: The Worst In Me|Slowbro-Galar, F|100\/100|[from]move: U-turn\n|-damage|p2a: The Worst In Me|88\/100|[from] Stealth Rock\n|\n|-weather|RainDance|[upkeep]\n|upkeep\n|turn|11\n|\n|t:|1665795980\n|switch|p1a: Nalo|Excadrill, M, shiny|100\/100\n|-damage|p1a: Nalo|97\/100|[from] Stealth Rock\n|-ability|p1a: Nalo|Mold Breaker\n|move|p2a: The Worst In Me|Nasty Plot|p2a: The Worst In Me\n|-boost|p2a: The Worst In Me|spa|2\n|\n|-weather|none\n|-heal|p1a: Nalo|100\/100|[from] item: Leftovers\n|upkeep\n|turn|12\n|inactive|F a k e e has 270 seconds left.\n|inactive|F a k e e has 240 seconds left.\n|inactive|F a k e e has 210 seconds left.\n|inactive|F a k e e has 180 seconds left.\n|\n|t:|1665796084\n|switch|p1a: DAUNT|Seismitoad, M, shiny|85\/100\n|-damage|p1a: DAUNT|79\/100|[from] Stealth Rock\n|move|p2a: The Worst In Me|Scald|p1a: DAUNT\n|-damage|p1a: DAUNT|35\/100\n|-status|p1a: DAUNT|brn\n|\n|-damage|p1a: DAUNT|29\/100 brn|[from] brn\n|upkeep\n|turn|13\n|inactive|F a k e e has 180 seconds left.\n|\n|t:|1665796109\n|switch|p2a: Go DJ|Zarude|80\/100\n|move|p1a: DAUNT|Earthquake|p2a: Go DJ\n|-resisted|p2a: Go DJ\n|-damage|p2a: Go DJ|67\/100\n|-damage|p1a: DAUNT|19\/100 brn|[from] item: Life Orb\n|\n|-damage|p1a: DAUNT|13\/100 brn|[from] brn\n|upkeep\n|turn|14\n|\n|t:|1665796113\n|move|p2a: Go DJ|U-turn|p1a: DAUNT\n|-damage|p1a: DAUNT|0 fnt\n|faint|p1a: DAUNT\n|\n|t:|1665796122\n|switch|p2a: Gray Area|Diggersby, F|100\/100|[from]move: U-turn\n|-damage|p2a: Gray Area|94\/100|[from] Stealth Rock\n|\n|upkeep\n|\n|t:|1665796127\n|switch|p1a: Carlos|Amoonguss, M, shiny|100\/100\n|-damage|p1a: Carlos|88\/100|[from] Stealth Rock\n|turn|15\n|\n|t:|1665796135\n|move|p2a: Gray Area|U-turn|p1a: Carlos\n|-damage|p1a: Carlos|63\/100\n|\n|t:|1665796137\n|switch|p2a: The Worst In Me|Slowbro-Galar, F|100\/100|[from]move: U-turn\n|-damage|p2a: The Worst In Me|88\/100|[from] Stealth Rock\n|move|p1a: Carlos|Foul Play|p2a: The Worst In Me\n|-supereffective|p2a: The Worst In Me\n|-damage|p2a: The Worst In Me|65\/100\n|\n|upkeep\n|turn|16\n|\n|t:|1665796141\n|switch|p1a: Nalo|Excadrill, M, shiny|100\/100\n|-damage|p1a: Nalo|97\/100|[from] Stealth Rock\n|-ability|p1a: Nalo|Mold Breaker\n|move|p2a: The Worst In Me|Nasty Plot|p2a: The Worst In Me\n|-boost|p2a: The Worst In Me|spa|2\n|\n|-heal|p1a: Nalo|100\/100|[from] item: Leftovers\n|upkeep\n|turn|17\n|inactive|F a k e e has 210 seconds left.\n|\n|t:|1665796174\n|move|p1a: Nalo|Iron Head|p2a: The Worst In Me\n|-damage|p2a: The Worst In Me|42\/100\n|move|p2a: The Worst In Me|Scald|p1a: Nalo\n|-supereffective|p1a: Nalo\n|-damage|p1a: Nalo|33\/100\n|\n|-heal|p1a: Nalo|40\/100|[from] item: Leftovers\n|upkeep\n|turn|18\n|inactive|F a k e e has 180 seconds left.\n|\n|t:|1665796190\n|move|p1a: Nalo|Rapid Spin|p2a: The Worst In Me\n|-damage|p2a: The Worst In Me|31\/100\n|-boost|p1a: Nalo|spe|1\n|-sideend|p1: F a k e e|Stealth Rock|[from] move: Rapid Spin|[of] p1a: Nalo\n|move|p2a: The Worst In Me|Scald|p1a: Nalo\n|-supereffective|p1a: Nalo\n|-damage|p1a: Nalo|0 fnt\n|faint|p1a: Nalo\n|\n|upkeep\n|inactive|F a k e e has 180 seconds left.\n|\n|t:|1665796197\n|switch|p1a: sagiri|Politoed, M, shiny|61\/100\n|-weather|RainDance|[from] ability: Drizzle|[of] p1a: sagiri\n|turn|19\n|inactive|F a k e e has 180 seconds left.\n|\n|t:|1665796212\n|switch|p2a: Go DJ|Zarude|67\/100\n|move|p1a: sagiri|Scald|p2a: Go DJ\n|-resisted|p2a: Go DJ\n|-damage|p2a: Go DJ|46\/100\n|-status|p2a: Go DJ|brn\n|\n|-weather|RainDance|[upkeep]\n|-damage|p2a: Go DJ|40\/100 brn|[from] brn\n|upkeep\n|turn|20\n|\n|t:|1665796218\n|switch|p1a: TOMSON|Tornadus, M, shiny|100\/100\n|move|p2a: Go DJ|U-turn|p1a: TOMSON\n|-resisted|p1a: TOMSON\n|-damage|p1a: TOMSON|92\/100\n|\n|t:|1665796224\n|switch|p2a: Vex Oh|Rotom-Wash|82\/100|[from]move: U-turn\n|-damage|p2a: Vex Oh|69\/100|[from] Stealth Rock\n|\n|-weather|RainDance|[upkeep]\n|-heal|p2a: Vex Oh|75\/100|[from] item: Leftovers\n|upkeep\n|turn|21\n|\n|t:|1665796230\n|move|p1a: TOMSON|U-turn|p2a: Vex Oh\n|-damage|p2a: Vex Oh|57\/100\n|\n|t:|1665796231\n|switch|p1a: Carlos|Amoonguss, M, shiny|96\/100|[from]move: U-turn\n|move|p2a: Vex Oh|Hydro Pump|p1a: Carlos\n|-resisted|p1a: Carlos\n|-damage|p1a: Carlos|68\/100\n|\n|-weather|RainDance|[upkeep]\n|-heal|p2a: Vex Oh|63\/100|[from] item: Leftovers\n|upkeep\n|turn|22\n|\n|t:|1665796238\n|move|p2a: Vex Oh|Volt Switch|p1a: Carlos\n|-resisted|p1a: Carlos\n|-damage|p1a: Carlos|56\/100\n|\n|t:|1665796240\n|switch|p2a: The Worst In Me|Slowbro-Galar, F|65\/100|[from]move: Volt Switch\n|-damage|p2a: The Worst In Me|52\/100|[from] Stealth Rock\n|move|p1a: Carlos|Foul Play|p2a: The Worst In Me\n|-supereffective|p2a: The Worst In Me\n|-damage|p2a: The Worst In Me|29\/100\n|\n|-weather|RainDance|[upkeep]\n|upkeep\n|turn|23\n|\n|t:|1665796246\n|switch|p1a: TOMSON|Tornadus, M, shiny|92\/100\n|move|p2a: The Worst In Me|Sludge Bomb|p1a: TOMSON\n|-damage|p1a: TOMSON|48\/100\n|\n|-weather|RainDance|[upkeep]\n|upkeep\n|turn|24\n|\n|t:|1665796252\n|switch|p2a: Go DJ|Zarude|40\/100 brn\n|move|p1a: TOMSON|Hurricane|p2a: Go DJ\n|-supereffective|p2a: Go DJ\n|-damage|p2a: Go DJ|0 fnt\n|faint|p2a: Go DJ\n|\n|-weather|RainDance|[upkeep]\n|upkeep\n|\n|t:|1665796255\n|switch|p2a: Vex Oh|Rotom-Wash|63\/100\n|-damage|p2a: Vex Oh|51\/100|[from] Stealth Rock\n|turn|25\n|inactive|F a k e e has 240 seconds left.\n|\n|t:|1665796283\n|switch|p1a: Carlos|Amoonguss, M, shiny|90\/100\n|move|p2a: Vex Oh|Volt Switch|p1a: Carlos\n|-resisted|p1a: Carlos\n|-damage|p1a: Carlos|77\/100\n|\n|t:|1665796285\n|switch|p2a: The Worst In Me|Slowbro-Galar, F|63\/100|[from]move: Volt Switch\n|-damage|p2a: The Worst In Me|50\/100|[from] Stealth Rock\n|\n|-weather|RainDance|[upkeep]\n|upkeep\n|turn|26\n|inactive|F a k e e has 240 seconds left.\n|\n|t:|1665796307\n|move|p2a: The Worst In Me|Slack Off|p2a: The Worst In Me\n|-heal|p2a: The Worst In Me|99\/100\n|move|p1a: Carlos|Foul Play|p2a: The Worst In Me\n|-supereffective|p2a: The Worst In Me\n|-damage|p2a: The Worst In Me|75\/100\n|\n|-weather|none\n|upkeep\n|turn|27\n|\n|t:|1665796311\n|switch|p1a: sagiri|Politoed, M, shiny|61\/100\n|-weather|RainDance|[from] ability: Drizzle|[of] p1a: sagiri\n|move|p2a: The Worst In Me|Sludge Bomb|p1a: sagiri\n|-damage|p1a: sagiri|36\/100\n|\n|-weather|RainDance|[upkeep]\n|upkeep\n|turn|28\n|inactive|F a k e e has 240 seconds left.\n|\n|t:|1665796327\n|move|p1a: sagiri|Rest|p1a: sagiri\n|-status|p1a: sagiri|slp|[from] move: Rest\n|-heal|p1a: sagiri|100\/100 slp|[silent]\n|move|p2a: The Worst In Me|Sludge Bomb|p1a: sagiri\n|-damage|p1a: sagiri|72\/100 slp\n|\n|-weather|RainDance|[upkeep]\n|upkeep\n|turn|29\n|inactive|F a k e e has 240 seconds left.\n|\n|t:|1665796335\n|switch|p1a: TOMSON|Tornadus, M, shiny|48\/100\n|move|p2a: The Worst In Me|Sludge Bomb|p1a: TOMSON\n|-damage|p1a: TOMSON|7\/100\n|\n|-weather|RainDance|[upkeep]\n|upkeep\n|turn|30\n|\n|t:|1665796351\n|switch|p2a: Vex Oh|Rotom-Wash|51\/100\n|-damage|p2a: Vex Oh|39\/100|[from] Stealth Rock\n|move|p1a: TOMSON|Hurricane|p2a: Vex Oh\n|-resisted|p2a: Vex Oh\n|-damage|p2a: Vex Oh|4\/100\n|-start|p2a: Vex Oh|confusion\n|\n|-weather|RainDance|[upkeep]\n|-heal|p2a: Vex Oh|10\/100|[from] item: Leftovers\n|upkeep\n|turn|31\n|\n|t:|1665796354\n|move|p1a: TOMSON|Hurricane|p2a: Vex Oh\n|-resisted|p2a: Vex Oh\n|-damage|p2a: Vex Oh|0 fnt\n|faint|p2a: Vex Oh\n|\n|-weather|RainDance|[upkeep]\n|upkeep\n|\n|t:|1665796356\n|switch|p2a: Gray Area|Diggersby, F|94\/100\n|-damage|p2a: Gray Area|88\/100|[from] Stealth Rock\n|turn|32\n|inactive|F a k e e has 270 seconds left.\n|inactive|F a k e e has 240 seconds left.\n|\n|t:|1665796406\n|switch|p1a: sagiri|Politoed, M, shiny|72\/100 slp\n|move|p2a: Gray Area|U-turn|p1a: sagiri\n|-damage|p1a: sagiri|49\/100 slp\n|\n|t:|1665796417\n|switch|p2a: The Worst In Me|Slowbro-Galar, F|100\/100|[from]move: U-turn\n|-damage|p2a: The Worst In Me|88\/100|[from] Stealth Rock\n|\n|-weather|RainDance|[upkeep]\n|upkeep\n|turn|33\n|inactive|F a k e e has 240 seconds left.\n|\n|t:|1665796426\n|switch|p1a: EL JUSTO|Kingdra, M, shiny|100\/100\n|move|p2a: The Worst In Me|Sludge Bomb|p1a: EL JUSTO\n|-damage|p1a: EL JUSTO|62\/100\n|\n|-weather|RainDance|[upkeep]\n|upkeep\n|turn|34\n|inactive|F a k e e has 240 seconds left.\n|inactive|pdt has 270 seconds left.\n|inactive|F a k e e has 210 seconds left.\n|inactive|pdt has 240 seconds left.\n|inactive|F a k e e has 180 seconds left.\n|\n|t:|1665796501\n|switch|p2a: Need It|Cobalion|22\/100 slp\n|-damage|p2a: Need It|19\/100 slp|[from] Stealth Rock\n|move|p1a: EL JUSTO|Hurricane|p2a: Need It\n|-damage|p2a: Need It|0 fnt\n|faint|p2a: Need It\n|\n|-weather|none\n|upkeep\n|\n|t:|1665796516\n|switch|p2a: 2 The Music|Primarina, M|100\/100\n|-damage|p2a: 2 The Music|88\/100|[from] Stealth Rock\n|turn|35\n|\n|t:|1665796524\n|switch|p1a: Carlos|Amoonguss, M, shiny|100\/100\n|move|p2a: 2 The Music|Calm Mind|p2a: 2 The Music\n|-boost|p2a: 2 The Music|spa|1\n|-boost|p2a: 2 The Music|spd|1\n|\n|-heal|p2a: 2 The Music|94\/100|[from] item: Leftovers\n|upkeep\n|turn|36\n|\n|t:|1665796528\n|move|p2a: 2 The Music|Calm Mind|p2a: 2 The Music\n|-boost|p2a: 2 The Music|spa|1\n|-boost|p2a: 2 The Music|spd|1\n|move|p1a: Carlos|Sludge Bomb|p2a: 2 The Music\n|-supereffective|p2a: 2 The Music\n|-damage|p2a: 2 The Music|71\/100\n|\n|-heal|p2a: 2 The Music|77\/100|[from] item: Leftovers\n|upkeep\n|turn|37\n|\n|t:|1665796531\n|move|p2a: 2 The Music|Calm Mind|p2a: 2 The Music\n|-boost|p2a: 2 The Music|spa|1\n|-boost|p2a: 2 The Music|spd|1\n|move|p1a: Carlos|Spore|p2a: 2 The Music\n|-status|p2a: 2 The Music|slp|[from] move: Spore\n|\n|-heal|p2a: 2 The Music|83\/100 slp|[from] item: Leftovers\n|upkeep\n|turn|38\n|\n|t:|1665796537\n|switch|p1a: TOMSON|Tornadus, M, shiny|7\/100\n|cant|p2a: 2 The Music|slp\n|move|p2a: 2 The Music|Snore|p1a: TOMSON\n|-damage|p1a: TOMSON|0 fnt\n|faint|p1a: TOMSON\n|\n|-heal|p2a: 2 The Music|89\/100 slp|[from] item: Leftovers\n|upkeep\n|\n|t:|1665796542\n|switch|p1a: Carlos|Amoonguss, M, shiny|100\/100\n|turn|39\n|\n|t:|1665796545\n|cant|p2a: 2 The Music|slp\n|move|p2a: 2 The Music|Snore|p1a: Carlos\n|-resisted|p1a: Carlos\n|-damage|p1a: Carlos|77\/100\n|cant|p1a: Carlos|flinch\n|\n|-heal|p2a: 2 The Music|95\/100 slp|[from] item: Leftovers\n|upkeep\n|turn|40\n|\n|t:|1665796551\n|-curestatus|p2a: 2 The Music|slp|[msg]\n|move|p2a: 2 The Music|Moonblast|p1a: Carlos\n|-resisted|p1a: Carlos\n|-damage|p1a: Carlos|32\/100\n|move|p1a: Carlos|Sludge Bomb|p2a: 2 The Music\n|-supereffective|p2a: 2 The Music\n|-damage|p2a: 2 The Music|77\/100\n|-status|p2a: 2 The Music|psn\n|\n|-heal|p2a: 2 The Music|83\/100 psn|[from] item: Leftovers\n|-damage|p2a: 2 The Music|70\/100 psn|[from] psn\n|upkeep\n|turn|41\n|\n|t:|1665796567\n|switch|p1a: sagiri|Politoed, M, shiny|49\/100 slp\n|-weather|RainDance|[from] ability: Drizzle|[of] p1a: sagiri\n|move|p2a: 2 The Music|Moonblast|p1a: sagiri\n|-damage|p1a: sagiri|0 fnt\n|faint|p1a: sagiri\n|\n|-weather|RainDance|[upkeep]\n|-heal|p2a: 2 The Music|76\/100 psn|[from] item: Leftovers\n|-damage|p2a: 2 The Music|64\/100 psn|[from] psn\n|upkeep\n|\n|t:|1665796571\n|switch|p1a: Carlos|Amoonguss, M, shiny|65\/100\n|turn|42\n|\n|t:|1665796576\n|move|p2a: 2 The Music|Rest|p2a: 2 The Music\n|-status|p2a: 2 The Music|slp|[from] move: Rest\n|-heal|p2a: 2 The Music|100\/100 slp|[silent]\n|move|p1a: Carlos|Giga Drain|p2a: 2 The Music\n|-supereffective|p2a: 2 The Music\n|-damage|p2a: 2 The Music|86\/100 slp\n|-heal|p1a: Carlos|71\/100|[from] drain|[of] p2a: 2 The Music\n|\n|-weather|RainDance|[upkeep]\n|-heal|p2a: 2 The Music|92\/100 slp|[from] item: Leftovers\n|upkeep\n|turn|43\n|\n|t:|1665796579\n|cant|p2a: 2 The Music|slp\n|move|p2a: 2 The Music|Snore|p1a: Carlos\n|-resisted|p1a: Carlos\n|-damage|p1a: Carlos|37\/100\n|cant|p1a: Carlos|flinch\n|\n|-weather|RainDance|[upkeep]\n|-heal|p2a: 2 The Music|98\/100 slp|[from] item: Leftovers\n|upkeep\n|turn|44\n|\n|t:|1665796582\n|cant|p2a: 2 The Music|slp\n|move|p2a: 2 The Music|Snore|p1a: Carlos\n|-resisted|p1a: Carlos\n|-damage|p1a: Carlos|0 fnt\n|faint|p1a: Carlos\n|\n|-weather|RainDance|[upkeep]\n|-heal|p2a: 2 The Music|100\/100 slp|[from] item: Leftovers\n|upkeep\n|\n|t:|1665796584\n|switch|p1a: EL JUSTO|Kingdra, M, shiny|62\/100\n|turn|45\n|\n|t:|1665796586\n|move|p1a: EL JUSTO|Hurricane|p2a: 2 The Music\n|-damage|p2a: 2 The Music|85\/100 slp\n|-start|p2a: 2 The Music|confusion\n|-curestatus|p2a: 2 The Music|slp|[msg]\n|-activate|p2a: 2 The Music|confusion\n|move|p2a: 2 The Music|Moonblast|p1a: EL JUSTO\n|-supereffective|p1a: EL JUSTO\n|-damage|p1a: EL JUSTO|0 fnt\n|faint|p1a: EL JUSTO\n|\n|win|pdt\n|c|\u2606F a k e e|gg\n|c|\u2606pdt|gg\n","uploadtime":1665796587,"views":536,"p1id":"fakee","p2id":"pdt","formatid":"gen8uu","rating":0,"private":0,"password":null}