{"id":"smogtours-gen6ou-648935","p1":"PurplePenguin Sama","p2":"HikozaruGG","format":"gen6ou","log":"|inactive|Battle timer is ON: inactive players will automatically lose when time's up.\n|t:|1663510201\n|gametype|singles\n|player|p1|PurplePenguin Sama|adaman|\n|player|p2|HikozaruGG|169|\n|teamsize|p1|6\n|teamsize|p2|6\n|gen|6\n|tier|[Gen 6] OU\n|rule|Sleep Clause Mod: Limit one foe put to sleep\n|rule|Species Clause: Limit one of each Pok\u00e9mon\n|rule|OHKO Clause: OHKO moves are banned\n|rule|Moody Clause: Moody is banned\n|rule|Evasion Items Clause: Evasion items are banned\n|rule|Evasion Moves Clause: Evasion moves are banned\n|rule|Endless Battle Clause: Forcing endless battles is banned\n|rule|HP Percentage Mod: HP is shown in percentages\n|rule|Swagger Clause: Swagger is banned\n|clearpoke\n|poke|p1|Charizard, M|item\n|poke|p1|Tyranitar, F|item\n|poke|p1|Excadrill, M|item\n|poke|p1|Slowbro, F|item\n|poke|p1|Serperior, F|item\n|poke|p1|Landorus-Therian, M|item\n|poke|p2|Lopunny, F|item\n|poke|p2|Nidoking, M|item\n|poke|p2|Tornadus-Therian, M|item\n|poke|p2|Rotom-Wash|item\n|poke|p2|Clefable, F|item\n|poke|p2|Heatran, F|item\n|teampreview\n|inactive|HikozaruGG also wants the timer to be on.\n|c|\u2606HikozaruGG|hf\n|c|\u2606PurplePenguin Sama|hf\n|\n|t:|1663510224\n|start\n|switch|p1a: Landorus|Landorus-Therian, M|100\/100\n|switch|p2a: Lopunny|Lopunny, F|100\/100\n|-ability|p1a: Landorus|Intimidate|boost\n|-unboost|p2a: Lopunny|atk|1\n|turn|1\n|\n|t:|1663510233\n|detailschange|p2a: Lopunny|Lopunny-Mega, F\n|-mega|p2a: Lopunny|Lopunny|Lopunnite\n|move|p2a: Lopunny|Fake Out|p1a: Landorus\n|-damage|p1a: Landorus|85\/100\n|cant|p1a: Landorus|flinch\n|\n|upkeep\n|turn|2\n|\n|t:|1663510240\n|switch|p2a: Tornadus|Tornadus-Therian, M|100\/100\n|move|p1a: Landorus|U-turn|p2a: Tornadus\n|-resisted|p2a: Tornadus\n|-damage|p2a: Tornadus|81\/100\n|\n|t:|1663510247\n|switch|p1a: Tyranitar|Tyranitar, F|100\/100|[from]move: U-turn\n|-weather|Sandstorm|[from] ability: Sand Stream|[of] p1a: Tyranitar\n|\n|-weather|Sandstorm|[upkeep]\n|-damage|p2a: Tornadus|74\/100|[from] Sandstorm\n|upkeep\n|turn|3\n|\n|t:|1663510256\n|move|p2a: Tornadus|Superpower|p1a: Tyranitar\n|-supereffective|p1a: Tyranitar\n|-enditem|p1a: Tyranitar|Chople Berry|[eat]\n|-enditem|p1a: Tyranitar|Chople Berry|[weaken]\n|-damage|p1a: Tyranitar|55\/100\n|-unboost|p2a: Tornadus|atk|1\n|-unboost|p2a: Tornadus|def|1\n|move|p1a: Tyranitar|Stealth Rock|p2a: Tornadus\n|-sidestart|p2: HikozaruGG|move: Stealth Rock\n|\n|-weather|Sandstorm|[upkeep]\n|-damage|p2a: Tornadus|68\/100|[from] Sandstorm\n|upkeep\n|turn|4\n|\n|t:|1663510267\n|switch|p1a: Landorus|Landorus-Therian, M|85\/100\n|-ability|p1a: Landorus|Intimidate|boost\n|-unboost|p2a: Tornadus|atk|1\n|move|p2a: Tornadus|U-turn|p1a: Landorus\n|-resisted|p1a: Landorus\n|-damage|p1a: Landorus|81\/100\n|\n|t:|1663510294\n|switch|p2a: Rotom|Rotom-Wash|100\/100|[from]move: U-turn\n|-damage|p2a: Rotom|88\/100|[from] Stealth Rock\n|\n|-weather|Sandstorm|[upkeep]\n|-damage|p2a: Rotom|82\/100|[from] Sandstorm\n|-heal|p2a: Rotom|88\/100|[from] item: Leftovers\n|upkeep\n|turn|5\n|\n|t:|1663510303\n|move|p1a: Landorus|U-turn|p2a: Rotom\n|-damage|p2a: Rotom|67\/100\n|\n|t:|1663510306\n|switch|p1a: Serperior|Serperior, F|100\/100|[from]move: U-turn\n|move|p2a: Rotom|Will-O-Wisp|p1a: Serperior\n|-status|p1a: Serperior|brn\n|\n|-weather|Sandstorm|[upkeep]\n|-damage|p1a: Serperior|94\/100 brn|[from] Sandstorm\n|-damage|p2a: Rotom|61\/100|[from] Sandstorm\n|-heal|p1a: Serperior|100\/100 brn|[from] item: Leftovers\n|-heal|p2a: Rotom|67\/100|[from] item: Leftovers\n|-damage|p1a: Serperior|88\/100 brn|[from] brn\n|upkeep\n|turn|6\n|\n|t:|1663510318\n|switch|p2a: Tornadus|Tornadus-Therian, M|100\/100\n|-damage|p2a: Tornadus|76\/100|[from] Stealth Rock\n|move|p1a: Serperior|Glare|p2a: Tornadus\n|-status|p2a: Tornadus|par\n|\n|-weather|none\n|-heal|p1a: Serperior|94\/100 brn|[from] item: Leftovers\n|-damage|p1a: Serperior|82\/100 brn|[from] brn\n|upkeep\n|turn|7\n|\n|t:|1663510331\n|switch|p1a: Charizard|Charizard, M|100\/100\n|move|p2a: Tornadus|Knock Off|p1a: Charizard\n|-damage|p1a: Charizard|79\/100\n|\n|upkeep\n|turn|8\n|\n|t:|1663510338\n|detailschange|p1a: Charizard|Charizard-Mega-Y, M\n|-mega|p1a: Charizard|Charizard|Charizardite Y\n|-weather|SunnyDay|[from] ability: Drought|[of] p1a: Charizard\n|move|p1a: Charizard|Focus Blast|p2a: Tornadus\n|-resisted|p2a: Tornadus\n|-damage|p2a: Tornadus|56\/100 par\n|move|p2a: Tornadus|U-turn|p1a: Charizard\n|-resisted|p1a: Charizard\n|-damage|p1a: Charizard|74\/100\n|\n|t:|1663510349\n|switch|p2a: Lopunny|Lopunny-Mega, F|100\/100|[from]move: U-turn\n|-damage|p2a: Lopunny|95\/100|[from] Stealth Rock\n|\n|-weather|SunnyDay|[upkeep]\n|upkeep\n|turn|9\n|\n|t:|1663510368\n|switch|p1a: Slowbro|Slowbro, F|100\/100\n|move|p2a: Lopunny|Return|p1a: Slowbro\n|-damage|p1a: Slowbro|69\/100\n|\n|-weather|SunnyDay|[upkeep]\n|-heal|p1a: Slowbro|75\/100|[from] item: Leftovers\n|upkeep\n|turn|10\n|\n|t:|1663510379\n|switch|p2a: Clefable|Clefable, F|100\/100\n|move|p1a: Slowbro|Thunder Wave|p2a: Clefable\n|-status|p2a: Clefable|par\n|\n|-weather|SunnyDay|[upkeep]\n|-heal|p1a: Slowbro|81\/100|[from] item: Leftovers\n|upkeep\n|turn|11\n|\n|t:|1663510395\n|move|p1a: Slowbro|Scald|p2a: Clefable\n|-crit|p2a: Clefable\n|-damage|p2a: Clefable|80\/100 par\n|move|p2a: Clefable|Stealth Rock|p1a: Slowbro\n|-sidestart|p1: PurplePenguin Sama|move: Stealth Rock\n|\n|-weather|SunnyDay|[upkeep]\n|-heal|p1a: Slowbro|88\/100|[from] item: Leftovers\n|-heal|p2a: Clefable|87\/100 par|[from] item: Leftovers\n|upkeep\n|turn|12\n|\n|t:|1663510419\n|switch|p1a: Tyranitar|Tyranitar, F|55\/100\n|-damage|p1a: Tyranitar|43\/100|[from] Stealth Rock\n|-weather|Sandstorm|[from] ability: Sand Stream|[of] p1a: Tyranitar\n|switch|p2a: Rotom|Rotom-Wash|67\/100\n|-damage|p2a: Rotom|54\/100|[from] Stealth Rock\n|\n|-weather|Sandstorm|[upkeep]\n|-damage|p2a: Rotom|48\/100|[from] Sandstorm\n|-heal|p2a: Rotom|54\/100|[from] item: Leftovers\n|upkeep\n|turn|13\n|\n|t:|1663510433\n|switch|p1a: Serperior|Serperior, F|82\/100 brn\n|-damage|p1a: Serperior|70\/100 brn|[from] Stealth Rock\n|move|p2a: Rotom|Will-O-Wisp|p1a: Serperior\n|-fail|p1a: Serperior|brn\n|\n|-weather|Sandstorm|[upkeep]\n|-damage|p1a: Serperior|63\/100 brn|[from] Sandstorm\n|-damage|p2a: Rotom|48\/100|[from] Sandstorm\n|-heal|p1a: Serperior|70\/100 brn|[from] item: Leftovers\n|-heal|p2a: Rotom|54\/100|[from] item: Leftovers\n|-damage|p1a: Serperior|57\/100 brn|[from] brn\n|upkeep\n|turn|14\n|\n|t:|1663510446\n|switch|p2a: Tornadus|Tornadus-Therian, M|89\/100 par\n|-damage|p2a: Tornadus|64\/100 par|[from] Stealth Rock\n|move|p1a: Serperior|Leaf Storm|p2a: Tornadus\n|-resisted|p2a: Tornadus\n|-damage|p2a: Tornadus|46\/100 par\n|-boost|p1a: Serperior|spa|2\n|\n|-weather|Sandstorm|[upkeep]\n|-damage|p1a: Serperior|51\/100 brn|[from] Sandstorm\n|-damage|p2a: Tornadus|40\/100 par|[from] Sandstorm\n|-heal|p1a: Serperior|57\/100 brn|[from] item: Leftovers\n|-damage|p1a: Serperior|45\/100 brn|[from] brn\n|upkeep\n|turn|15\n|\n|t:|1663510460\n|move|p1a: Serperior|Leaf Storm|p2a: Tornadus\n|-resisted|p2a: Tornadus\n|-damage|p2a: Tornadus|2\/100 par\n|-boost|p1a: Serperior|spa|2\n|move|p2a: Tornadus|U-turn|p1a: Serperior\n|-supereffective|p1a: Serperior\n|-damage|p1a: Serperior|6\/100 brn\n|\n|t:|1663510472\n|switch|p2a: Lopunny|Lopunny-Mega, F|95\/100|[from]move: U-turn\n|-damage|p2a: Lopunny|89\/100|[from] Stealth Rock\n|\n|-weather|Sandstorm|[upkeep]\n|-damage|p2a: Lopunny|83\/100|[from] Sandstorm\n|-damage|p1a: Serperior|0 fnt|[from] Sandstorm\n|faint|p1a: Serperior\n|upkeep\n|\n|t:|1663510487\n|switch|p1a: Excadrill|Excadrill, M|100\/100\n|-damage|p1a: Excadrill|97\/100|[from] Stealth Rock\n|turn|16\n|inactive|PurplePenguin Sama has 270 seconds left.\n|\n|t:|1663510514\n|move|p2a: Lopunny|Fake Out|p1a: Excadrill\n|-resisted|p1a: Excadrill\n|-damage|p1a: Excadrill|83\/100\n|cant|p1a: Excadrill|flinch\n|\n|-weather|none\n|-heal|p1a: Excadrill|89\/100|[from] item: Leftovers\n|upkeep\n|turn|17\n|inactive|PurplePenguin Sama has 270 seconds left.\n|\n|t:|1663510524\n|switch|p1a: Slowbro|Slowbro, F|100\/100\n|-damage|p1a: Slowbro|88\/100|[from] Stealth Rock\n|move|p2a: Lopunny|Power-Up Punch|p1a: Slowbro\n|-resisted|p1a: Slowbro\n|-damage|p1a: Slowbro|82\/100\n|-boost|p2a: Lopunny|atk|1\n|\n|-heal|p1a: Slowbro|88\/100|[from] item: Leftovers\n|upkeep\n|turn|18\n|inactive|PurplePenguin Sama has 270 seconds left.\n|\n|t:|1663510536\n|switch|p2a: Rotom|Rotom-Wash|54\/100\n|-damage|p2a: Rotom|42\/100|[from] Stealth Rock\n|move|p1a: Slowbro|Scald|p2a: Rotom\n|-resisted|p2a: Rotom\n|-damage|p2a: Rotom|28\/100\n|-status|p2a: Rotom|brn\n|\n|-heal|p2a: Rotom|35\/100 brn|[from] item: Leftovers\n|-heal|p1a: Slowbro|94\/100|[from] item: Leftovers\n|-damage|p2a: Rotom|22\/100 brn|[from] brn\n|upkeep\n|turn|19\n|inactive|PurplePenguin Sama has 270 seconds left.\n|\n|t:|1663510555\n|move|p2a: Rotom|Pain Split|p1a: Slowbro\n|-sethp|p1a: Slowbro|56\/100|[from] move: Pain Split|[silent]\n|-sethp|p2a: Rotom|72\/100 brn|[from] move: Pain Split\n|move|p1a: Slowbro|Slack Off|p1a: Slowbro\n|-heal|p1a: Slowbro|100\/100\n|\n|-heal|p2a: Rotom|78\/100 brn|[from] item: Leftovers\n|-damage|p2a: Rotom|66\/100 brn|[from] brn\n|upkeep\n|turn|20\n|inactive|PurplePenguin Sama has 270 seconds left.\n|\n|t:|1663510570\n|switch|p1a: Landorus|Landorus-Therian, M|81\/100\n|-damage|p1a: Landorus|69\/100|[from] Stealth Rock\n|-ability|p1a: Landorus|Intimidate|boost\n|-unboost|p2a: Rotom|atk|1\n|move|p2a: Rotom|Will-O-Wisp|p1a: Landorus\n|-status|p1a: Landorus|brn\n|\n|-heal|p2a: Rotom|72\/100 brn|[from] item: Leftovers\n|-damage|p1a: Landorus|57\/100 brn|[from] brn\n|-damage|p2a: Rotom|59\/100 brn|[from] brn\n|upkeep\n|turn|21\n|inactive|PurplePenguin Sama has 270 seconds left.\n|\n|t:|1663510582\n|move|p1a: Landorus|Knock Off|p2a: Rotom\n|-damage|p2a: Rotom|47\/100 brn\n|-enditem|p2a: Rotom|Leftovers|[from] move: Knock Off|[of] p1a: Landorus\n|move|p2a: Rotom|Pain Split|p1a: Landorus\n|-sethp|p1a: Landorus|51\/100 brn|[from] move: Pain Split|[silent]\n|-sethp|p2a: Rotom|53\/100 brn|[from] move: Pain Split\n|\n|-damage|p1a: Landorus|38\/100 brn|[from] brn\n|-damage|p2a: Rotom|41\/100 brn|[from] brn\n|upkeep\n|turn|22\n|inactive|PurplePenguin Sama has 270 seconds left.\n|\n|t:|1663510594\n|switch|p1a: Tyranitar|Tyranitar, F|43\/100\n|-damage|p1a: Tyranitar|31\/100|[from] Stealth Rock\n|-weather|Sandstorm|[from] ability: Sand Stream|[of] p1a: Tyranitar\n|move|p2a: Rotom|Hydro Pump|p1a: Tyranitar|[miss]\n|-miss|p2a: Rotom|p1a: Tyranitar\n|\n|-weather|Sandstorm|[upkeep]\n|-damage|p2a: Rotom|34\/100 brn|[from] Sandstorm\n|-damage|p2a: Rotom|22\/100 brn|[from] brn\n|upkeep\n|turn|23\n|inactive|PurplePenguin Sama has 270 seconds left.\n|\n|t:|1663510610\n|move|p2a: Rotom|Hydro Pump|p1a: Tyranitar\n|-supereffective|p1a: Tyranitar\n|-damage|p1a: Tyranitar|0 fnt\n|faint|p1a: Tyranitar\n|\n|-weather|Sandstorm|[upkeep]\n|-damage|p2a: Rotom|16\/100 brn|[from] Sandstorm\n|-damage|p2a: Rotom|3\/100 brn|[from] brn\n|upkeep\n|\n|t:|1663510619\n|switch|p1a: Excadrill|Excadrill, M|89\/100\n|-damage|p1a: Excadrill|86\/100|[from] Stealth Rock\n|turn|24\n|\n|t:|1663510636\n|switch|p2a: Lopunny|Lopunny-Mega, F|83\/100\n|-damage|p2a: Lopunny|77\/100|[from] Stealth Rock\n|move|p1a: Excadrill|Rapid Spin|p2a: Lopunny\n|-damage|p2a: Lopunny|65\/100\n|-sideend|p1: PurplePenguin Sama|Stealth Rock|[from] move: Rapid Spin|[of] p1a: Excadrill\n|\n|-weather|Sandstorm|[upkeep]\n|-damage|p2a: Lopunny|59\/100|[from] Sandstorm\n|-heal|p1a: Excadrill|92\/100|[from] item: Leftovers\n|upkeep\n|turn|25\n|inactive|PurplePenguin Sama has 270 seconds left.\n|\n|t:|1663510646\n|move|p2a: Lopunny|Fake Out|p1a: Excadrill\n|-resisted|p1a: Excadrill\n|-damage|p1a: Excadrill|76\/100\n|cant|p1a: Excadrill|flinch\n|\n|-weather|Sandstorm|[upkeep]\n|-damage|p2a: Lopunny|53\/100|[from] Sandstorm\n|-heal|p1a: Excadrill|82\/100|[from] item: Leftovers\n|upkeep\n|turn|26\n|\n|t:|1663510658\n|switch|p2a: Rotom|Rotom-Wash|3\/100 brn\n|-damage|p2a: Rotom|0 fnt|[from] Stealth Rock\n|faint|p2a: Rotom\n|move|p1a: Excadrill|Iron Head|p2: Rotom|[notarget]\n|-fail|p1a: Excadrill\n|\n|-weather|none\n|-heal|p1a: Excadrill|88\/100|[from] item: Leftovers\n|upkeep\n|inactive|HikozaruGG has 270 seconds left.\n|\n|t:|1663510710\n|switch|p2a: Nidoking|Nidoking, M|100\/100\n|-damage|p2a: Nidoking|95\/100|[from] Stealth Rock\n|turn|27\n|inactive|PurplePenguin Sama disconnected and has 300 seconds to reconnect!\n|player|p1|\n|inactive|PurplePenguin Sama reconnected and has 290 seconds left.\n|player|p1|PurplePenguin Sama|adaman\n|inactive|PurplePenguin Sama has 270 seconds left.\n|inactive|PurplePenguin Sama has 240 seconds left.\n|\n|t:|1663510770\n|switch|p1a: Slowbro|Slowbro, F|100\/100\n|move|p2a: Nidoking|Earth Power|p1a: Slowbro\n|-damage|p1a: Slowbro|39\/100\n|\n|-heal|p1a: Slowbro|45\/100|[from] item: Leftovers\n|upkeep\n|turn|28\n|inactive|PurplePenguin Sama has 240 seconds left.\n|inactive|HikozaruGG has 240 seconds left.\n|\n|t:|1663510803\n|move|p2a: Nidoking|Sludge Wave|p1a: Slowbro\n|-damage|p1a: Slowbro|0 fnt\n|faint|p1a: Slowbro\n|\n|upkeep\n|inactive|PurplePenguin Sama has 210 seconds left.\n|\n|t:|1663510831\n|switch|p1a: Charizard|Charizard-Mega-Y, M|74\/100\n|-weather|SunnyDay|[from] ability: Drought|[of] p1a: Charizard\n|turn|29\n|inactive|HikozaruGG has 240 seconds left.\n|\n|t:|1663510844\n|switch|p2a: Tornadus|Tornadus-Therian, M|35\/100 par\n|-damage|p2a: Tornadus|11\/100 par|[from] Stealth Rock\n|move|p1a: Charizard|Flamethrower|p2a: Tornadus\n|-damage|p2a: Tornadus|0 fnt\n|faint|p2a: Tornadus\n|\n|-weather|SunnyDay|[upkeep]\n|upkeep\n|inactive|HikozaruGG has 240 seconds left.\n|\n|t:|1663510850\n|switch|p2a: Lopunny|Lopunny-Mega, F|53\/100\n|-damage|p2a: Lopunny|47\/100|[from] Stealth Rock\n|turn|30\n|\n|t:|1663510858\n|switch|p1a: Landorus|Landorus-Therian, M|38\/100 brn\n|-ability|p1a: Landorus|Intimidate|boost\n|-unboost|p2a: Lopunny|atk|1\n|move|p2a: Lopunny|Fake Out|p1a: Landorus\n|-damage|p1a: Landorus|21\/100 brn\n|\n|-weather|SunnyDay|[upkeep]\n|-damage|p1a: Landorus|9\/100 brn|[from] brn\n|upkeep\n|turn|31\n|inactive|PurplePenguin Sama has 210 seconds left.\n|\n|t:|1663510872\n|switch|p2a: Clefable|Clefable, F|87\/100 par\n|move|p1a: Landorus|Earthquake|p2a: Clefable\n|-crit|p2a: Clefable\n|-damage|p2a: Clefable|53\/100 par\n|\n|-weather|SunnyDay|[upkeep]\n|-heal|p2a: Clefable|59\/100 par|[from] item: Leftovers\n|-damage|p1a: Landorus|0 fnt|[from] brn\n|faint|p1a: Landorus\n|upkeep\n|\n|t:|1663510882\n|switch|p1a: Excadrill|Excadrill, M|88\/100\n|turn|32\n|\n|t:|1663510903\n|move|p1a: Excadrill|Iron Head|p2a: Clefable\n|-supereffective|p2a: Clefable\n|-damage|p2a: Clefable|0 fnt\n|faint|p2a: Clefable\n|\n|-weather|SunnyDay|[upkeep]\n|-heal|p1a: Excadrill|94\/100|[from] item: Leftovers\n|upkeep\n|\n|t:|1663510907\n|switch|p2a: Lopunny|Lopunny-Mega, F|47\/100\n|-damage|p2a: Lopunny|41\/100|[from] Stealth Rock\n|turn|33\n|\n|t:|1663510916\n|move|p2a: Lopunny|Fake Out|p1a: Excadrill\n|-resisted|p1a: Excadrill\n|-damage|p1a: Excadrill|78\/100\n|cant|p1a: Excadrill|flinch\n|\n|-weather|none\n|-heal|p1a: Excadrill|84\/100|[from] item: Leftovers\n|upkeep\n|turn|34\n|inactive|HikozaruGG has 240 seconds left.\n|\n|t:|1663510947\n|move|p2a: Lopunny|High Jump Kick|p1a: Excadrill|[miss]\n|-miss|p2a: Lopunny|p1a: Excadrill\n|-damage|p2a: Lopunny|0 fnt|[from] highjumpkick\n|faint|p2a: Lopunny\n|move|p1a: Excadrill|Earthquake|p2: Lopunny|[notarget]\n|-fail|p1a: Excadrill\n|\n|-heal|p1a: Excadrill|91\/100|[from] item: Leftovers\n|upkeep\n|inactive|HikozaruGG has 240 seconds left.\n|\n|t:|1663510954\n|switch|p2a: Nidoking|Nidoking, M|95\/100\n|-damage|p2a: Nidoking|89\/100|[from] Stealth Rock\n|turn|35\n|inactive|HikozaruGG has 240 seconds left.\n|c|\u2606PurplePenguin Sama|C'\u00e9tait ma seule chance ^^\n|c|\u2606HikozaruGG|c'est arriv\u00e9\n|\n|t:|1663510976\n|move|p2a: Nidoking|Flamethrower|p1a: Excadrill\n|-supereffective|p1a: Excadrill\n|-damage|p1a: Excadrill|0 fnt\n|faint|p1a: Excadrill\n|\n|upkeep\n|\n|t:|1663510981\n|switch|p1a: Charizard|Charizard-Mega-Y, M|74\/100\n|-weather|SunnyDay|[from] ability: Drought|[of] p1a: Charizard\n|turn|36\n|\n|t:|1663510993\n|move|p1a: Charizard|Flamethrower|p2a: Nidoking\n|-damage|p2a: Nidoking|0 fnt\n|faint|p2a: Nidoking\n|\n|-weather|SunnyDay|[upkeep]\n|upkeep\n|\n|t:|1663510996\n|switch|p2a: Heatran|Heatran, F|100\/100\n|-damage|p2a: Heatran|88\/100|[from] Stealth Rock\n|turn|37\n|\n|t:|1663511001\n|move|p1a: Charizard|Focus Blast|p2a: Heatran\n|-supereffective|p2a: Heatran\n|-damage|p2a: Heatran|0 fnt\n|faint|p2a: Heatran\n|\n|win|PurplePenguin Sama\n","uploadtime":1663511003,"views":15,"p1id":"purplepenguinsama","p2id":"hikozarugg","formatid":"gen6ou","rating":0,"private":0,"password":null}