{"id":"smogtours-gen7ou-273365","p1":"Gotham Paladin","p2":"Finding True Love","format":"gen7ou","log":"|inactive|Battle timer is ON: inactive players will automatically lose when time's up.\n|J|Gotham Paladin\n|J|Finding True Love\n|player|p1|Gotham Paladin|283\n|player|p2|Finding True Love|130\n|gametype|singles\n|gen|7\n|tier|[Gen 7] OU\n|seed|3244,9952,61312,52079\n|clearpoke\n|poke|p1|Volcarona, F|item\n|poke|p1|Toxapex, F|item\n|poke|p1|Dugtrio, F|item\n|poke|p1|Landorus-Therian, M|item\n|poke|p1|Scizor, F|item\n|poke|p1|Tangrowth, F|item\n|poke|p2|Sableye, F|item\n|poke|p2|Toxapex, M|item\n|poke|p2|Tangrowth, M|item\n|poke|p2|Skarmory, F|item\n|poke|p2|Dugtrio, F|item\n|poke|p2|Marowak-Alola, F|item\n|rule|Baton Pass Clause: Limit one Baton Passer, can't pass Spe and other stats simultaneously\n|rule|Sleep Clause Mod: Limit one foe put to sleep\n|rule|Species Clause: Limit one of each Pok\u00e9mon\n|rule|OHKO Clause: OHKO moves are banned\n|rule|Moody Clause: Moody is banned\n|rule|Evasion Moves Clause: Evasion moves are banned\n|rule|Endless Battle Clause: Forcing endless battles is banned\n|rule|HP Percentage Mod: HP is shown in percentages\n|teampreview\n|J|FY2.0\/Eko\n|c|\u2606Finding True Love|Have fun. \n|c|\u2606Gotham Paladin|hf\n|choice|team 2, team 1, team 3, team 4, team 5, team 6|team 1, team 2, team 3, team 4, team 5, team 6\n|\n|start\n|switch|p1a: Toxapex|Toxapex, F|304\/304\n|switch|p2a: Sableye|Sableye, F|303\/303\n|turn|1\n|choice|move scald|move protect mega\n|\n|detailschange|p2a: Sableye|Sableye-Mega, F\n|-mega|p2a: Sableye|Sableye|Sablenite\n|move|p2a: Sableye|Protect|p2a: Sableye\n|-singleturn|p2a: Sableye|Protect\n|move|p1a: Toxapex|Scald|p2a: Sableye\n|-activate|p2a: Sableye|move: Protect\n|\n|upkeep\n|turn|2\n|J|ToF\n|J|Omfuga\n|choice|move scald|move knockoff\n|\n|move|p1a: Toxapex|Scald|p2a: Sableye\n|-damage|p2a: Sableye|252\/303\n|move|p2a: Sableye|Knock Off|p1a: Toxapex\n|-damage|p1a: Toxapex|229\/304\n|-enditem|p1a: Toxapex|Eject Button|[from] move: Knock Off|[of] p2a: Sableye\n|\n|upkeep\n|turn|3\n|L|Omfuga\n|choice|move scald|move willowisp\n|\n|move|p1a: Toxapex|Scald|p2a: Sableye\n|-damage|p2a: Sableye|200\/303\n|move|p2a: Sableye|Will-O-Wisp|p1a: Toxapex\n|-status|p1a: Toxapex|brn\n|\n|-damage|p1a: Toxapex|210\/304 brn|[from] brn\n|upkeep\n|turn|4\n|choice|move scald|move protect\n|\n|move|p2a: Sableye|Protect|p2a: Sableye\n|-singleturn|p2a: Sableye|Protect\n|move|p1a: Toxapex|Scald|p2a: Sableye\n|-activate|p2a: Sableye|move: Protect\n|\n|-damage|p1a: Toxapex|191\/304 brn|[from] brn\n|upkeep\n|turn|5\n|choice|move scald|move recover\n|\n|move|p1a: Toxapex|Scald|p2a: Sableye\n|-damage|p2a: Sableye|152\/303\n|move|p2a: Sableye|Recover|p2a: Sableye\n|-heal|p2a: Sableye|303\/303\n|\n|-damage|p1a: Toxapex|172\/304 brn|[from] brn\n|upkeep\n|turn|6\n|choice|move scald|switch 2\n|\n|switch|p2a: Toxapex|Toxapex, M|304\/304\n|move|p1a: Toxapex|Scald|p2a: Toxapex\n|-resisted|p2a: Toxapex\n|-damage|p2a: Toxapex|283\/304\n|\n|-heal|p2a: Toxapex|302\/304|[from] item: Black Sludge\n|-damage|p1a: Toxapex|153\/304 brn|[from] brn\n|upkeep\n|turn|7\n|choice|switch 4|move toxic\n|\n|switch|p1a: Landorus|Landorus-Therian, M|320\/320\n|-ability|p1a: Landorus|Intimidate|boost\n|-unboost|p2a: Toxapex|atk|1\n|move|p2a: Toxapex|Toxic|p1a: Landorus\n|-status|p1a: Landorus|tox\n|\n|-heal|p2a: Toxapex|304\/304|[from] item: Black Sludge\n|-damage|p1a: Landorus|300\/320 tox|[from] psn\n|upkeep\n|turn|8\n|choice|move swordsdance|switch 2\n|\n|switch|p2a: Sableye|Sableye-Mega, F|303\/303\n|move|p1a: Landorus|Swords Dance|p1a: Landorus\n|-boost|p1a: Landorus|atk|2\n|\n|-damage|p1a: Landorus|260\/320 tox|[from] psn\n|upkeep\n|turn|9\n|choice|move swordsdance|move protect\n|\n|move|p2a: Sableye|Protect|p2a: Sableye\n|-singleturn|p2a: Sableye|Protect\n|move|p1a: Landorus|Swords Dance|p1a: Landorus\n|-boost|p1a: Landorus|atk|2\n|\n|-damage|p1a: Landorus|200\/320 tox|[from] psn\n|upkeep\n|turn|10\n|choice|move stoneedge|switch 4\n|\n|switch|p2a: Skarmory|Skarmory, F|334\/334\n|move|p1a: Landorus|Stone Edge|p2a: Skarmory\n|-damage|p2a: Skarmory|131\/334\n|\n|-damage|p1a: Landorus|120\/320 tox|[from] psn\n|upkeep\n|turn|11\n|choice|move stoneedge|move roost\n|\n|move|p1a: Landorus|Stone Edge|p2a: Skarmory\n|-damage|p2a: Skarmory|0 fnt\n|faint|p2a: Skarmory\n|\n|-damage|p1a: Landorus|20\/320 tox|[from] psn\n|upkeep\n|choice||switch 4\n|\n|switch|p2a: Sableye|Sableye-Mega, F|303\/303\n|turn|12\n|choice|switch 4|move protect\n|\n|switch|p1a: Toxapex|Toxapex, F|254\/304 brn\n|move|p2a: Sableye|Protect|p2a: Sableye\n|-fail|p2a: Sableye\n|\n|-damage|p1a: Toxapex|235\/304 brn|[from] brn\n|upkeep\n|turn|13\n|choice|move scald|switch 2\n|\n|switch|p2a: Toxapex|Toxapex, M|304\/304\n|move|p1a: Toxapex|Scald|p2a: Toxapex\n|-resisted|p2a: Toxapex\n|-damage|p2a: Toxapex|284\/304\n|\n|-heal|p2a: Toxapex|303\/304|[from] item: Black Sludge\n|-damage|p1a: Toxapex|216\/304 brn|[from] brn\n|upkeep\n|turn|14\n|choice|move scald|move scald\n|\n|move|p2a: Toxapex|Scald|p1a: Toxapex\n|-resisted|p1a: Toxapex\n|-damage|p1a: Toxapex|201\/304 brn\n|move|p1a: Toxapex|Scald|p2a: Toxapex\n|-resisted|p2a: Toxapex\n|-damage|p2a: Toxapex|281\/304\n|\n|-heal|p2a: Toxapex|300\/304|[from] item: Black Sludge\n|-damage|p1a: Toxapex|182\/304 brn|[from] brn\n|upkeep\n|turn|15\n|choice|move toxicspikes|move scald\n|\n|move|p1a: Toxapex|Toxic Spikes|p2a: Toxapex\n|-sidestart|p2: Finding True Love|move: Toxic Spikes\n|move|p2a: Toxapex|Scald|p1a: Toxapex\n|-resisted|p1a: Toxapex\n|-damage|p1a: Toxapex|165\/304 brn\n|\n|-heal|p2a: Toxapex|304\/304|[from] item: Black Sludge\n|-damage|p1a: Toxapex|146\/304 brn|[from] brn\n|upkeep\n|turn|16\n|choice|switch 4|switch 5\n|\n|switch|p2a: Dugtrio|Dugtrio, F|211\/211\n|-status|p2a: Dugtrio|psn\n|switch|p1a: Landorus|Landorus-Therian, M|20\/320 tox\n|-ability|p1a: Landorus|Intimidate|boost\n|-unboost|p2a: Dugtrio|atk|1\n|\n|-damage|p2a: Dugtrio|185\/211 psn|[from] psn\n|-damage|p1a: Landorus|0 fnt|[from] psn\n|upkeep\n|faint|p1a: Landorus\n|choice|switch 3|\n|\n|switch|p1a: Dugtrio|Dugtrio, F|211\/211\n|turn|17\n|choice|move earthquake|move stealthrock\n|\n|move|p1a: Dugtrio|Earthquake|p2a: Dugtrio\n|-damage|p2a: Dugtrio|0 fnt\n|faint|p2a: Dugtrio\n|\n|upkeep\n|choice||switch 3\n|\n|switch|p2a: Tangrowth|Tangrowth, M|403\/403\n|-status|p2a: Tangrowth|psn\n|turn|18\n|choice|switch 5|move knockoff\n|\n|switch|p1a: Scizor|Scizor, F|343\/343\n|move|p2a: Tangrowth|Knock Off|p1a: Scizor\n|-damage|p1a: Scizor|301\/343\n|\n|-damage|p2a: Tangrowth|353\/403 psn|[from] psn\n|upkeep\n|turn|19\n|choice|move uturn mega|switch 5\n|\n|switch|p2a: Toxapex|Toxapex, M|304\/304\n|-sideend|p2: Finding True Love|move: Toxic Spikes|[of] p2a: Toxapex\n|detailschange|p1a: Scizor|Scizor-Mega, F\n|-mega|p1a: Scizor|Scizor|Scizorite\n|move|p1a: Scizor|U-turn|p2a: Toxapex\n|-resisted|p2a: Toxapex\n|-damage|p2a: Toxapex|273\/304\n|choice|switch 5|\n|\n|switch|p1a: Dugtrio|Dugtrio, F|211\/211\n|\n|-heal|p2a: Toxapex|292\/304|[from] item: Black Sludge\n|upkeep\n|turn|20\n|choice|move earthquake|move scald\n|\n|move|p1a: Dugtrio|Earthquake|p2a: Toxapex\n|-supereffective|p2a: Toxapex\n|-damage|p2a: Toxapex|134\/304\n|move|p2a: Toxapex|Scald|p1a: Dugtrio\n|-supereffective|p1a: Dugtrio\n|-damage|p1a: Dugtrio|67\/211\n|\n|-heal|p2a: Toxapex|153\/304|[from] item: Black Sludge\n|upkeep\n|turn|21\n|choice|move earthquake|move scald\n|\n|move|p1a: Dugtrio|Earthquake|p2a: Toxapex\n|-supereffective|p2a: Toxapex\n|-damage|p2a: Toxapex|1\/304\n|move|p2a: Toxapex|Scald|p1a: Dugtrio\n|-supereffective|p1a: Dugtrio\n|-damage|p1a: Dugtrio|0 fnt\n|faint|p1a: Dugtrio\n|\n|-heal|p2a: Toxapex|20\/304|[from] item: Black Sludge\n|upkeep\n|choice|switch 2|\n|\n|switch|p1a: Volcarona|Volcarona, F|311\/311\n|turn|22\n|choice|move psychic|switch 6\n|\n|switch|p2a: Marowak|Marowak-Alola, F|261\/261\n|move|p1a: Volcarona|Psychic|p2a: Marowak\n|-damage|p2a: Marowak|126\/261\n|\n|upkeep\n|turn|23\n|J|heavenhand\n|choice|switch 5|switch 5\n|\n|switch|p1a: Scizor|Scizor-Mega, F|301\/343\n|switch|p2a: Tangrowth|Tangrowth, M|403\/403 psn\n|\n|-damage|p2a: Tangrowth|353\/403 psn|[from] psn\n|upkeep\n|turn|24\n|choice|move uturn|move rockslide\n|\n|move|p1a: Scizor|U-turn|p2a: Tangrowth\n|-supereffective|p2a: Tangrowth\n|-damage|p2a: Tangrowth|149\/403 psn\n|choice|switch 4|\n|\n|switch|p1a: Toxapex|Toxapex, F|247\/304 brn\n|move|p2a: Tangrowth|Rock Slide|p1a: Toxapex\n|-damage|p1a: Toxapex|203\/304 brn\n|\n|-damage|p2a: Tangrowth|99\/403 psn|[from] psn\n|-damage|p1a: Toxapex|184\/304 brn|[from] brn\n|upkeep\n|turn|25\n|choice|switch 5|switch 6\n|\n|switch|p2a: Toxapex|Toxapex, M|121\/304\n|switch|p1a: Volcarona|Volcarona, F|311\/311\n|\n|-heal|p2a: Toxapex|140\/304|[from] item: Black Sludge\n|upkeep\n|turn|26\n|choice|move psychic|move toxic\n|\n|move|p1a: Volcarona|Psychic|p2a: Toxapex\n|-supereffective|p2a: Toxapex\n|-damage|p2a: Toxapex|0 fnt\n|faint|p2a: Toxapex\n|\n|upkeep\n|choice||switch 5\n|\n|switch|p2a: Marowak|Marowak-Alola, F|126\/261\n|turn|27\n|choice|move psychic zmove|move flareblitz\n|\n|-zpower|p1a: Volcarona\n|move|p1a: Volcarona|Shattered Psyche|p2a: Marowak|[zeffect]\n|-damage|p2a: Marowak|0 fnt\n|faint|p2a: Marowak\n|\n|upkeep\n|c|\u2606Finding True Love|Good game.\n|-message|Finding True Love forfeited.\n|\n|win|Gotham Paladin","inputlog":null,"uploadtime":1492567701,"views":600,"p1id":"gothampaladin","p2id":"findingtruelove","formatid":"gen7ou","rating":0,"private":0,"password":null}