{"id":"smogtours-gen8lc-624490","p1":"Color my life","p2":"kirinok0usaka","format":"gen8lc","log":"|inactive|Battle timer is ON: inactive players will automatically lose when time's up.\n|t:|1651940941\n|gametype|singles\n|player|p1|Color my life|kimonogirl|\n|player|p2|kirinok0usaka|swimmerf-gen4dp|\n|teamsize|p1|6\n|teamsize|p2|6\n|gen|8\n|tier|[Gen 8] LC\n|rule|Sleep Clause Mod: Limit one foe put to sleep\n|rule|Species Clause: Limit one of each Pok\u00e9mon\n|rule|OHKO Clause: OHKO moves are banned\n|rule|Evasion Moves Clause: Evasion moves are banned\n|rule|Endless Battle Clause: Forcing endless battles is banned\n|rule|HP Percentage Mod: HP is shown in percentages\n|rule|Dynamax Clause: You cannot dynamax\n|clearpoke\n|poke|p1|Natu, L5, M|\n|poke|p1|Mienfoo, L5, M|\n|poke|p1|Frillish, L5, F|\n|poke|p1|Diglett, L5, M|\n|poke|p1|Koffing, L5, F|\n|poke|p1|Ferroseed, L5, M|\n|poke|p2|Mienfoo, L5, F|\n|poke|p2|Tyrunt, L5, F|\n|poke|p2|Grookey, L5, F|\n|poke|p2|Koffing, L5, M|\n|poke|p2|Pawniard, L5, F|\n|poke|p2|Staryu, L5|\n|teampreview\n|inactive|kirinok0usaka also wants the timer to be on.\n|c|\u2606Color my life|hf\n|c|\u2606kirinok0usaka|u2\n|\n|t:|1651940967\n|start\n|switch|p1a: Mienfoo|Mienfoo, L5, M|100\/100\n|switch|p2a: Koffing|Koffing, L5, M|100\/100\n|-ability|p2a: Koffing|Neutralizing Gas\n|turn|1\n|\n|t:|1651940972\n|move|p1a: Mienfoo|Fake Out|p2a: Koffing\n|-damage|p2a: Koffing|90\/100\n|cant|p2a: Koffing|flinch\n|\n|upkeep\n|turn|2\n|\n|t:|1651940980\n|move|p1a: Mienfoo|U-turn|p2a: Koffing\n|-resisted|p2a: Koffing\n|-damage|p2a: Koffing|80\/100\n|\n|t:|1651940986\n|switch|p1a: Natu|Natu, L5, M|100\/100|[from]move: U-turn\n|move|p2a: Koffing|Thunderbolt|p1a: Natu\n|-supereffective|p1a: Natu\n|-damage|p1a: Natu|34\/100\n|-status|p1a: Natu|par\n|\n|upkeep\n|turn|3\n|\n|t:|1651941005\n|move|p2a: Koffing|Sludge Bomb|p1a: Natu\n|-damage|p1a: Natu|0 fnt\n|faint|p1a: Natu\n|\n|upkeep\n|\n|t:|1651941010\n|switch|p1a: Diglett|Diglett, L5, M|100\/100\n|turn|4\n|\n|t:|1651941013\n|-end|p2a: Koffing|ability: Neutralizing Gas\n|switch|p2a: Grookey|Grookey, L5, F|100\/100\n|-fieldstart|move: Grassy Terrain|[from] ability: Grassy Surge|[of] p2a: Grookey\n|move|p1a: Diglett|Stealth Rock|p2a: Grookey\n|-sidestart|p2: kirinok0usaka|move: Stealth Rock\n|\n|upkeep\n|turn|5\n|\n|t:|1651941020\n|switch|p1a: Ferroseed|Ferroseed, L5, M|100\/100\n|move|p2a: Grookey|Knock Off|p1a: Ferroseed\n|-damage|p1a: Ferroseed|78\/100\n|-damage|p2a: Grookey|91\/100|[from] ability: Iron Barbs|[of] p1a: Ferroseed\n|-enditem|p1a: Ferroseed|Eviolite|[from] move: Knock Off|[of] p2a: Grookey\n|\n|-heal|p2a: Grookey|96\/100|[from] Grassy Terrain\n|-heal|p1a: Ferroseed|82\/100|[from] Grassy Terrain\n|upkeep\n|turn|6\n|\n|t:|1651941048\n|move|p2a: Grookey|Swords Dance|p2a: Grookey\n|-boost|p2a: Grookey|atk|2\n|move|p1a: Ferroseed|Thunder Wave|p2a: Grookey\n|-status|p2a: Grookey|par\n|\n|-heal|p2a: Grookey|100\/100 par|[from] Grassy Terrain\n|-heal|p1a: Ferroseed|87\/100|[from] Grassy Terrain\n|upkeep\n|turn|7\n|\n|t:|1651941062\n|move|p2a: Grookey|Knock Off|p1a: Ferroseed\n|-damage|p1a: Ferroseed|46\/100\n|-damage|p2a: Grookey|91\/100 par|[from] ability: Iron Barbs|[of] p1a: Ferroseed\n|move|p1a: Ferroseed|Spikes|p2a: Grookey\n|-sidestart|p2: kirinok0usaka|Spikes\n|\n|-heal|p2a: Grookey|96\/100 par|[from] Grassy Terrain\n|-heal|p1a: Ferroseed|50\/100|[from] Grassy Terrain\n|upkeep\n|turn|8\n|\n|t:|1651941067\n|move|p2a: Grookey|Drain Punch|p1a: Ferroseed\n|-supereffective|p1a: Ferroseed\n|-damage|p1a: Ferroseed|0 fnt\n|-heal|p2a: Grookey|100\/100 par|[from] drain|[of] p1a: Ferroseed\n|-damage|p2a: Grookey|91\/100 par|[from] ability: Iron Barbs|[of] p1a: Ferroseed\n|faint|p1a: Ferroseed\n|\n|-heal|p2a: Grookey|96\/100 par|[from] Grassy Terrain\n|-fieldend|move: Grassy Terrain\n|upkeep\n|\n|t:|1651941070\n|switch|p1a: Koffing|Koffing, L5, F|100\/100\n|-ability|p1a: Koffing|Neutralizing Gas\n|turn|9\n|\n|t:|1651941094\n|move|p1a: Koffing|Sludge Bomb|p2a: Grookey\n|-supereffective|p2a: Grookey\n|-crit|p2a: Grookey\n|-damage|p2a: Grookey|0 fnt\n|faint|p2a: Grookey\n|\n|upkeep\n|inactive|kirinok0usaka has 270 seconds left.\n|\n|t:|1651941111\n|switch|p2a: Koffing|Koffing, L5, M|80\/100\n|-ability|p2a: Koffing|Neutralizing Gas\n|-damage|p2a: Koffing|70\/100|[from] Spikes\n|-damage|p2a: Koffing|60\/100|[from] Stealth Rock\n|turn|10\n|\n|t:|1651941116\n|switch|p1a: Diglett|Diglett, L5, M|100\/100\n|move|p2a: Koffing|Will-O-Wisp|p1a: Diglett\n|-status|p1a: Diglett|brn\n|\n|-damage|p1a: Diglett|95\/100 brn|[from] brn\n|upkeep\n|turn|11\n|\n|t:|1651941133\n|move|p1a: Diglett|Earthquake|p2a: Koffing\n|-supereffective|p2a: Koffing\n|-damage|p2a: Koffing|30\/100\n|move|p2a: Koffing|Sludge Bomb|p1a: Diglett\n|-resisted|p1a: Diglett\n|-damage|p1a: Diglett|69\/100 brn\n|\n|-damage|p1a: Diglett|64\/100 brn|[from] brn\n|upkeep\n|turn|12\n|inactive|kirinok0usaka has 270 seconds left.\n|\n|t:|1651941154\n|move|p1a: Diglett|Earthquake|p2a: Koffing\n|-supereffective|p2a: Koffing\n|-damage|p2a: Koffing|0 fnt\n|faint|p2a: Koffing\n|-end|p2a: Koffing|ability: Neutralizing Gas\n|\n|-damage|p1a: Diglett|58\/100 brn|[from] brn\n|upkeep\n|\n|t:|1651941155\n|switch|p2a: Tyrunt|Tyrunt, L5, F|100\/100\n|-damage|p2a: Tyrunt|91\/100|[from] Stealth Rock\n|-damage|p2a: Tyrunt|82\/100|[from] Spikes\n|turn|13\n|\n|t:|1651941166\n|switch|p1a: Frillish|Frillish, L5, F|100\/100\n|move|p2a: Tyrunt|Dragon Dance|p2a: Tyrunt\n|-boost|p2a: Tyrunt|atk|1\n|-boost|p2a: Tyrunt|spe|1\n|\n|upkeep\n|turn|14\n|\n|t:|1651941169\n|move|p2a: Tyrunt|Rock Blast|p1a: Frillish\n|-damage|p1a: Frillish|84\/100\n|-start|p2a: Tyrunt|Disable|Rock Blast|[from] ability: Cursed Body|[of] p1a: Frillish\n|-damage|p1a: Frillish|68\/100\n|-damage|p1a: Frillish|52\/100\n|-damage|p1a: Frillish|36\/100\n|-damage|p1a: Frillish|20\/100\n|-hitcount|p1a: Frillish|5\n|move|p1a: Frillish|Will-O-Wisp|p2a: Tyrunt\n|-status|p2a: Tyrunt|brn\n|\n|-damage|p2a: Tyrunt|78\/100 brn|[from] brn\n|upkeep\n|turn|15\n|\n|t:|1651941198\n|move|p2a: Tyrunt|Psychic Fangs|p1a: Frillish\n|-damage|p1a: Frillish|0 fnt\n|faint|p1a: Frillish\n|\n|-damage|p2a: Tyrunt|73\/100 brn|[from] brn\n|upkeep\n|\n|t:|1651941199\n|switch|p1a: Mienfoo|Mienfoo, L5, M|100\/100\n|turn|16\n|\n|t:|1651941205\n|move|p2a: Tyrunt|Psychic Fangs|p1a: Mienfoo\n|-supereffective|p1a: Mienfoo\n|-damage|p1a: Mienfoo|34\/100\n|move|p1a: Mienfoo|High Jump Kick|p2a: Tyrunt\n|-supereffective|p2a: Tyrunt\n|-damage|p2a: Tyrunt|0 fnt\n|faint|p2a: Tyrunt\n|\n|upkeep\n|inactive|kirinok0usaka has 270 seconds left.\n|\n|t:|1651941249\n|switch|p2a: Staryu|Staryu, L5|100\/100\n|-damage|p2a: Staryu|90\/100|[from] Stealth Rock\n|-damage|p2a: Staryu|79\/100|[from] Spikes\n|turn|17\n|\n|t:|1651941252\n|switch|p1a: Diglett|Diglett, L5, M|58\/100 brn\n|move|p2a: Staryu|Hydro Pump|p1a: Diglett\n|-supereffective|p1a: Diglett\n|-damage|p1a: Diglett|0 fnt\n|faint|p1a: Diglett\n|\n|upkeep\n|\n|t:|1651941264\n|switch|p1a: Mienfoo|Mienfoo, L5, M|67\/100\n|turn|18\n|inactive|kirinok0usaka has 270 seconds left.\n|\n|t:|1651941302\n|switch|p2a: Mienfoo|Mienfoo, L5, F|100\/100\n|-damage|p2a: Mienfoo|96\/100|[from] Stealth Rock\n|-damage|p2a: Mienfoo|86\/100|[from] Spikes\n|move|p1a: Mienfoo|Fake Out|p2a: Mienfoo\n|-damage|p2a: Mienfoo|72\/100\n|\n|upkeep\n|turn|19\n|\n|t:|1651941307\n|switch|p1a: Koffing|Koffing, L5, F|100\/100\n|-ability|p1a: Koffing|Neutralizing Gas\n|move|p2a: Mienfoo|Knock Off|p1a: Koffing\n|-damage|p1a: Koffing|77\/100\n|-enditem|p1a: Koffing|Eviolite|[from] move: Knock Off|[of] p2a: Mienfoo\n|\n|upkeep\n|turn|20\n|\n|t:|1651941313\n|switch|p2a: Pawniard|Pawniard, L5, F|100\/100\n|-damage|p2a: Pawniard|96\/100|[from] Stealth Rock\n|-damage|p2a: Pawniard|86\/100|[from] Spikes\n|move|p1a: Koffing|Thief|p2a: Pawniard\n|-resisted|p2a: Pawniard\n|-damage|p2a: Pawniard|81\/100\n|-enditem|p2a: Pawniard|Eviolite|[silent]|[from] move: Thief|[of] p1a: Koffing\n|-item|p1a: Koffing|Eviolite|[from] move: Thief|[of] p2a: Pawniard\n|\n|upkeep\n|turn|21\n|\n|t:|1651941335\n|move|p2a: Pawniard|Knock Off|p1a: Koffing\n|-damage|p1a: Koffing|43\/100\n|-enditem|p1a: Koffing|Eviolite|[from] move: Knock Off|[of] p2a: Pawniard\n|move|p1a: Koffing|Fire Blast|p2a: Pawniard\n|-supereffective|p2a: Pawniard\n|-damage|p2a: Pawniard|0 fnt\n|faint|p2a: Pawniard\n|\n|upkeep\n|inactive|kirinok0usaka has 270 seconds left.\n|inactive|kirinok0usaka has 240 seconds left.\n|inactive|kirinok0usaka has 210 seconds left.\n|\n|t:|1651941409\n|switch|p2a: Staryu|Staryu, L5|79\/100\n|-damage|p2a: Staryu|69\/100|[from] Spikes\n|-damage|p2a: Staryu|58\/100|[from] Stealth Rock\n|turn|22\n|inactive|kirinok0usaka has 210 seconds left.\n|inactive|kirinok0usaka has 180 seconds left.\n|\n|t:|1651941458\n|move|p2a: Staryu|Thunderbolt|p1a: Koffing\n|-damage|p1a: Koffing|0 fnt\n|faint|p1a: Koffing\n|-end|p1a: Koffing|ability: Neutralizing Gas\n|\n|upkeep\n|\n|t:|1651941462\n|switch|p1a: Mienfoo|Mienfoo, L5, M|100\/100\n|turn|23\n|\n|t:|1651941466\n|move|p1a: Mienfoo|Fake Out|p2a: Staryu\n|-damage|p2a: Staryu|43\/100\n|cant|p2a: Staryu|flinch\n|\n|upkeep\n|turn|24\n|\n|t:|1651941469\n|move|p2a: Staryu|Hydro Pump|p1a: Mienfoo\n|-damage|p1a: Mienfoo|53\/100\n|move|p1a: Mienfoo|High Jump Kick|p2a: Staryu|[miss]\n|-miss|p1a: Mienfoo|p2a: Staryu\n|-damage|p1a: Mienfoo|5\/100|[from] highjumpkick\n|\n|upkeep\n|turn|25\n|c|\u2606kirinok0usaka|oof\n|c|\u2606kirinok0usaka|sorry\n|c|\u2606Color my life|its ok\n|c|\u2606Color my life|gl\n|\n|t:|1651941484\n|move|p2a: Staryu|Thunderbolt|p1a: Mienfoo\n|-damage|p1a: Mienfoo|0 fnt\n|faint|p1a: Mienfoo\n|\n|win|kirinok0usaka\n","uploadtime":1651941485,"views":27,"p1id":"colormylife","p2id":"kirinok0usaka","formatid":"gen8lc","rating":0,"private":0,"password":null}