{"id":"smogtours-gen8ubers-640850","p1":"Skysolo \u2764","p2":"Edna the goat","format":"gen8ubers","log":"|inactive|Battle timer is ON: inactive players will automatically lose when time's up.\n|t:|1659042005\n|gametype|singles\n|player|p1|Skysolo \u2764|#pspl2019ubers|\n|player|p2|Edna the goat|roxie|\n|teamsize|p1|6\n|teamsize|p2|6\n|gen|8\n|tier|[Gen 8] Ubers\n|rule|Sleep Clause Mod: Limit one foe put to sleep\n|rule|Species Clause: Limit one of each Pok\u00e9mon\n|rule|OHKO Clause: OHKO moves are banned\n|rule|Evasion Moves Clause: Evasion moves are banned\n|rule|Endless Battle Clause: Forcing endless battles is banned\n|rule|HP Percentage Mod: HP is shown in percentages\n|rule|Dynamax Clause: You cannot dynamax\n|clearpoke\n|poke|p1|Marshadow|\n|poke|p1|Eternatus|\n|poke|p1|Yveltal|\n|poke|p1|Necrozma-Dusk-Mane|\n|poke|p1|Groudon|\n|poke|p1|Calyrex-Shadow|\n|poke|p2|Calyrex-Shadow|\n|poke|p2|Yveltal|\n|poke|p2|Magnezone|\n|poke|p2|Xerneas-*|\n|poke|p2|Necrozma-Dusk-Mane|\n|poke|p2|Palkia|\n|teampreview\n|c|\u2606Edna the goat|hf\n|c|\u2606Skysolo \u2764|u2\n|inactive|Edna the goat has 270 seconds left.\n|inactive|Skysolo \u2764 has 270 seconds left.\n|\n|t:|1659042061\n|start\n|switch|p1a: Yveltal|Yveltal|100\/100\n|switch|p2a: Yveltal|Yveltal|100\/100\n|-ability|p1a: Yveltal|Dark Aura\n|-ability|p2a: Yveltal|Dark Aura\n|turn|1\n|\n|t:|1659042075\n|move|p1a: Yveltal|U-turn|p2a: Yveltal\n|-damage|p2a: Yveltal|84\/100\n|\n|t:|1659042078\n|switch|p1a: Eternatus|Eternatus|100\/100|[from]move: U-turn\n|-ability|p1a: Eternatus|Pressure\n|-item|p1a: Eternatus|Air Balloon\n|move|p2a: Yveltal|Knock Off|p1a: Eternatus\n|-damage|p1a: Eternatus|58\/100\n|-enditem|p1a: Eternatus|Air Balloon\n|\n|upkeep\n|turn|2\n|\n|t:|1659042089\n|switch|p2a: Calyrex|Calyrex-Shadow|100\/100\n|-ability|p2a: Calyrex|As One\n|-ability|p2a: Calyrex|Unnerve\n|move|p1a: Eternatus|Recover|p1a: Eternatus\n|-heal|p1a: Eternatus|100\/100\n|\n|upkeep\n|turn|3\n|\n|t:|1659042097\n|switch|p2a: Xerneas|Xerneas|100\/100\n|-ability|p2a: Xerneas|Fairy Aura\n|move|p1a: Eternatus|Dynamax Cannon|p2a: Xerneas\n|-immune|p2a: Xerneas\n|\n|upkeep\n|turn|4\n|\n|t:|1659042105\n|switch|p2a: Necrozma|Necrozma-Dusk-Mane|100\/100\n|move|p1a: Eternatus|Flamethrower|p2a: Necrozma\n|-supereffective|p2a: Necrozma\n|-damage|p2a: Necrozma|75\/100\n|\n|-heal|p2a: Necrozma|81\/100|[from] item: Leftovers\n|upkeep\n|turn|5\n|\n|t:|1659042115\n|switch|p1a: Groudon|Groudon|100\/100\n|-weather|SunnyDay|[from] ability: Drought|[of] p1a: Groudon\n|move|p2a: Necrozma|Stealth Rock|p1a: Groudon\n|-sidestart|p1: Skysolo \u2764|move: Stealth Rock\n|\n|-weather|SunnyDay|[upkeep]\n|-heal|p2a: Necrozma|87\/100|[from] item: Leftovers\n|upkeep\n|turn|6\n|\n|t:|1659042124\n|switch|p2a: Palkia|Palkia|100\/100\n|-ability|p2a: Palkia|Pressure\n|move|p1a: Groudon|Stealth Rock|p2a: Palkia\n|-sidestart|p2: Edna the goat|move: Stealth Rock\n|\n|-weather|SunnyDay|[upkeep]\n|upkeep\n|turn|7\n|\n|t:|1659042145\n|move|p2a: Palkia|Substitute|p2a: Palkia\n|-start|p2a: Palkia|Substitute\n|-damage|p2a: Palkia|76\/100\n|move|p1a: Groudon|Precipice Blades|p2a: Palkia\n|-end|p2a: Palkia|Substitute\n|\n|-weather|SunnyDay|[upkeep]\n|-heal|p2a: Palkia|82\/100|[from] item: Leftovers\n|upkeep\n|turn|8\n|\n|t:|1659042154\n|switch|p1a: Marshadow|Marshadow|100\/100\n|-damage|p1a: Marshadow|94\/100|[from] Stealth Rock\n|move|p2a: Palkia|Bulk Up|p2a: Palkia\n|-boost|p2a: Palkia|atk|1\n|-boost|p2a: Palkia|def|1\n|\n|-weather|SunnyDay|[upkeep]\n|-heal|p2a: Palkia|88\/100|[from] item: Leftovers\n|upkeep\n|turn|9\n|\n|t:|1659042166\n|move|p1a: Marshadow|Low Kick|p2a: Palkia\n|-damage|p2a: Palkia|29\/100\n|move|p2a: Palkia|Scale Shot|p1a: Marshadow\n|-damage|p1a: Marshadow|72\/100\n|-damage|p1a: Marshadow|51\/100\n|-damage|p1a: Marshadow|29\/100\n|-damage|p1a: Marshadow|5\/100\n|-hitcount|p1a: Marshadow|4\n|-unboost|p2a: Palkia|def|1\n|-boost|p2a: Palkia|spe|1\n|\n|-weather|none\n|-heal|p2a: Palkia|35\/100|[from] item: Leftovers\n|upkeep\n|turn|10\n|\n|t:|1659042191\n|move|p2a: Palkia|Liquidation|p1a: Marshadow\n|-damage|p1a: Marshadow|0 fnt\n|faint|p1a: Marshadow\n|\n|-heal|p2a: Palkia|41\/100|[from] item: Leftovers\n|upkeep\n|\n|t:|1659042197\n|switch|p1a: Calyrex|Calyrex-Shadow|100\/100\n|-ability|p1a: Calyrex|As One\n|-ability|p1a: Calyrex|Unnerve\n|-damage|p1a: Calyrex|88\/100|[from] Stealth Rock\n|turn|11\n|\n|t:|1659042213\n|move|p2a: Palkia|Liquidation|p1a: Calyrex\n|-damage|p1a: Calyrex|31\/100\n|-unboost|p1a: Calyrex|def|1\n|move|p1a: Calyrex|Substitute|p1a: Calyrex\n|-start|p1a: Calyrex|Substitute\n|-damage|p1a: Calyrex|6\/100\n|\n|-heal|p2a: Palkia|47\/100|[from] item: Leftovers\n|-heal|p1a: Calyrex|12\/100|[from] item: Leftovers\n|upkeep\n|turn|12\n|\n|t:|1659042219\n|move|p2a: Palkia|Scale Shot|p1a: Calyrex\n|-end|p1a: Calyrex|Substitute\n|-damage|p1a: Calyrex|0 fnt\n|faint|p1a: Calyrex\n|-hitcount|p1: Calyrex|2\n|-unboost|p2a: Palkia|def|1\n|-boost|p2a: Palkia|spe|1\n|\n|-heal|p2a: Palkia|53\/100|[from] item: Leftovers\n|upkeep\n|\n|t:|1659042228\n|switch|p1a: Eternatus|Eternatus|100\/100\n|-damage|p1a: Eternatus|88\/100|[from] Stealth Rock\n|-ability|p1a: Eternatus|Pressure\n|turn|13\n|\n|t:|1659042235\n|move|p2a: Palkia|Scale Shot|p1a: Eternatus\n|-supereffective|p1a: Eternatus\n|-damage|p1a: Eternatus|63\/100\n|-supereffective|p1a: Eternatus\n|-damage|p1a: Eternatus|36\/100\n|-supereffective|p1a: Eternatus\n|-damage|p1a: Eternatus|10\/100\n|-supereffective|p1a: Eternatus\n|-damage|p1a: Eternatus|0 fnt\n|faint|p1a: Eternatus\n|-hitcount|p1: Eternatus|4\n|-unboost|p2a: Palkia|def|1\n|-boost|p2a: Palkia|spe|1\n|\n|-heal|p2a: Palkia|59\/100|[from] item: Leftovers\n|upkeep\n|\n|t:|1659042240\n|switch|p1a: Groudon|Groudon|100\/100\n|-damage|p1a: Groudon|94\/100|[from] Stealth Rock\n|-weather|SunnyDay|[from] ability: Drought|[of] p1a: Groudon\n|turn|14\n|\n|t:|1659042252\n|move|p2a: Palkia|Liquidation|p1a: Groudon\n|-supereffective|p1a: Groudon\n|-damage|p1a: Groudon|68\/100\n|move|p1a: Groudon|Precipice Blades|p2a: Palkia\n|-damage|p2a: Palkia|0 fnt\n|faint|p2a: Palkia\n|\n|-weather|SunnyDay|[upkeep]\n|-heal|p1a: Groudon|74\/100|[from] item: Leftovers\n|upkeep\n|\n|t:|1659042262\n|switch|p2a: Calyrex|Calyrex-Shadow|100\/100\n|-ability|p2a: Calyrex|As One\n|-ability|p2a: Calyrex|Unnerve\n|-damage|p2a: Calyrex|88\/100|[from] Stealth Rock\n|turn|15\n|\n|t:|1659042267\n|switch|p1a: Yveltal|Yveltal|100\/100\n|-ability|p1a: Yveltal|Dark Aura\n|move|p2a: Calyrex|Substitute|p2a: Calyrex\n|-start|p2a: Calyrex|Substitute\n|-damage|p2a: Calyrex|63\/100\n|\n|-weather|SunnyDay|[upkeep]\n|-heal|p2a: Calyrex|69\/100|[from] item: Leftovers\n|upkeep\n|turn|16\n|\n|t:|1659042289\n|move|p2a: Calyrex|Nasty Plot|p2a: Calyrex\n|-boost|p2a: Calyrex|spa|2\n|move|p1a: Yveltal|Knock Off|p2a: Calyrex\n|-supereffective|p2a: Calyrex\n|-end|p2a: Calyrex|Substitute\n|\n|-weather|SunnyDay|[upkeep]\n|-heal|p2a: Calyrex|76\/100|[from] item: Leftovers\n|upkeep\n|turn|17\n|\n|t:|1659042297\n|move|p2a: Calyrex|Disable|p1a: Yveltal\n|-start|p1a: Yveltal|Disable|Knock Off\n|cant|p1a: Yveltal|Disable|Knock Off\n|\n|-weather|SunnyDay|[upkeep]\n|-heal|p2a: Calyrex|82\/100|[from] item: Leftovers\n|upkeep\n|turn|18\n|\n|t:|1659042304\n|move|p2a: Calyrex|Substitute|p2a: Calyrex\n|-start|p2a: Calyrex|Substitute\n|-damage|p2a: Calyrex|57\/100\n|move|p1a: Yveltal|U-turn|p2a: Calyrex\n|-activate|p2a: Calyrex|move: Substitute|[damage]\n|-message|Skysolo \u2764 forfeited.\n|\n|win|Edna the goat\n|c|\u2606Edna the goat|gg\n","uploadtime":1659042309,"views":39,"p1id":"skysolo","p2id":"ednathegoat","formatid":"gen8ubers","rating":0,"private":0,"password":null}