{"id":"smogtours-gen8bdsplc-625357","p1":"Laroxyl","p2":"Eonito\u30c4","format":"gen8bdsplc","log":"|inactive|Battle timer is ON: inactive players will automatically lose when time's up.\n|t:|1652106087\n|gametype|singles\n|player|p1|Laroxyl|#scl1spartans|\n|player|p2|Eonito\u30c4|tate|\n|teamsize|p1|6\n|teamsize|p2|6\n|gen|8\n|tier|[Gen 8 BDSP] LC\n|rule|Sleep Clause Mod: Limit one foe put to sleep\n|rule|Species Clause: Limit one of each Pok\u00e9mon\n|rule|OHKO Clause: OHKO moves are banned\n|rule|Evasion Moves Clause: Evasion moves are banned\n|rule|Endless Battle Clause: Forcing endless battles is banned\n|rule|HP Percentage Mod: HP is shown in percentages\n|clearpoke\n|poke|p1|Meowth, L5, F|\n|poke|p1|Snubbull, L5, M|\n|poke|p1|Munchlax, L5, M|\n|poke|p1|Abra, L5, M|\n|poke|p1|Mankey, L5, F|\n|poke|p1|Onix, L5, M|\n|poke|p2|Munchlax, L5, F|\n|poke|p2|Abra, L5, F|\n|poke|p2|Onix, L5, F|\n|poke|p2|Croagunk, L5, F|\n|poke|p2|Drifloon, L5, M|\n|poke|p2|Elekid, L5, M|\n|teampreview\n|inactive|Eonito\u30c4 also wants the timer to be on.\n|c|\u2606Eonito\u30c4|hf\n|c|\u2606Laroxyl|hf\n|inactive|Laroxyl has 270 seconds left.\n|inactive|Eonito\u30c4 has 270 seconds left.\n|inactive|Eonito\u30c4 has 240 seconds left.\n|inactive|Eonito\u30c4 has 210 seconds left.\n|c|+Sputnikk|EO EO EO\n|inactive|Eonito\u30c4 has 180 seconds left.\n|inactive|Eonito\u30c4 has 150 seconds left.\n|\n|t:|1652106251\n|start\n|switch|p1a: Meowth|Meowth, L5, F|100\/100\n|switch|p2a: javier calvo|Croagunk, L5, F|100\/100\n|turn|1\n|inactive|Eonito\u30c4 has 180 seconds left.\n|\n|t:|1652106286\n|move|p1a: Meowth|Fake Out|p2a: javier calvo\n|-damage|p2a: javier calvo|46\/100\n|-enditem|p2a: javier calvo|Berry Juice\n|-heal|p2a: javier calvo|100\/100|[from] item: Berry Juice\n|-damage|p1a: Meowth|95\/100|[from] item: Life Orb\n|cant|p2a: javier calvo|flinch\n|\n|upkeep\n|turn|2\n|\n|t:|1652106306\n|switch|p1a: Onix|Onix, L5, M|100\/100\n|move|p2a: javier calvo|Focus Blast|p1a: Onix\n|-supereffective|p1a: Onix\n|-ability|p1a: Onix|Sturdy\n|-damage|p1a: Onix|5\/100\n|-enditem|p1a: Onix|Berry Juice\n|-heal|p1a: Onix|100\/100|[from] item: Berry Juice\n|\n|upkeep\n|turn|3\n|\n|t:|1652106322\n|switch|p2a: jc|Onix, L5, F|100\/100\n|move|p1a: Onix|Earthquake|p2a: jc\n|-supereffective|p2a: jc\n|-damage|p2a: jc|15\/100\n|-enditem|p2a: jc|Berry Juice\n|-heal|p2a: jc|100\/100|[from] item: Berry Juice\n|\n|upkeep\n|turn|4\n|inactive|Eonito\u30c4 has 180 seconds left.\n|\n|t:|1652106349\n|move|p1a: Onix|Earthquake|p2a: jc\n|-supereffective|p2a: jc\n|-damage|p2a: jc|15\/100\n|move|p2a: jc|Earthquake|p1a: Onix\n|-supereffective|p1a: Onix\n|-damage|p1a: Onix|10\/100\n|\n|upkeep\n|turn|5\n|\n|t:|1652106371\n|move|p1a: Onix|Earthquake|p2a: jc\n|-supereffective|p2a: jc\n|-damage|p2a: jc|0 fnt\n|faint|p2a: jc\n|\n|upkeep\n|\n|t:|1652106387\n|switch|p2a: yeisi|Abra, L5, F|100\/100\n|turn|6\n|\n|t:|1652106404\n|move|p2a: yeisi|Knock Off|p1a: Onix\n|-damage|p1a: Onix|0 fnt\n|faint|p1a: Onix\n|\n|upkeep\n|inactive|Laroxyl has 270 seconds left.\n|inactive|Laroxyl has 240 seconds left.\n|inactive|Laroxyl has 210 seconds left.\n|\n|t:|1652106495\n|switch|p1a: Mankey|Mankey, L5, F|100\/100\n|turn|7\n|inactive|Eonito\u30c4 has 180 seconds left.\n|\n|t:|1652106504\n|switch|p2a: best chef|Drifloon, L5, M, shiny|100\/100\n|move|p1a: Mankey|U-turn|p2a: best chef\n|-resisted|p2a: best chef\n|-damage|p2a: best chef|93\/100\n|inactive|Laroxyl has 180 seconds left.\n|inactive|Laroxyl has 150 seconds left.\n|inactive|Laroxyl has 120 seconds left.\n|\n|t:|1652106601\n|switch|p1a: Munchlax|Munchlax, L5, M|100\/100|[from]move: U-turn\n|\n|upkeep\n|turn|8\n|inactive|Eonito\u30c4 has 180 seconds left.\n|\n|t:|1652106633\n|switch|p2a: jotace|Munchlax, L5, F|100\/100\n|move|p1a: Munchlax|Curse|p1a: Munchlax\n|-unboost|p1a: Munchlax|spe|1\n|-boost|p1a: Munchlax|atk|1\n|-boost|p1a: Munchlax|def|1\n|\n|upkeep\n|turn|9\n|inactive|Laroxyl has 120 seconds left.\n|\n|t:|1652106650\n|switch|p1a: Abra|Abra, L5, M|100\/100\n|move|p2a: jotace|Curse|p2a: jotace\n|-unboost|p2a: jotace|spe|1\n|-boost|p2a: jotace|atk|1\n|-boost|p2a: jotace|def|1\n|\n|upkeep\n|turn|10\n|inactive|Eonito\u30c4 has 180 seconds left.\n|\n|t:|1652106660\n|switch|p2a: xjckillerx|Elekid, L5, M|100\/100\n|move|p1a: Abra|Knock Off|p2a: xjckillerx\n|-damage|p2a: xjckillerx|72\/100\n|-enditem|p2a: xjckillerx|Choice Scarf|[from] move: Knock Off|[of] p1a: Abra\n|\n|upkeep\n|turn|11\n|inactive|Laroxyl has 120 seconds left.\n|inactive|Eonito\u30c4 has 180 seconds left.\n|inactive|Laroxyl has 90 seconds left.\n|\n|t:|1652106706\n|move|p2a: xjckillerx|Volt Switch|p1a: Abra\n|-damage|p1a: Abra|32\/100\n|\n|t:|1652106710\n|switch|p2a: jotace|Munchlax, L5, F|100\/100|[from]move: Volt Switch\n|move|p1a: Abra|Psychic|p2a: jotace\n|-damage|p2a: jotace|60\/100\n|\n|upkeep\n|turn|12\n|inactive|Laroxyl has 90 seconds left.\n|inactive|Eonito\u30c4 has 180 seconds left.\n|inactive|Laroxyl has 60 seconds left.\n|\n|t:|1652106748\n|move|p1a: Abra|Knock Off|p2a: jotace\n|-damage|p2a: jotace|47\/100\n|-enditem|p2a: jotace|Berry Juice|[from] move: Knock Off|[of] p1a: Abra\n|move|p2a: jotace|Facade|p1a: Abra\n|-damage|p1a: Abra|0 fnt\n|faint|p1a: Abra\n|\n|upkeep\n|inactive|Laroxyl has 60 seconds left.\n|\n|t:|1652106775\n|switch|p1a: Munchlax|Munchlax, L5, M|100\/100\n|turn|13\n|inactive|Eonito\u30c4 has 180 seconds left.\n|\n|t:|1652106785\n|move|p1a: Munchlax|Facade|p2a: jotace\n|-damage|p2a: jotace|7\/100\n|move|p2a: jotace|Curse|p2a: jotace\n|-unboost|p2a: jotace|spe|1\n|-boost|p2a: jotace|atk|1\n|-boost|p2a: jotace|def|1\n|\n|upkeep\n|turn|14\n|\n|t:|1652106804\n|move|p1a: Munchlax|Facade|p2a: jotace\n|-damage|p2a: jotace|0 fnt\n|faint|p2a: jotace\n|\n|upkeep\n|\n|t:|1652106807\n|switch|p2a: javier calvo|Croagunk, L5, F|100\/100\n|turn|15\n|inactive|Laroxyl has 30 seconds left.\n|inactive|Laroxyl has 20 seconds left.\n|\n|t:|1652106843\n|switch|p1a: Snubbull|Snubbull, L5, M|100\/100\n|-ability|p1a: Snubbull|Intimidate|boost\n|-unboost|p2a: javier calvo|atk|1\n|move|p2a: javier calvo|Focus Blast|p1a: Snubbull|[miss]\n|-miss|p2a: javier calvo|p1a: Snubbull\n|\n|upkeep\n|turn|16\n|inactive|Laroxyl has 30 seconds left this turn.\n|inactive|Eonito\u30c4 has 210 seconds left.\n|inactive|Laroxyl has 20 seconds left.\n|inactive|Eonito\u30c4 has 180 seconds left.\n|inactive|Eonito\u30c4 has 150 seconds left.\n|\n|t:|1652106933\n|switch|p1a: Meowth|Meowth, L5, F|95\/100\n|move|p2a: javier calvo|Shadow Ball|p1a: Meowth\n|-immune|p1a: Meowth\n|\n|upkeep\n|turn|17\n|inactive|Laroxyl has 30 seconds left this turn.\n|inactive|Laroxyl has 20 seconds left.\n|inactive|Laroxyl has 15 seconds left.\n|inactive|Eonito\u30c4 has 120 seconds left.\n|\n|t:|1652106970\n|switch|p2a: best chef|Drifloon, L5, M, shiny|93\/100\n|move|p1a: Meowth|Fake Out|p2a: best chef\n|-immune|p2a: best chef\n|\n|upkeep\n|turn|18\n|inactive|Laroxyl has 25 seconds left this turn.\n|inactive|Eonito\u30c4 has 120 seconds left.\n|\n|t:|1652106978\n|switch|p1a: Munchlax|Munchlax, L5, M|100\/100\n|move|p2a: best chef|Thunderbolt|p1a: Munchlax\n|-damage|p1a: Munchlax|80\/100\n|\n|upkeep\n|turn|19\n|inactive|Laroxyl has 30 seconds left.\n|\n|t:|1652106988\n|switch|p2a: yeisi|Abra, L5, F|100\/100\n|move|p1a: Munchlax|Facade|p2a: yeisi\n|-damage|p2a: yeisi|16\/100\n|\n|upkeep\n|turn|20\n|inactive|Laroxyl has 30 seconds left.\n|inactive|Laroxyl has 20 seconds left.\n|inactive|Laroxyl has 15 seconds left.\n|inactive|Laroxyl has 10 seconds left.\n|\n|t:|1652107013\n|switch|p1a: Meowth|Meowth, L5, F|95\/100\n|move|p2a: yeisi|Knock Off|p1a: Meowth\n|-damage|p1a: Meowth|64\/100\n|-enditem|p1a: Meowth|Life Orb|[from] move: Knock Off|[of] p2a: yeisi\n|\n|upkeep\n|turn|21\n|inactive|Laroxyl has 20 seconds left this turn.\n|inactive|Laroxyl has 15 seconds left.\n|inactive|Laroxyl has 10 seconds left.\n|\n|t:|1652107027\n|switch|p2a: best chef|Drifloon, L5, M, shiny|93\/100\n|move|p1a: Meowth|Water Pulse|p2a: best chef\n|-damage|p2a: best chef|75\/100\n|\n|upkeep\n|turn|22\n|inactive|Laroxyl has 20 seconds left this turn.\n|inactive|Laroxyl has 15 seconds left.\n|inactive|Laroxyl has 10 seconds left.\n|\n|t:|1652107041\n|switch|p2a: yeisi|Abra, L5, F|16\/100\n|move|p1a: Meowth|Bite|p2a: yeisi\n|-supereffective|p2a: yeisi\n|-damage|p2a: yeisi|0 fnt\n|faint|p2a: yeisi\n|\n|upkeep\n|inactive|Laroxyl has 15 seconds left this turn.\n|inactive|Eonito\u30c4 has 120 seconds left.\n|\n|t:|1652107062\n|switch|p2a: javier calvo|Croagunk, L5, F|100\/100\n|turn|23\n|inactive|Laroxyl has 25 seconds left this turn.\n|\n|t:|1652107067\n|move|p1a: Meowth|Feint|p2a: javier calvo\n|-damage|p2a: javier calvo|69\/100\n|move|p2a: javier calvo|Vacuum Wave|p1a: Meowth\n|-supereffective|p1a: Meowth\n|-damage|p1a: Meowth|0 fnt\n|faint|p1a: Meowth\n|\n|upkeep\n|inactive|Laroxyl has 30 seconds left this turn.\n|inactive|Laroxyl has 20 seconds left.\n|\n|t:|1652107079\n|switch|p1a: Mankey|Mankey, L5, F|100\/100\n|turn|24\n|inactive|Laroxyl has 30 seconds left this turn.\n|\n|t:|1652107095\n|switch|p2a: xjckillerx|Elekid, L5, M|72\/100\n|move|p1a: Mankey|U-turn|p2a: xjckillerx\n|-damage|p2a: xjckillerx|20\/100\n|inactive|Laroxyl has 30 seconds left this turn.\n|\n|t:|1652107099\n|switch|p1a: Snubbull|Snubbull, L5, M|100\/100|[from]move: U-turn\n|-ability|p1a: Snubbull|Intimidate|boost\n|-unboost|p2a: xjckillerx|atk|1\n|\n|upkeep\n|turn|25\n|inactive|Laroxyl has 30 seconds left.\n|inactive|Eonito\u30c4 has 120 seconds left.\n|\n|t:|1652107133\n|move|p2a: xjckillerx|Psychic|p1a: Snubbull\n|-damage|p1a: Snubbull|61\/100\n|move|p1a: Snubbull|Thief|p2a: xjckillerx\n|-damage|p2a: xjckillerx|0 fnt\n|faint|p2a: xjckillerx\n|\n|upkeep\n|\n|t:|1652107154\n|switch|p2a: best chef|Drifloon, L5, M, shiny|75\/100\n|turn|26\n|\n|t:|1652107157\n|switch|p1a: Munchlax|Munchlax, L5, M|80\/100\n|move|p2a: best chef|Calm Mind|p2a: best chef\n|-boost|p2a: best chef|spa|1\n|-boost|p2a: best chef|spd|1\n|\n|upkeep\n|turn|27\n|inactive|Eonito\u30c4 has 90 seconds left.\n|\n|t:|1652107187\n|switch|p2a: javier calvo|Croagunk, L5, F|69\/100\n|move|p1a: Munchlax|Curse|p1a: Munchlax\n|-unboost|p1a: Munchlax|spe|1\n|-boost|p1a: Munchlax|atk|1\n|-boost|p1a: Munchlax|def|1\n|\n|upkeep\n|turn|28\n|inactive|Eonito\u30c4 has 90 seconds left.\n|\n|t:|1652107210\n|switch|p1a: Snubbull|Snubbull, L5, M|61\/100\n|-ability|p1a: Snubbull|Intimidate|boost\n|-unboost|p2a: javier calvo|atk|1\n|move|p2a: javier calvo|Nasty Plot|p2a: javier calvo\n|-boost|p2a: javier calvo|spa|2\n|\n|upkeep\n|turn|29\n|inactive|Laroxyl has 60 seconds left.\n|inactive|Eonito\u30c4 has 60 seconds left.\n|inactive|Laroxyl has 30 seconds left.\n|\n|t:|1652107264\n|move|p2a: javier calvo|Shadow Ball|p1a: Snubbull\n|-damage|p1a: Snubbull|0 fnt\n|faint|p1a: Snubbull\n|\n|upkeep\n|inactive|Laroxyl has 30 seconds left this turn.\n|\n|t:|1652107267\n|switch|p1a: Mankey|Mankey, L5, F|100\/100\n|turn|30\n|\n|t:|1652107277\n|switch|p2a: best chef|Drifloon, L5, M, shiny|75\/100\n|move|p1a: Mankey|Earthquake|p2a: best chef\n|-immune|p2a: best chef\n|\n|upkeep\n|turn|31\n|\n|t:|1652107297\n|switch|p1a: Munchlax|Munchlax, L5, M|80\/100\n|move|p2a: best chef|Shadow Ball|p1a: Munchlax\n|-immune|p1a: Munchlax\n|\n|upkeep\n|turn|32\n|inactive|Eonito\u30c4 has 60 seconds left.\n|inactive|Laroxyl has 30 seconds left.\n|\n|t:|1652107314\n|switch|p2a: javier calvo|Croagunk, L5, F|69\/100\n|move|p1a: Munchlax|Facade|p2a: javier calvo\n|-damage|p2a: javier calvo|10\/100\n|\n|upkeep\n|turn|33\n|inactive|Laroxyl has 30 seconds left.\n|inactive|Laroxyl has 20 seconds left.\n|\n|t:|1652107338\n|move|p2a: javier calvo|Focus Blast|p1a: Munchlax\n|-supereffective|p1a: Munchlax\n|-damage|p1a: Munchlax|0 fnt\n|faint|p1a: Munchlax\n|\n|upkeep\n|inactive|Laroxyl has 25 seconds left this turn.\n|\n|t:|1652107340\n|switch|p1a: Mankey|Mankey, L5, F|100\/100\n|turn|34\n|inactive|Laroxyl has 30 seconds left.\n|\n|t:|1652107346\n|move|p2a: javier calvo|Vacuum Wave|p1a: Mankey\n|-damage|p1a: Mankey|67\/100\n|move|p1a: Mankey|Night Slash|p2a: javier calvo\n|-resisted|p2a: javier calvo\n|-damage|p2a: javier calvo|0 fnt\n|faint|p2a: javier calvo\n|\n|upkeep\n|\n|t:|1652107360\n|switch|p2a: best chef|Drifloon, L5, M, shiny|75\/100\n|turn|35\n|c|\u2606Eonito\u30c4|gg\n|\n|t:|1652107365\n|move|p1a: Mankey|Night Slash|p2a: best chef\n|-supereffective|p2a: best chef\n|-damage|p2a: best chef|15\/100\n|-enditem|p2a: best chef|Berry Juice\n|-heal|p2a: best chef|89\/100|[from] item: Berry Juice\n|move|p2a: best chef|Shadow Ball|p1a: Mankey\n|-damage|p1a: Mankey|20\/100\n|\n|upkeep\n|turn|36\n|\n|t:|1652107370\n|move|p2a: best chef|Shadow Ball|p1a: Mankey\n|-damage|p1a: Mankey|0 fnt\n|faint|p1a: Mankey\n|\n|win|Eonito\u30c4\n","uploadtime":1652107371,"views":794,"p1id":"laroxyl","p2id":"eonito","formatid":"gen8bdsplc","rating":0,"private":0,"password":null}