{"id":"smogtours-gen6ou-592965","p1":"lonietzzz","p2":"ChaFouu","format":"gen6ou","log":"|inactive|Battle timer is ON: inactive players will automatically lose when time's up.\n|t:|1636840579\n|gametype|singles\n|player|p1|lonietzzz|pokemonbreederf|\n|player|p2|ChaFouu|gambler|\n|teamsize|p1|6\n|teamsize|p2|6\n|gen|6\n|tier|[Gen 6] OU\n|rule|Sleep Clause Mod: Limit one foe put to sleep\n|rule|Species Clause: Limit one of each Pok\u00e9mon\n|rule|OHKO Clause: OHKO moves are banned\n|rule|Moody Clause: Moody is banned\n|rule|Evasion Moves Clause: Evasion moves are banned\n|rule|Endless Battle Clause: Forcing endless battles is banned\n|rule|HP Percentage Mod: HP is shown in percentages\n|rule|Swagger Clause: Swagger is banned\n|clearpoke\n|poke|p1|Nidoking, M|item\n|poke|p1|Scizor, M|item\n|poke|p1|Slowbro, M|item\n|poke|p1|Heatran, F|item\n|poke|p1|Tornadus-Therian, M|item\n|poke|p1|Landorus-Therian, M|item\n|poke|p2|Metagross|item\n|poke|p2|Clefable, M|item\n|poke|p2|Weavile, F|item\n|poke|p2|Garchomp, M|item\n|poke|p2|Suicune|item\n|poke|p2|Latias, F|item\n|teampreview\n|c|\u2606ChaFouu|hf\n|c|\u2606lonietzzz|glhf\n|\n|t:|1636840606\n|start\n|switch|p1a: Scizor|Scizor, M|100\/100\n|switch|p2a: Weavile|Weavile, F|100\/100\n|turn|1\n|\n|t:|1636840613\n|switch|p2a: Garchomp|Garchomp, M|100\/100\n|detailschange|p1a: Scizor|Scizor-Mega, M\n|-mega|p1a: Scizor|Scizor|Scizorite\n|move|p1a: Scizor|U-turn|p2a: Garchomp\n|-damage|p2a: Garchomp|78\/100\n|-damage|p1a: Scizor|88\/100|[from] ability: Rough Skin|[of] p2a: Garchomp\n|-damage|p1a: Scizor|72\/100|[from] item: Rocky Helmet|[of] p2a: Garchomp\n|\n|t:|1636840625\n|switch|p1a: Slowbro|Slowbro, M|100\/100|[from]move: U-turn\n|\n|upkeep\n|turn|2\n|\n|t:|1636840636\n|switch|p2a: Clefable|Clefable, M|100\/100\n|move|p1a: Slowbro|Scald|p2a: Clefable\n|-damage|p2a: Clefable|77\/100\n|-status|p2a: Clefable|brn\n|\n|-heal|p2a: Clefable|83\/100 brn|[from] item: Leftovers\n|upkeep\n|turn|3\n|\n|t:|1636840648\n|switch|p2a: Suicune|Suicune|100\/100\n|-ability|p2a: Suicune|Pressure\n|switch|p1a: Nidoking|Nidoking, M|100\/100\n|\n|upkeep\n|turn|4\n|\n|t:|1636840664\n|move|p2a: Suicune|Scald|p1a: Nidoking\n|-supereffective|p1a: Nidoking\n|-damage|p1a: Nidoking|25\/100\n|-status|p1a: Nidoking|brn\n|move|p1a: Nidoking|Sludge Wave|p2a: Suicune\n|-damage|p2a: Suicune|54\/100\n|\n|-heal|p2a: Suicune|60\/100|[from] item: Leftovers\n|-damage|p1a: Nidoking|12\/100 brn|[from] brn\n|upkeep\n|turn|5\n|\n|t:|1636840676\n|switch|p1a: Tornadus|Tornadus-Therian, M|100\/100\n|move|p2a: Suicune|Scald|p1a: Tornadus\n|-damage|p1a: Tornadus|82\/100\n|\n|-heal|p2a: Suicune|67\/100|[from] item: Leftovers\n|upkeep\n|turn|6\n|\n|t:|1636840681\n|move|p2a: Suicune|Protect|p2a: Suicune\n|-singleturn|p2a: Suicune|Protect\n|move|p1a: Tornadus|Knock Off|p2a: Suicune\n|-activate|p2a: Suicune|move: Protect\n|\n|-heal|p2a: Suicune|73\/100|[from] item: Leftovers\n|upkeep\n|turn|7\n|\n|t:|1636840695\n|switch|p2a: Clefable|Clefable, M|83\/100 brn\n|move|p1a: Tornadus|Knock Off|p2a: Clefable\n|-resisted|p2a: Clefable\n|-damage|p2a: Clefable|74\/100 brn\n|-enditem|p2a: Clefable|Leftovers|[from] move: Knock Off|[of] p1a: Tornadus\n|\n|upkeep\n|turn|8\n|\n|t:|1636840700\n|switch|p1a: Heatran|Heatran, F|100\/100\n|move|p2a: Clefable|Thunder Wave|p1a: Heatran\n|-status|p1a: Heatran|par\n|\n|upkeep\n|turn|9\n|\n|t:|1636840712\n|switch|p2a: Garchomp|Garchomp, M|78\/100\n|move|p1a: Heatran|Magma Storm|p2a: Garchomp\n|-resisted|p2a: Garchomp\n|-damage|p2a: Garchomp|58\/100\n|-activate|p2a: Garchomp|move: Magma Storm|[of] p1a: Heatran\n|\n|-damage|p2a: Garchomp|46\/100|[from] move: Magma Storm|[partiallytrapped]\n|upkeep\n|turn|10\n|\n|t:|1636840717\n|switch|p1a: Landorus|Landorus-Therian, M|100\/100\n|-ability|p1a: Landorus|Intimidate|boost\n|-unboost|p2a: Garchomp|atk|1\n|move|p2a: Garchomp|Stealth Rock|p1a: Landorus\n|-sidestart|p1: lonietzzz|move: Stealth Rock\n|\n|-end|p2a: Garchomp|Magma Storm|[partiallytrapped]|[silent]\n|upkeep\n|turn|11\n|\n|t:|1636840730\n|switch|p2a: Clefable|Clefable, M|74\/100 brn\n|move|p1a: Landorus|Stealth Rock|p2a: Clefable\n|-sidestart|p2: ChaFouu|move: Stealth Rock\n|\n|upkeep\n|turn|12\n|\n|t:|1636840741\n|move|p1a: Landorus|Earthquake|p2a: Clefable\n|-damage|p2a: Clefable|30\/100 brn\n|move|p2a: Clefable|Moonblast|p1a: Landorus\n|-damage|p1a: Landorus|66\/100\n|-unboost|p1a: Landorus|spa|1\n|\n|upkeep\n|turn|13\n|\n|t:|1636840751\n|switch|p2a: Latias|Latias, F|100\/100\n|-damage|p2a: Latias|88\/100|[from] Stealth Rock\n|move|p1a: Landorus|Earthquake|p2a: Latias\n|-immune|p2a: Latias|[from] ability: Levitate\n|\n|upkeep\n|turn|14\n|\n|t:|1636840757\n|switch|p1a: Heatran|Heatran, F|100\/100 par\n|-damage|p1a: Heatran|88\/100 par|[from] Stealth Rock\n|move|p2a: Latias|Draco Meteor|p1a: Heatran\n|-resisted|p1a: Heatran\n|-damage|p1a: Heatran|63\/100 par\n|-unboost|p2a: Latias|spa|2\n|\n|-heal|p1a: Heatran|69\/100 par|[from] item: Leftovers\n|upkeep\n|turn|15\n|inactive|ChaFouu has 270 seconds left.\n|inactive|ChaFouu has 240 seconds left.\n|\n|t:|1636840821\n|switch|p2a: Garchomp|Garchomp, M|46\/100\n|-damage|p2a: Garchomp|40\/100|[from] Stealth Rock\n|move|p1a: Heatran|Toxic|p2a: Garchomp\n|-status|p2a: Garchomp|tox\n|\n|-heal|p1a: Heatran|75\/100 par|[from] item: Leftovers\n|-damage|p2a: Garchomp|33\/100 tox|[from] psn\n|upkeep\n|turn|16\n|inactive|ChaFouu has 240 seconds left.\n|\n|t:|1636840834\n|switch|p2a: Suicune|Suicune|73\/100\n|-damage|p2a: Suicune|60\/100|[from] Stealth Rock\n|-ability|p2a: Suicune|Pressure\n|switch|p1a: Slowbro|Slowbro, M|100\/100\n|-damage|p1a: Slowbro|88\/100|[from] Stealth Rock\n|\n|-heal|p2a: Suicune|67\/100|[from] item: Leftovers\n|-heal|p1a: Slowbro|94\/100|[from] item: Leftovers\n|upkeep\n|turn|17\n|\n|t:|1636840839\n|move|p2a: Suicune|Substitute|p2a: Suicune\n|-start|p2a: Suicune|Substitute\n|-damage|p2a: Suicune|42\/100\n|move|p1a: Slowbro|Psyshock|p2a: Suicune\n|-activate|p2a: Suicune|move: Substitute|[damage]\n|\n|-heal|p2a: Suicune|48\/100|[from] item: Leftovers\n|-heal|p1a: Slowbro|99\/100|[from] item: Leftovers\n|upkeep\n|turn|18\n|\n|t:|1636840845\n|switch|p1a: Tornadus|Tornadus-Therian, M|100\/100\n|-damage|p1a: Tornadus|76\/100|[from] Stealth Rock\n|move|p2a: Suicune|Protect||[still]\n|-fail|p2a: Suicune\n|\n|-heal|p2a: Suicune|54\/100|[from] item: Leftovers\n|upkeep\n|turn|19\n|\n|t:|1636840849\n|move|p2a: Suicune|Protect|p2a: Suicune\n|-singleturn|p2a: Suicune|Protect\n|move|p1a: Tornadus|Hurricane|p2a: Suicune\n|-activate|p2a: Suicune|move: Protect\n|\n|-heal|p2a: Suicune|60\/100|[from] item: Leftovers\n|upkeep\n|turn|20\n|\n|t:|1636840855\n|move|p1a: Tornadus|Knock Off|p2a: Suicune\n|-end|p2a: Suicune|Substitute\n|move|p2a: Suicune|Scald|p1a: Tornadus\n|-damage|p1a: Tornadus|57\/100\n|\n|-heal|p2a: Suicune|66\/100|[from] item: Leftovers\n|upkeep\n|turn|21\n|\n|t:|1636840859\n|move|p2a: Suicune|Protect|p2a: Suicune\n|-singleturn|p2a: Suicune|Protect\n|move|p1a: Tornadus|Knock Off|p2a: Suicune\n|-activate|p2a: Suicune|move: Protect\n|\n|-heal|p2a: Suicune|73\/100|[from] item: Leftovers\n|upkeep\n|turn|22\n|inactive|ChaFouu has 270 seconds left.\n|inactive|ChaFouu has 240 seconds left.\n|inactive|ChaFouu has 210 seconds left.\n|\n|t:|1636840950\n|switch|p2a: Metagross|Metagross|100\/100\n|-damage|p2a: Metagross|95\/100|[from] Stealth Rock\n|move|p1a: Tornadus|Knock Off|p2a: Metagross\n|-supereffective|p2a: Metagross\n|-damage|p2a: Metagross|72\/100\n|\n|upkeep\n|turn|23\n|inactive|ChaFouu has 210 seconds left.\n|\n|t:|1636840957\n|detailschange|p2a: Metagross|Metagross-Mega\n|-mega|p2a: Metagross|Metagross|Metagrossite\n|move|p1a: Tornadus|U-turn|p2a: Metagross\n|-damage|p2a: Metagross|61\/100\n|\n|t:|1636840961\n|switch|p1a: Slowbro|Slowbro, M|100\/100|[from]move: U-turn\n|-damage|p1a: Slowbro|88\/100|[from] Stealth Rock\n|move|p2a: Metagross|Thunder Punch|p1a: Slowbro\n|-supereffective|p1a: Slowbro\n|-damage|p1a: Slowbro|46\/100\n|\n|-heal|p1a: Slowbro|52\/100|[from] item: Leftovers\n|upkeep\n|turn|24\n|\n|t:|1636840970\n|move|p2a: Metagross|Thunder Punch|p1a: Slowbro\n|-supereffective|p1a: Slowbro\n|-damage|p1a: Slowbro|11\/100\n|move|p1a: Slowbro|Thunder Wave|p2a: Metagross\n|-status|p2a: Metagross|par\n|\n|-heal|p1a: Slowbro|17\/100|[from] item: Leftovers\n|upkeep\n|turn|25\n|\n|t:|1636840978\n|switch|p1a: Landorus|Landorus-Therian, M|66\/100\n|-damage|p1a: Landorus|54\/100|[from] Stealth Rock\n|-ability|p1a: Landorus|Intimidate|boost\n|-unboost|p2a: Metagross|atk|1\n|switch|p2a: Weavile|Weavile, F|100\/100\n|-damage|p2a: Weavile|76\/100|[from] Stealth Rock\n|\n|upkeep\n|turn|26\n|\n|t:|1636840983\n|switch|p1a: Nidoking|Nidoking, M|12\/100 brn\n|-damage|p1a: Nidoking|6\/100 brn|[from] Stealth Rock\n|move|p2a: Weavile|Knock Off|p1a: Nidoking\n|-damage|p1a: Nidoking|0 fnt\n|-enditem|p1a: Nidoking|Life Orb|[from] move: Knock Off|[of] p2a: Weavile\n|faint|p1a: Nidoking\n|\n|upkeep\n|\n|t:|1636840985\n|switch|p1a: Scizor|Scizor-Mega, M|72\/100\n|-damage|p1a: Scizor|59\/100|[from] Stealth Rock\n|turn|27\n|inactive|ChaFouu has 240 seconds left.\n|\n|t:|1636841002\n|switch|p2a: Latias|Latias, F|88\/100\n|-damage|p2a: Latias|76\/100|[from] Stealth Rock\n|move|p1a: Scizor|Roost|p1a: Scizor\n|-heal|p1a: Scizor|100\/100\n|-singleturn|p1a: Scizor|move: Roost\n|\n|upkeep\n|turn|28\n|inactive|ChaFouu has 240 seconds left.\n|\n|t:|1636841016\n|switch|p1a: Heatran|Heatran, F|75\/100 par\n|-damage|p1a: Heatran|63\/100 par|[from] Stealth Rock\n|move|p2a: Latias|Healing Wish|p2a: Latias\n|faint|p2a: Latias\n|\n|-heal|p1a: Heatran|69\/100 par|[from] item: Leftovers\n|upkeep\n|\n|t:|1636841017\n|switch|p2a: Garchomp|Garchomp, M|33\/100 tox\n|-heal|p2a: Garchomp|100\/100|[from] move: Healing Wish\n|-damage|p2a: Garchomp|94\/100|[from] Stealth Rock\n|turn|29\n|inactive|ChaFouu has 240 seconds left.\n|\n|t:|1636841041\n|switch|p1a: Landorus|Landorus-Therian, M|54\/100\n|-damage|p1a: Landorus|42\/100|[from] Stealth Rock\n|-ability|p1a: Landorus|Intimidate|boost\n|-unboost|p2a: Garchomp|atk|1\n|move|p2a: Garchomp|Earthquake|p1a: Landorus\n|-immune|p1a: Landorus\n|\n|upkeep\n|turn|30\n|inactive|ChaFouu has 240 seconds left.\n|\n|t:|1636841058\n|switch|p2a: Clefable|Clefable, M|30\/100 brn\n|move|p1a: Landorus|Earthquake|p2a: Clefable\n|-damage|p2a: Clefable|0 fnt\n|faint|p2a: Clefable\n|\n|upkeep\n|\n|t:|1636841065\n|switch|p2a: Suicune|Suicune|73\/100\n|-damage|p2a: Suicune|60\/100|[from] Stealth Rock\n|-ability|p2a: Suicune|Pressure\n|turn|31\n|\n|t:|1636841077\n|move|p2a: Suicune|Scald|p1a: Landorus\n|-supereffective|p1a: Landorus\n|-damage|p1a: Landorus|0 fnt\n|faint|p1a: Landorus\n|\n|-heal|p2a: Suicune|66\/100|[from] item: Leftovers\n|upkeep\n|\n|t:|1636841080\n|switch|p1a: Tornadus|Tornadus-Therian, M|91\/100\n|-damage|p1a: Tornadus|66\/100|[from] Stealth Rock\n|turn|32\n|inactive|ChaFouu has 240 seconds left.\n|\n|t:|1636841095\n|switch|p2a: Garchomp|Garchomp, M|94\/100\n|-damage|p2a: Garchomp|88\/100|[from] Stealth Rock\n|move|p1a: Tornadus|Knock Off|p2a: Garchomp\n|-damage|p2a: Garchomp|75\/100\n|-damage|p1a: Tornadus|53\/100|[from] ability: Rough Skin|[of] p2a: Garchomp\n|-damage|p1a: Tornadus|37\/100|[from] item: Rocky Helmet|[of] p2a: Garchomp\n|-enditem|p2a: Garchomp|Rocky Helmet|[from] move: Knock Off|[of] p1a: Tornadus\n|\n|upkeep\n|turn|33\n|\n|t:|1636841099\n|move|p1a: Tornadus|Hurricane|p2a: Garchomp\n|-damage|p2a: Garchomp|36\/100\n|-start|p2a: Garchomp|confusion\n|-activate|p2a: Garchomp|confusion\n|-damage|p2a: Garchomp|29\/100|[from] confusion\n|\n|upkeep\n|turn|34\n|c|\u2606lonietzzz|sry\n|inactive|ChaFouu has 240 seconds left.\n|\n|t:|1636841119\n|move|p1a: Tornadus|Hurricane|p2a: Garchomp\n|-damage|p2a: Garchomp|0 fnt\n|faint|p2a: Garchomp\n|\n|upkeep\n|\n|t:|1636841121\n|switch|p2a: Weavile|Weavile, F|76\/100\n|-damage|p2a: Weavile|51\/100|[from] Stealth Rock\n|turn|35\n|\n|t:|1636841125\n|-activate|p1a: Tornadus|move: Pursuit\n|move|p2a: Weavile|Pursuit|p1a: Tornadus|[from]Pursuit\n|-damage|p1a: Tornadus|0 fnt\n|faint|p1a: Tornadus\n|-hint|A Pokemon can't switch between when it runs out of HP and when it faints\n|\n|upkeep\n|\n|t:|1636841129\n|switch|p1a: Scizor|Scizor-Mega, M|100\/100\n|-damage|p1a: Scizor|88\/100|[from] Stealth Rock\n|turn|36\n|\n|t:|1636841132\n|switch|p2a: Suicune|Suicune|66\/100\n|-damage|p2a: Suicune|54\/100|[from] Stealth Rock\n|-ability|p2a: Suicune|Pressure\n|move|p1a: Scizor|Swords Dance|p1a: Scizor\n|-boost|p1a: Scizor|atk|2\n|\n|-heal|p2a: Suicune|60\/100|[from] item: Leftovers\n|upkeep\n|turn|37\n|\n|t:|1636841136\n|move|p2a: Suicune|Scald|p1a: Scizor\n|-damage|p1a: Scizor|66\/100\n|move|p1a: Scizor|U-turn|p2a: Suicune\n|-crit|p2a: Suicune\n|-damage|p2a: Suicune|0 fnt\n|faint|p2a: Suicune\n|\n|t:|1636841145\n|switch|p1a: Heatran|Heatran, F|69\/100 par|[from]move: U-turn\n|-damage|p1a: Heatran|57\/100 par|[from] Stealth Rock\n|\n|-heal|p1a: Heatran|63\/100 par|[from] item: Leftovers\n|upkeep\n|\n|t:|1636841149\n|switch|p2a: Weavile|Weavile, F|51\/100\n|-damage|p2a: Weavile|26\/100|[from] Stealth Rock\n|turn|38\n|\n|t:|1636841152\n|move|p2a: Weavile|Knock Off|p1a: Heatran\n|-damage|p1a: Heatran|0 fnt\n|-enditem|p1a: Heatran|Leftovers|[from] move: Knock Off|[of] p2a: Weavile\n|faint|p1a: Heatran\n|\n|upkeep\n|\n|t:|1636841155\n|switch|p1a: Scizor|Scizor-Mega, M|66\/100\n|-damage|p1a: Scizor|54\/100|[from] Stealth Rock\n|turn|39\n|\n|t:|1636841158\n|move|p2a: Weavile|Knock Off|p1a: Scizor\n|-damage|p1a: Scizor|28\/100\n|move|p1a: Scizor|Roost|p1a: Scizor\n|-heal|p1a: Scizor|79\/100\n|-singleturn|p1a: Scizor|move: Roost\n|\n|upkeep\n|turn|40\n|\n|t:|1636841161\n|move|p2a: Weavile|Knock Off|p1a: Scizor\n|-damage|p1a: Scizor|51\/100\n|move|p1a: Scizor|Roost|p1a: Scizor\n|-heal|p1a: Scizor|100\/100\n|-singleturn|p1a: Scizor|move: Roost\n|\n|upkeep\n|turn|41\n|\n|t:|1636841163\n|move|p2a: Weavile|Knock Off|p1a: Scizor\n|-damage|p1a: Scizor|74\/100\n|move|p1a: Scizor|Swords Dance|p1a: Scizor\n|-boost|p1a: Scizor|atk|2\n|\n|upkeep\n|turn|42\n|c|\u2606ChaFouu|w\/e\n|c|\u2606ChaFouu|gg ig\n|-message|ChaFouu forfeited.\n|\n|win|lonietzzz\n|c|\u2606lonietzzz|ggs\n","uploadtime":1636841174,"views":48,"p1id":"lonietzzz","p2id":"chafouu","formatid":"gen6ou","rating":0,"private":0,"password":null}