{"id":"smogtours-gen5ou-554546","p1":"akane kurokawa","p2":"Goootzinho","format":"gen5ou","log":"|inactive|Battle timer is ON: inactive players will automatically lose when time's up.\n|t:|1617998833\n|gametype|singles\n|player|p1|akane kurokawa|cynthia|\n|player|p2|Goootzinho|galacticgrunt|\n|teamsize|p1|6\n|teamsize|p2|6\n|gen|5\n|tier|[Gen 5] OU\n|clearpoke\n|poke|p1|Jirachi|item\n|poke|p1|Kyurem-Black|item\n|poke|p1|Latios, M|item\n|poke|p1|Magnezone|item\n|poke|p1|Dragonite, M|item\n|poke|p1|Garchomp, F|item\n|poke|p2|Tyranitar, F|item\n|poke|p2|Landorus-Therian, M|item\n|poke|p2|Scizor, F|item\n|poke|p2|Rotom-Wash|item\n|poke|p2|Celebi|item\n|poke|p2|Starmie|item\n|rule|Species Clause: Limit one of each Pok\u00e9mon\n|rule|OHKO Clause: OHKO moves are banned\n|rule|Moody Clause: Moody is banned\n|rule|Evasion Moves Clause: Evasion moves are banned\n|rule|Endless Battle Clause: Forcing endless battles is banned\n|rule|HP Percentage Mod: HP is shown in percentages\n|rule|Evasion Abilities Clause: Evasion abilities are banned\n|rule|Baton Pass Clause: Limit one Baton Passer, can't pass Spe and other stats simultaneously\n|rule|Sleep Clause: Sleep-inducing moves are banned\n|rule|Swagger Clause: Swagger is banned\n|teampreview\n|c|\u2606akane kurokawa|glhf\n|c|\u2606Goootzinho|u2!\n|inactive|Goootzinho has 270 seconds left.\n|inactive|Goootzinho has 240 seconds left.\n|inactive|Goootzinho has 210 seconds left.\n|inactive|Goootzinho has 180 seconds left.\n|\n|t:|1617998969\n|start\n|switch|p1a: Alex Albon|Jirachi|100\/100\n|switch|p2a: D\u00e9m\u00e9t\u00e9ros|Landorus-Therian, M|100\/100\n|-ability|p2a: D\u00e9m\u00e9t\u00e9ros|Intimidate|boost\n|-unboost|p1a: Alex Albon|atk|1\n|turn|1\n|inactive|Goootzinho has 210 seconds left.\n|inactive|akane kurokawa has 270 seconds left.\n|inactive|akane kurokawa has 240 seconds left.\n|\n|t:|1617999031\n|move|p2a: D\u00e9m\u00e9t\u00e9ros|U-turn|p1a: Alex Albon\n|-damage|p1a: Alex Albon|79\/100\n|\n|t:|1617999034\n|switch|p2a: Celebi|Celebi|100\/100|[from]move: U-turn\n|move|p1a: Alex Albon|U-turn|p2a: Celebi\n|-supereffective|p2a: Celebi\n|-damage|p2a: Celebi|61\/100\n|inactive|akane kurokawa has 240 seconds left.\n|inactive|akane kurokawa has 210 seconds left.\n|\n|t:|1617999078\n|switch|p1a: Seb Vettel|Magnezone|100\/100|[from]move: U-turn\n|-item|p1a: Seb Vettel|Air Balloon\n|\n|-heal|p2a: Celebi|67\/100|[from] item: Leftovers\n|upkeep\n|turn|2\n|inactive|akane kurokawa has 210 seconds left.\n|\n|t:|1617999090\n|move|p2a: Celebi|Stealth Rock|p1a: Seb Vettel\n|-sidestart|p1: akane kurokawa|move: Stealth Rock\n|move|p1a: Seb Vettel|Sunny Day|p1a: Seb Vettel\n|-weather|SunnyDay\n|\n|-weather|SunnyDay|[upkeep]\n|-heal|p2a: Celebi|73\/100|[from] item: Leftovers\n|upkeep\n|turn|3\n|inactive|akane kurokawa has 210 seconds left.\n|inactive|Goootzinho has 210 seconds left.\n|inactive|akane kurokawa has 180 seconds left.\n|\n|t:|1617999134\n|switch|p1a: Alex Albon|Jirachi|79\/100\n|-damage|p1a: Alex Albon|73\/100|[from] Stealth Rock\n|move|p2a: Celebi|U-turn|p1a: Alex Albon\n|-damage|p1a: Alex Albon|62\/100\n|inactive|Goootzinho has 180 seconds left.\n|inactive|Goootzinho has 150 seconds left.\n|\n|t:|1617999185\n|switch|p2a: Cizayox|Scizor, F|100\/100|[from]move: U-turn\n|\n|-weather|SunnyDay|[upkeep]\n|-heal|p1a: Alex Albon|68\/100|[from] item: Leftovers\n|upkeep\n|turn|4\n|inactive|akane kurokawa has 180 seconds left.\n|\n|t:|1617999201\n|move|p1a: Alex Albon|Stealth Rock|p2a: Cizayox\n|-sidestart|p2: Goootzinho|move: Stealth Rock\n|move|p2a: Cizayox|U-turn|p1a: Alex Albon\n|-damage|p1a: Alex Albon|19\/100\n|inactive|Goootzinho has 150 seconds left.\n|\n|t:|1617999229\n|switch|p2a: Staross|Starmie|100\/100|[from]move: U-turn\n|-damage|p2a: Staross|88\/100|[from] Stealth Rock\n|\n|-weather|SunnyDay|[upkeep]\n|-heal|p2a: Staross|94\/100|[from] item: Leftovers\n|-heal|p1a: Alex Albon|25\/100|[from] item: Leftovers\n|upkeep\n|turn|5\n|inactive|akane kurokawa has 180 seconds left.\n|inactive|akane kurokawa has 150 seconds left.\n|\n|t:|1617999275\n|switch|p1a: George Russell|Kyurem-Black|100\/100\n|-damage|p1a: George Russell|76\/100|[from] Stealth Rock\n|-ability|p1a: George Russell|Teravolt\n|move|p2a: Staross|Rapid Spin|p1a: George Russell\n|-damage|p1a: George Russell|73\/100\n|-sideend|p2: Goootzinho|Stealth Rock|[from] move: Rapid Spin|[of] p2a: Staross\n|\n|-weather|SunnyDay|[upkeep]\n|-heal|p2a: Staross|100\/100|[from] item: Leftovers\n|upkeep\n|turn|6\n|inactive|akane kurokawa has 150 seconds left.\n|inactive|Goootzinho has 150 seconds left.\n|inactive|Goootzinho has 120 seconds left.\n|inactive|Goootzinho has 90 seconds left.\n|\n|t:|1617999373\n|switch|p2a: Cizayox|Scizor, F|100\/100\n|move|p1a: George Russell|Fusion Bolt|p2a: Cizayox\n|-damage|p2a: Cizayox|31\/100\n|\n|-weather|none\n|upkeep\n|turn|7\n|inactive|Goootzinho has 60 seconds left.\n|inactive|akane kurokawa has 120 seconds left.\n|\n|t:|1617999429\n|switch|p1a: Lando Orange|Dragonite, M|100\/100\n|-damage|p1a: Lando Orange|76\/100|[from] Stealth Rock\n|switch|p2a: D\u00e9m\u00e9t\u00e9ros|Landorus-Therian, M|100\/100\n|-ability|p2a: D\u00e9m\u00e9t\u00e9ros|Intimidate|boost\n|-unboost|p1a: Lando Orange|atk|1\n|\n|upkeep\n|turn|8\n|inactive|akane kurokawa has 90 seconds left.\n|inactive|Goootzinho has 30 seconds left.\n|inactive|Goootzinho has 20 seconds left.\n|inactive|Goootzinho has 15 seconds left.\n|\n|t:|1617999475\n|switch|p1a: George Russell|Kyurem-Black|73\/100\n|-damage|p1a: George Russell|48\/100|[from] Stealth Rock\n|-ability|p1a: George Russell|Teravolt\n|move|p2a: D\u00e9m\u00e9t\u00e9ros|Stone Edge|p1a: George Russell\n|-supereffective|p1a: George Russell\n|-damage|p1a: George Russell|0 fnt\n|faint|p1a: George Russell\n|\n|upkeep\n|inactive|Goootzinho has 20 seconds left this turn.\n|inactive|akane kurokawa has 60 seconds left.\n|\n|t:|1617999502\n|switch|p1a: Lando Orange|Dragonite, M|76\/100\n|-damage|p1a: Lando Orange|51\/100|[from] Stealth Rock\n|turn|9\n|inactive|Goootzinho has 30 seconds left this turn.\n|\n|t:|1617999511\n|move|p2a: D\u00e9m\u00e9t\u00e9ros|Stone Edge|p1a: Lando Orange\n|-supereffective|p1a: Lando Orange\n|-damage|p1a: Lando Orange|0 fnt\n|faint|p1a: Lando Orange\n|\n|upkeep\n|inactive|Goootzinho has 30 seconds left this turn.\n|inactive|akane kurokawa has 60 seconds left.\n|\n|t:|1617999534\n|switch|p1a: Seb Vettel|Magnezone|100\/100\n|-damage|p1a: Seb Vettel|94\/100|[from] Stealth Rock\n|-item|p1a: Seb Vettel|Air Balloon\n|turn|10\n|\n|t:|1617999544\n|switch|p2a: Celebi|Celebi|73\/100\n|move|p1a: Seb Vettel|Sunny Day|p1a: Seb Vettel\n|-weather|SunnyDay\n|\n|-weather|SunnyDay|[upkeep]\n|-heal|p2a: Celebi|79\/100|[from] item: Leftovers\n|upkeep\n|turn|11\n|inactive|Goootzinho has 30 seconds left.\n|\n|t:|1617999564\n|move|p2a: Celebi|U-turn|p1a: Seb Vettel\n|-resisted|p1a: Seb Vettel\n|-damage|p1a: Seb Vettel|87\/100\n|-enditem|p1a: Seb Vettel|Air Balloon\n|\n|t:|1617999566\n|switch|p2a: D\u00e9m\u00e9t\u00e9ros|Landorus-Therian, M|100\/100|[from]move: U-turn\n|-ability|p2a: D\u00e9m\u00e9t\u00e9ros|Intimidate|boost\n|-unboost|p1a: Seb Vettel|atk|1\n|move|p1a: Seb Vettel|Hidden Power|p2a: D\u00e9m\u00e9t\u00e9ros\n|-damage|p2a: D\u00e9m\u00e9t\u00e9ros|46\/100\n|\n|-weather|SunnyDay|[upkeep]\n|upkeep\n|turn|12\n|inactive|Goootzinho has 30 seconds left.\n|\n|t:|1617999593\n|move|p2a: D\u00e9m\u00e9t\u00e9ros|U-turn|p1a: Seb Vettel\n|-resisted|p1a: Seb Vettel\n|-damage|p1a: Seb Vettel|72\/100\n|inactive|Goootzinho has 30 seconds left this turn.\n|\n|t:|1617999595\n|switch|p2a: Celebi|Celebi|79\/100|[from]move: U-turn\n|move|p1a: Seb Vettel|Hidden Power|p2a: Celebi\n|-supereffective|p2a: Celebi\n|-damage|p2a: Celebi|31\/100\n|\n|-weather|SunnyDay|[upkeep]\n|-heal|p2a: Celebi|38\/100|[from] item: Leftovers\n|upkeep\n|turn|13\n|\n|t:|1617999610\n|move|p2a: Celebi|Recover|p2a: Celebi\n|-heal|p2a: Celebi|88\/100\n|move|p1a: Seb Vettel|Hidden Power|p2a: Celebi\n|-supereffective|p2a: Celebi\n|-damage|p2a: Celebi|34\/100\n|\n|-weather|SunnyDay|[upkeep]\n|-heal|p2a: Celebi|40\/100|[from] item: Leftovers\n|upkeep\n|turn|14\n|\n|t:|1617999639\n|move|p2a: Celebi|Recover|p2a: Celebi\n|-heal|p2a: Celebi|90\/100\n|move|p1a: Seb Vettel|Hidden Power|p2a: Celebi\n|-supereffective|p2a: Celebi\n|-damage|p2a: Celebi|42\/100\n|\n|-weather|none\n|-heal|p2a: Celebi|48\/100|[from] item: Leftovers\n|upkeep\n|turn|15\n|\n|t:|1617999660\n|move|p2a: Celebi|Recover|p2a: Celebi\n|-heal|p2a: Celebi|98\/100\n|move|p1a: Seb Vettel|Hidden Power|p2a: Celebi\n|-supereffective|p2a: Celebi\n|-damage|p2a: Celebi|62\/100\n|\n|-heal|p2a: Celebi|68\/100|[from] item: Leftovers\n|upkeep\n|turn|16\n|\n|t:|1617999670\n|move|p2a: Celebi|Psychic|p1a: Seb Vettel\n|-resisted|p1a: Seb Vettel\n|-damage|p1a: Seb Vettel|52\/100\n|move|p1a: Seb Vettel|Thunderbolt|p2a: Celebi\n|-resisted|p2a: Celebi\n|-damage|p2a: Celebi|52\/100\n|-status|p2a: Celebi|par\n|\n|-heal|p2a: Celebi|59\/100 par|[from] item: Leftovers\n|upkeep\n|turn|17\n|\n|t:|1617999687\n|move|p1a: Seb Vettel|Hidden Power|p2a: Celebi\n|-supereffective|p2a: Celebi\n|-damage|p2a: Celebi|26\/100 par\n|move|p2a: Celebi|Recover|p2a: Celebi\n|-heal|p2a: Celebi|76\/100 par\n|\n|-heal|p2a: Celebi|83\/100 par|[from] item: Leftovers\n|upkeep\n|turn|18\n|\n|t:|1617999698\n|switch|p2a: Motisma-Eau|Rotom-Wash|100\/100\n|move|p1a: Seb Vettel|Hidden Power|p2a: Motisma-Eau\n|-resisted|p2a: Motisma-Eau\n|-damage|p2a: Motisma-Eau|90\/100\n|\n|-heal|p2a: Motisma-Eau|96\/100|[from] item: Leftovers\n|upkeep\n|turn|19\n|inactive|akane kurokawa has 30 seconds left.\n|inactive|akane kurokawa has 20 seconds left.\n|inactive|akane kurokawa has 15 seconds left.\n|\n|t:|1617999731\n|switch|p1a: Lewis Hamilton|Latios, M|100\/100\n|-damage|p1a: Lewis Hamilton|88\/100|[from] Stealth Rock\n|switch|p2a: Celebi|Celebi|83\/100\n|\n|-heal|p2a: Celebi|89\/100|[from] item: Leftovers\n|upkeep\n|turn|20\n|inactive|akane kurokawa has 25 seconds left this turn.\n|inactive|akane kurokawa has 20 seconds left.\n|inactive|akane kurokawa has 15 seconds left.\n|\n|t:|1617999742\n|move|p1a: Lewis Hamilton|Draco Meteor|p2a: Celebi\n|-damage|p2a: Celebi|41\/100\n|-unboost|p1a: Lewis Hamilton|spa|2\n|move|p2a: Celebi|U-turn|p1a: Lewis Hamilton\n|-supereffective|p1a: Lewis Hamilton\n|-damage|p1a: Lewis Hamilton|50\/100\n|inactive|akane kurokawa has 20 seconds left this turn.\n|inactive|Goootzinho has 60 seconds left.\n|\n|t:|1617999762\n|switch|p2a: Staross|Starmie|100\/100|[from]move: U-turn\n|\n|upkeep\n|turn|21\n|inactive|akane kurokawa has 30 seconds left this turn.\n|inactive|akane kurokawa has 20 seconds left.\n|\n|t:|1617999772\n|move|p1a: Lewis Hamilton|Draco Meteor|p2a: Staross\n|-damage|p2a: Staross|53\/100\n|-unboost|p1a: Lewis Hamilton|spa|2\n|move|p2a: Staross|Ice Beam|p1a: Lewis Hamilton\n|-supereffective|p1a: Lewis Hamilton\n|-damage|p1a: Lewis Hamilton|7\/100\n|-status|p1a: Lewis Hamilton|frz\n|\n|-heal|p2a: Staross|59\/100|[from] item: Leftovers\n|upkeep\n|turn|22\n|inactive|akane kurokawa has 30 seconds left this turn.\n|inactive|akane kurokawa has 20 seconds left.\n|inactive|akane kurokawa has 15 seconds left.\n|inactive|akane kurokawa has 10 seconds left.\n|\n|t:|1617999795\n|switch|p1a: Seb Vettel|Magnezone|52\/100\n|-damage|p1a: Seb Vettel|46\/100|[from] Stealth Rock\n|move|p2a: Staross|Recover|p2a: Staross\n|-heal|p2a: Staross|100\/100\n|\n|upkeep\n|turn|23\n|inactive|akane kurokawa has 20 seconds left this turn.\n|inactive|akane kurokawa has 15 seconds left.\n|\n|t:|1617999803\n|switch|p2a: Celebi|Celebi|41\/100\n|move|p1a: Seb Vettel|Thunderbolt|p2a: Celebi\n|-resisted|p2a: Celebi\n|-damage|p2a: Celebi|23\/100\n|\n|-heal|p2a: Celebi|29\/100|[from] item: Leftovers\n|upkeep\n|turn|24\n|inactive|akane kurokawa has 25 seconds left this turn.\n|inactive|akane kurokawa has 20 seconds left.\n|inactive|Goootzinho has 90 seconds left.\n|\n|t:|1617999811\n|move|p2a: Celebi|Recover|p2a: Celebi\n|-heal|p2a: Celebi|79\/100\n|move|p1a: Seb Vettel|Hidden Power|p2a: Celebi\n|-supereffective|p2a: Celebi\n|-damage|p2a: Celebi|44\/100\n|\n|-heal|p2a: Celebi|50\/100|[from] item: Leftovers\n|upkeep\n|turn|25\n|inactive|akane kurokawa has 30 seconds left this turn.\n|\n|t:|1617999820\n|move|p2a: Celebi|Psychic|p1a: Seb Vettel\n|-resisted|p1a: Seb Vettel\n|-damage|p1a: Seb Vettel|26\/100\n|move|p1a: Seb Vettel|Sunny Day|p1a: Seb Vettel\n|-weather|SunnyDay\n|\n|-weather|SunnyDay|[upkeep]\n|-heal|p2a: Celebi|56\/100|[from] item: Leftovers\n|upkeep\n|turn|26\n|inactive|akane kurokawa has 30 seconds left.\n|\n|t:|1617999827\n|move|p2a: Celebi|Recover|p2a: Celebi\n|-heal|p2a: Celebi|100\/100\n|move|p1a: Seb Vettel|Thunderbolt|p2a: Celebi\n|-resisted|p2a: Celebi\n|-damage|p2a: Celebi|85\/100\n|\n|-weather|SunnyDay|[upkeep]\n|-heal|p2a: Celebi|91\/100|[from] item: Leftovers\n|upkeep\n|turn|27\n|\n|t:|1617999835\n|move|p2a: Celebi|Psychic|p1a: Seb Vettel\n|-resisted|p1a: Seb Vettel\n|-damage|p1a: Seb Vettel|4\/100\n|move|p1a: Seb Vettel|Thunderbolt|p2a: Celebi\n|-resisted|p2a: Celebi\n|-damage|p2a: Celebi|73\/100\n|\n|-weather|SunnyDay|[upkeep]\n|-heal|p2a: Celebi|79\/100|[from] item: Leftovers\n|upkeep\n|turn|28\n|inactive|Goootzinho has 120 seconds left.\n|\n|t:|1617999847\n|switch|p1a: Alex Albon|Jirachi|25\/100\n|-damage|p1a: Alex Albon|19\/100|[from] Stealth Rock\n|move|p2a: Celebi|Psychic|p1a: Alex Albon\n|-resisted|p1a: Alex Albon\n|-damage|p1a: Alex Albon|14\/100\n|\n|-weather|SunnyDay|[upkeep]\n|-heal|p2a: Celebi|85\/100|[from] item: Leftovers\n|-heal|p1a: Alex Albon|21\/100|[from] item: Leftovers\n|upkeep\n|turn|29\n|inactive|Goootzinho has 120 seconds left.\n|\n|t:|1617999861\n|move|p2a: Celebi|Psychic|p1a: Alex Albon\n|-resisted|p1a: Alex Albon\n|-crit|p1a: Alex Albon\n|-damage|p1a: Alex Albon|11\/100\n|move|p1a: Alex Albon|U-turn|p2a: Celebi\n|-supereffective|p2a: Celebi\n|-damage|p2a: Celebi|26\/100\n|\n|t:|1617999868\n|switch|p1a: Seb Vettel|Magnezone|4\/100|[from]move: U-turn\n|-damage|p1a: Seb Vettel|0 fnt|[from] Stealth Rock\n|faint|p1a: Seb Vettel\n|\n|-weather|none\n|-heal|p2a: Celebi|32\/100|[from] item: Leftovers\n|upkeep\n|\n|t:|1617999875\n|switch|p1a: Charles Leclerc|Garchomp, F|100\/100\n|-damage|p1a: Charles Leclerc|94\/100|[from] Stealth Rock\n|turn|30\n|c|\u2606akane kurokawa|gg\n|\n|t:|1617999888\n|switch|p2a: D\u00e9m\u00e9t\u00e9ros|Landorus-Therian, M|46\/100\n|-ability|p2a: D\u00e9m\u00e9t\u00e9ros|Intimidate|boost\n|-unboost|p1a: Charles Leclerc|atk|1\n|move|p1a: Charles Leclerc|Swords Dance|p1a: Charles Leclerc\n|-boost|p1a: Charles Leclerc|atk|2\n|\n|upkeep\n|turn|31\n|inactive|Goootzinho has 120 seconds left.\n|\n|t:|1617999915\n|move|p2a: D\u00e9m\u00e9t\u00e9ros|Earthquake|p1a: Charles Leclerc\n|-crit|p1a: Charles Leclerc\n|-damage|p1a: Charles Leclerc|0 fnt\n|faint|p1a: Charles Leclerc\n|\n|upkeep\n|c|\u2606Goootzinho|sry\n|\n|t:|1617999920\n|switch|p1a: Alex Albon|Jirachi|11\/100\n|-damage|p1a: Alex Albon|4\/100|[from] Stealth Rock\n|turn|32\n|c|\u2606Goootzinho|gg\n|\n|t:|1617999927\n|move|p2a: D\u00e9m\u00e9t\u00e9ros|Earthquake|p1a: Alex Albon\n|-supereffective|p1a: Alex Albon\n|-damage|p1a: Alex Albon|0 fnt\n|faint|p1a: Alex Albon\n|\n|upkeep\n|\n|t:|1617999931\n|switch|p1a: Lewis Hamilton|Latios, M|7\/100 frz\n|-damage|p1a: Lewis Hamilton|0 fnt|[from] Stealth Rock\n|faint|p1a: Lewis Hamilton\n|\n|win|Goootzinho\n|c|\u2606akane kurokawa|gg\n","uploadtime":1617999932,"views":76,"p1id":"akanekurokawa","p2id":"goootzinho","formatid":"gen5ou","rating":0,"private":0,"password":null}