{"id":"smogtours-gen7ou-650528","p1":"Adel19","p2":"Proftreez","format":"gen7ou","log":"|inactive|Battle timer is ON: inactive players will automatically lose when time's up.\n|t:|1664052786\n|gametype|singles\n|player|p1|Adel19|266|\n|player|p2|Proftreez|delinquent|\n|teamsize|p1|6\n|teamsize|p2|6\n|gen|7\n|tier|[Gen 7] OU\n|rule|Sleep Clause Mod: Limit one foe put to sleep\n|rule|Species Clause: Limit one of each Pok\u00e9mon\n|rule|OHKO Clause: OHKO moves are banned\n|rule|Moody Clause: Moody is banned\n|rule|Evasion Items Clause: Evasion items are banned\n|rule|Evasion Moves Clause: Evasion moves are banned\n|rule|Endless Battle Clause: Forcing endless battles is banned\n|rule|HP Percentage Mod: HP is shown in percentages\n|clearpoke\n|poke|p1|Landorus-Therian, M|item\n|poke|p1|Heatran, M|item\n|poke|p1|Tapu Koko|item\n|poke|p1|Tapu Fini|item\n|poke|p1|Medicham, M|item\n|poke|p1|Greninja, M|item\n|poke|p2|Alakazam, M|item\n|poke|p2|Garchomp, M|item\n|poke|p2|Ferrothorn, M|item\n|poke|p2|Tornadus-Therian, M|item\n|poke|p2|Weavile, F|item\n|poke|p2|Tapu Koko|item\n|teampreview\n|c|\u2606Adel19|hf\n|c|\u2606Proftreez|hf\n|\n|t:|1664052799\n|start\n|switch|p1a: Landorus|Landorus-Therian, M|100\/100\n|switch|p2a: Jamil|Garchomp, M|100\/100\n|-ability|p1a: Landorus|Intimidate|boost\n|-unboost|p2a: Jamil|atk|1\n|turn|1\n|\n|t:|1664052807\n|move|p1a: Landorus|Earthquake|p2a: Jamil\n|-crit|p2a: Jamil\n|-damage|p2a: Jamil|39\/100\n|move|p2a: Jamil|Stealth Rock|p1a: Landorus\n|-sidestart|p1: Adel19|move: Stealth Rock\n|\n|upkeep\n|turn|2\n|\n|t:|1664052821\n|move|p1a: Landorus|Stealth Rock|p2a: Jamil\n|-sidestart|p2: Proftreez|move: Stealth Rock\n|move|p2a: Jamil|Earthquake|p1a: Landorus\n|-immune|p1a: Landorus\n|\n|upkeep\n|turn|3\n|\n|t:|1664052826\n|switch|p2a: Tempest|Tornadus-Therian, M|100\/100\n|-damage|p2a: Tempest|76\/100|[from] Stealth Rock\n|move|p1a: Landorus|Earthquake|p2a: Tempest\n|-immune|p2a: Tempest\n|\n|upkeep\n|turn|4\n|\n|t:|1664052832\n|move|p2a: Tempest|Hurricane|p1a: Landorus\n|-damage|p1a: Landorus|48\/100\n|-start|p1a: Landorus|confusion\n|-activate|p1a: Landorus|confusion\n|-zpower|p1a: Landorus\n|move|p1a: Landorus|Continental Crush|p2a: Tempest|[zeffect]\n|-supereffective|p2a: Tempest\n|-damage|p2a: Tempest|0 fnt\n|faint|p2a: Tempest\n|\n|upkeep\n|\n|t:|1664052842\n|switch|p2a: Jester|Alakazam, M|100\/100\n|turn|5\n|\n|t:|1664052855\n|detailschange|p2a: Jester|Alakazam-Mega, M\n|-mega|p2a: Jester|Alakazam|Alakazite\n|-ability|p2a: Jester|Intimidate|[from] ability: Trace|[of] p1a: Landorus\n|-ability|p2a: Jester|Intimidate|boost\n|-unboost|p1a: Landorus|atk|1\n|move|p2a: Jester|Psychic|p1a: Landorus\n|-damage|p1a: Landorus|0 fnt\n|faint|p1a: Landorus\n|\n|upkeep\n|\n|t:|1664052862\n|switch|p1a: Tapu Koko|Tapu Koko|100\/100\n|-damage|p1a: Tapu Koko|88\/100|[from] Stealth Rock\n|-fieldstart|move: Electric Terrain|[from] ability: Electric Surge|[of] p1a: Tapu Koko\n|turn|6\n|\n|t:|1664052867\n|switch|p2a: Jamil|Garchomp, M|39\/100\n|-damage|p2a: Jamil|33\/100|[from] Stealth Rock\n|move|p1a: Tapu Koko|U-turn|p2a: Jamil\n|-damage|p2a: Jamil|21\/100\n|-damage|p1a: Tapu Koko|76\/100|[from] ability: Rough Skin|[of] p2a: Jamil\n|-damage|p1a: Tapu Koko|59\/100|[from] item: Rocky Helmet|[of] p2a: Jamil\n|\n|t:|1664052876\n|switch|p1a: Tapu Fini|Tapu Fini|100\/100|[from]move: U-turn\n|-damage|p1a: Tapu Fini|88\/100|[from] Stealth Rock\n|-fieldstart|move: Misty Terrain|[from] ability: Misty Surge|[of] p1a: Tapu Fini\n|\n|-heal|p1a: Tapu Fini|94\/100|[from] item: Leftovers\n|upkeep\n|turn|7\n|\n|t:|1664052881\n|switch|p2a: Lucas|Tapu Koko|100\/100\n|-damage|p2a: Lucas|88\/100|[from] Stealth Rock\n|-fieldstart|move: Electric Terrain|[from] ability: Electric Surge|[of] p2a: Lucas\n|move|p1a: Tapu Fini|Moonblast|p2a: Lucas\n|-damage|p2a: Lucas|41\/100\n|\n|-heal|p1a: Tapu Fini|99\/100|[from] item: Leftovers\n|upkeep\n|turn|8\n|\n|t:|1664052896\n|switch|p1a: Heatran|Heatran, M|100\/100\n|-damage|p1a: Heatran|88\/100|[from] Stealth Rock\n|move|p2a: Lucas|Thunderbolt|p1a: Heatran\n|-damage|p1a: Heatran|0 fnt\n|faint|p1a: Heatran\n|\n|upkeep\n|inactive|Adel19 has 270 seconds left.\n|\n|t:|1664052920\n|switch|p1a: Medicham|Medicham, M|100\/100\n|-damage|p1a: Medicham|94\/100|[from] Stealth Rock\n|turn|9\n|\n|t:|1664052932\n|switch|p2a: Wendigo|Weavile, F|100\/100\n|-damage|p2a: Wendigo|76\/100|[from] Stealth Rock\n|-ability|p2a: Wendigo|Pressure\n|detailschange|p1a: Medicham|Medicham-Mega, M\n|-mega|p1a: Medicham|Medicham|Medichamite\n|move|p1a: Medicham|Fake Out|p2a: Wendigo\n|-damage|p2a: Wendigo|37\/100\n|\n|upkeep\n|turn|10\n|\n|t:|1664052947\n|switch|p1a: Tapu Fini|Tapu Fini|99\/100\n|-damage|p1a: Tapu Fini|88\/100|[from] Stealth Rock\n|-fieldstart|move: Misty Terrain|[from] ability: Misty Surge|[of] p1a: Tapu Fini\n|-zpower|p2a: Wendigo\n|move|p2a: Wendigo|Black Hole Eclipse|p1a: Tapu Fini|[zeffect]\n|-resisted|p1a: Tapu Fini\n|-damage|p1a: Tapu Fini|59\/100\n|\n|-heal|p1a: Tapu Fini|65\/100|[from] item: Leftovers\n|upkeep\n|turn|11\n|\n|t:|1664052952\n|move|p2a: Wendigo|Knock Off|p1a: Tapu Fini\n|-resisted|p1a: Tapu Fini\n|-damage|p1a: Tapu Fini|49\/100\n|-enditem|p1a: Tapu Fini|Leftovers|[from] move: Knock Off|[of] p2a: Wendigo\n|move|p1a: Tapu Fini|Moonblast|p2a: Wendigo\n|-supereffective|p2a: Wendigo\n|-damage|p2a: Wendigo|0 fnt\n|faint|p2a: Wendigo\n|\n|upkeep\n|\n|t:|1664052955\n|switch|p2a: Jester|Alakazam-Mega, M|100\/100\n|-damage|p2a: Jester|88\/100|[from] Stealth Rock\n|-ability|p2a: Jester|Misty Surge|[from] ability: Trace|[of] p1a: Tapu Fini\n|turn|12\n|\n|t:|1664052962\n|move|p2a: Jester|Energy Ball|p1a: Tapu Fini\n|-supereffective|p1a: Tapu Fini\n|-damage|p1a: Tapu Fini|0 fnt\n|faint|p1a: Tapu Fini\n|\n|upkeep\n|\n|t:|1664052986\n|switch|p1a: Tapu Koko|Tapu Koko|59\/100\n|-damage|p1a: Tapu Koko|47\/100|[from] Stealth Rock\n|-fieldstart|move: Electric Terrain|[from] ability: Electric Surge|[of] p1a: Tapu Koko\n|turn|13\n|\n|t:|1664052991\n|switch|p2a: Jamil|Garchomp, M|21\/100\n|-damage|p2a: Jamil|14\/100|[from] Stealth Rock\n|move|p1a: Tapu Koko|Dazzling Gleam|p2a: Jamil\n|-supereffective|p2a: Jamil\n|-damage|p2a: Jamil|0 fnt\n|faint|p2a: Jamil\n|\n|upkeep\n|\n|t:|1664052994\n|switch|p2a: Cactus Fruit|Ferrothorn, M|100\/100\n|-damage|p2a: Cactus Fruit|94\/100|[from] Stealth Rock\n|turn|14\n|\n|t:|1664052997\n|switch|p1a: Medicham|Medicham-Mega, M|94\/100\n|-damage|p1a: Medicham|88\/100|[from] Stealth Rock\n|move|p2a: Cactus Fruit|Gyro Ball|p1a: Medicham\n|-damage|p1a: Medicham|14\/100\n|\n|-heal|p2a: Cactus Fruit|100\/100|[from] item: Leftovers\n|upkeep\n|turn|15\n|inactive|Adel19 has 270 seconds left.\n|inactive|Adel19 has 240 seconds left.\n|\n|t:|1664053072\n|switch|p2a: Lucas|Tapu Koko|41\/100\n|-damage|p2a: Lucas|29\/100|[from] Stealth Rock\n|move|p1a: Medicham|Fake Out|p2a: Lucas\n|-crit|p2a: Lucas\n|-damage|p2a: Lucas|0 fnt\n|faint|p2a: Lucas\n|\n|upkeep\n|\n|t:|1664053077\n|switch|p2a: Jester|Alakazam-Mega, M|88\/100\n|-damage|p2a: Jester|76\/100|[from] Stealth Rock\n|-ability|p2a: Jester|Pure Power|[from] ability: Trace|[of] p1a: Medicham\n|turn|16\n|inactive|Adel19 has 240 seconds left.\n|inactive|Adel19 has 210 seconds left.\n|\n|t:|1664053119\n|move|p2a: Jester|Energy Ball|p1a: Medicham\n|-damage|p1a: Medicham|0 fnt\n|faint|p1a: Medicham\n|\n|upkeep\n|\n|t:|1664053122\n|switch|p1a: Tapu Koko|Tapu Koko|47\/100\n|-damage|p1a: Tapu Koko|34\/100|[from] Stealth Rock\n|turn|17\n|\n|t:|1664053142\n|move|p1a: Tapu Koko|Thunderbolt|p2a: Jester\n|-damage|p2a: Jester|3\/100\n|move|p2a: Jester|Energy Ball|p1a: Tapu Koko\n|-damage|p1a: Tapu Koko|0 fnt\n|faint|p1a: Tapu Koko\n|\n|-fieldend|move: Electric Terrain\n|upkeep\n|\n|t:|1664053147\n|switch|p1a: Greninja|Greninja, M|100\/100\n|-damage|p1a: Greninja|88\/100|[from] Stealth Rock\n|turn|18\n|\n|t:|1664053154\n|move|p2a: Jester|Energy Ball|p1a: Greninja\n|-supereffective|p1a: Greninja\n|-damage|p1a: Greninja|0 fnt\n|faint|p1a: Greninja\n|\n|win|Proftreez\n","uploadtime":1664053155,"views":51,"p1id":"adel19","p2id":"proftreez","formatid":"gen7ou","rating":0,"private":0,"password":null}