{"id":"smogtours-gen6ou-588436","p1":"Goootzinho","p2":"Lunala","format":"gen6ou","log":"|inactive|Battle timer is ON: inactive players will automatically lose when time's up.\n|t:|1635021685\n|gametype|singles\n|player|p1|Goootzinho|karen-gen2|\n|player|p2|Lunala|#scl1dynamos|\n|teamsize|p1|6\n|teamsize|p2|6\n|gen|6\n|tier|[Gen 6] OU\n|rule|Sleep Clause Mod: Limit one foe put to sleep\n|rule|Species Clause: Limit one of each Pok\u00e9mon\n|rule|OHKO Clause: OHKO moves are banned\n|rule|Moody Clause: Moody is banned\n|rule|Evasion Moves Clause: Evasion moves are banned\n|rule|Endless Battle Clause: Forcing endless battles is banned\n|rule|HP Percentage Mod: HP is shown in percentages\n|rule|Swagger Clause: Swagger is banned\n|clearpoke\n|poke|p1|Metagross|item\n|poke|p1|Clefable, F|item\n|poke|p1|Magnezone|item\n|poke|p1|Hippowdon, F|item\n|poke|p1|Latios, M|item\n|poke|p1|Dragonite, M|item\n|poke|p2|Medicham, F|item\n|poke|p2|Serperior, M|item\n|poke|p2|Garchomp, M|item\n|poke|p2|Excadrill, F|item\n|poke|p2|Tyranitar, F|item\n|poke|p2|Tornadus-Therian, M|item\n|teampreview\n|c|\u2606Lunala|hf\n|c|\u2606Goootzinho|u2\n|inactive|Goootzinho has 270 seconds left.\n|inactive|Goootzinho has 240 seconds left.\n|\n|t:|1635021774\n|start\n|switch|p1a: Latios|Latios, M|100\/100\n|switch|p2a: Medicham|Medicham, F|100\/100\n|turn|1\n|\n|t:|1635021786\n|detailschange|p2a: Medicham|Medicham-Mega, F\n|-mega|p2a: Medicham|Medicham|Medichamite\n|move|p2a: Medicham|Fake Out|p1a: Latios\n|-damage|p1a: Latios|65\/100\n|cant|p1a: Latios|flinch\n|\n|upkeep\n|turn|2\n|inactive|Goootzinho has 270 seconds left.\n|\n|t:|1635021818\n|switch|p1a: Hippowdon|Hippowdon, F|100\/100\n|switch|p2a: Tyranitar|Tyranitar, F|100\/100\n|-weather|Sandstorm|[from] ability: Sand Stream|[of] p2a: Tyranitar\n|\n|-weather|Sandstorm|[upkeep]\n|upkeep\n|turn|3\n|\n|t:|1635021827\n|switch|p2a: Garchomp|Garchomp, M|100\/100\n|move|p1a: Hippowdon|Stealth Rock|p2a: Garchomp\n|-sidestart|p2: Lunala|move: Stealth Rock\n|\n|-weather|Sandstorm|[upkeep]\n|upkeep\n|turn|4\n|\n|t:|1635021844\n|switch|p1a: Clefable|Clefable, F|100\/100\n|move|p2a: Garchomp|Stealth Rock|p1a: Clefable\n|-sidestart|p1: Goootzinho|move: Stealth Rock\n|\n|-weather|Sandstorm|[upkeep]\n|upkeep\n|turn|5\n|\n|t:|1635021848\n|move|p2a: Garchomp|Earthquake|p1a: Clefable\n|-damage|p1a: Clefable|67\/100\n|move|p1a: Clefable|Knock Off|p2a: Garchomp\n|-damage|p2a: Garchomp|91\/100\n|-enditem|p2a: Garchomp|Rocky Helmet|[from] move: Knock Off|[of] p1a: Clefable\n|\n|-weather|Sandstorm|[upkeep]\n|-heal|p1a: Clefable|73\/100|[from] item: Leftovers\n|upkeep\n|turn|6\n|inactive|Goootzinho has 270 seconds left.\n|\n|t:|1635021871\n|switch|p2a: Excadrill|Excadrill, F|100\/100\n|-damage|p2a: Excadrill|97\/100|[from] Stealth Rock\n|move|p1a: Clefable|Knock Off|p2a: Excadrill\n|-damage|p2a: Excadrill|76\/100\n|-enditem|p2a: Excadrill|Leftovers|[from] move: Knock Off|[of] p1a: Clefable\n|\n|-weather|none\n|-heal|p1a: Clefable|79\/100|[from] item: Leftovers\n|upkeep\n|turn|7\n|inactive|Goootzinho has 240 seconds left.\n|\n|t:|1635021912\n|switch|p1a: Dragonite|Dragonite, M|100\/100\n|-damage|p1a: Dragonite|76\/100|[from] Stealth Rock\n|move|p2a: Excadrill|Rapid Spin|p1a: Dragonite\n|-damage|p1a: Dragonite|68\/100\n|-sideend|p2: Lunala|Stealth Rock|[from] move: Rapid Spin|[of] p2a: Excadrill\n|\n|upkeep\n|turn|8\n|\n|t:|1635021937\n|switch|p2a: Garchomp|Garchomp, M|91\/100\n|move|p1a: Dragonite|Ice Punch|p2a: Garchomp\n|-supereffective|p2a: Garchomp\n|-damage|p2a: Garchomp|9\/100\n|-damage|p1a: Dragonite|55\/100|[from] ability: Rough Skin|[of] p2a: Garchomp\n|\n|upkeep\n|turn|9\n|\n|t:|1635021951\n|move|p1a: Dragonite|Extreme Speed|p2a: Garchomp\n|-damage|p2a: Garchomp|0 fnt\n|-damage|p1a: Dragonite|43\/100|[from] ability: Rough Skin|[of] p2a: Garchomp\n|faint|p2a: Garchomp\n|\n|upkeep\n|\n|t:|1635021957\n|switch|p2a: Medicham|Medicham-Mega, F|100\/100\n|turn|10\n|inactive|Goootzinho has 210 seconds left.\n|\n|t:|1635021979\n|move|p1a: Dragonite|Extreme Speed|p2a: Medicham\n|-damage|p2a: Medicham|57\/100\n|move|p2a: Medicham|Ice Punch|p1a: Dragonite\n|-supereffective|p1a: Dragonite\n|-crit|p1a: Dragonite\n|-damage|p1a: Dragonite|0 fnt\n|faint|p1a: Dragonite\n|\n|upkeep\n|inactive|Goootzinho has 210 seconds left.\n|inactive|Goootzinho has 180 seconds left.\n|\n|t:|1635022022\n|switch|p1a: Clefable|Clefable, F|79\/100\n|turn|11\n|\n|t:|1635022030\n|switch|p2a: Tornadus|Tornadus-Therian, M|100\/100\n|move|p1a: Clefable|Moonblast|p2a: Tornadus\n|-damage|p2a: Tornadus|78\/100\n|\n|-heal|p1a: Clefable|85\/100|[from] item: Leftovers\n|upkeep\n|turn|12\n|inactive|Goootzinho has 180 seconds left.\n|\n|t:|1635022048\n|move|p2a: Tornadus|Knock Off|p1a: Clefable\n|-resisted|p1a: Clefable\n|-damage|p1a: Clefable|78\/100\n|-enditem|p1a: Clefable|Leftovers|[from] move: Knock Off|[of] p2a: Tornadus\n|move|p1a: Clefable|Calm Mind|p1a: Clefable\n|-boost|p1a: Clefable|spa|1\n|-boost|p1a: Clefable|spd|1\n|\n|upkeep\n|turn|13\n|\n|t:|1635022058\n|move|p2a: Tornadus|U-turn|p1a: Clefable\n|-resisted|p1a: Clefable\n|-damage|p1a: Clefable|72\/100\n|\n|t:|1635022060\n|switch|p2a: Excadrill|Excadrill, F|76\/100|[from]move: U-turn\n|move|p1a: Clefable|Moonblast|p2a: Excadrill\n|-resisted|p2a: Excadrill\n|-damage|p2a: Excadrill|44\/100\n|\n|upkeep\n|turn|14\n|\n|t:|1635022065\n|switch|p1a: Hippowdon|Hippowdon, F|100\/100\n|-damage|p1a: Hippowdon|94\/100|[from] Stealth Rock\n|move|p2a: Excadrill|Earthquake|p1a: Hippowdon\n|-damage|p1a: Hippowdon|63\/100\n|\n|upkeep\n|turn|15\n|inactive|Goootzinho has 210 seconds left.\n|\n|t:|1635022089\n|move|p2a: Excadrill|Swords Dance|p2a: Excadrill\n|-boost|p2a: Excadrill|atk|2\n|move|p1a: Hippowdon|Stealth Rock|p2a: Excadrill\n|-sidestart|p2: Lunala|move: Stealth Rock\n|\n|upkeep\n|turn|16\n|\n|t:|1635022102\n|move|p2a: Excadrill|Earthquake|p1a: Hippowdon\n|-damage|p1a: Hippowdon|8\/100\n|move|p1a: Hippowdon|Earthquake|p2a: Excadrill\n|-supereffective|p2a: Excadrill\n|-damage|p2a: Excadrill|0 fnt\n|faint|p2a: Excadrill\n|\n|upkeep\n|\n|t:|1635022105\n|switch|p2a: Serperior|Serperior, M|100\/100\n|-damage|p2a: Serperior|88\/100|[from] Stealth Rock\n|turn|17\n|inactive|Goootzinho has 180 seconds left.\n|\n|t:|1635022161\n|switch|p1a: Latios|Latios, M|65\/100\n|-damage|p1a: Latios|52\/100|[from] Stealth Rock\n|move|p2a: Serperior|Leaf Storm|p1a: Latios\n|-resisted|p1a: Latios\n|-damage|p1a: Latios|30\/100\n|-boost|p2a: Serperior|spa|2\n|\n|-heal|p2a: Serperior|94\/100|[from] item: Leftovers\n|upkeep\n|turn|18\n|\n|t:|1635022172\n|move|p2a: Serperior|Leaf Storm|p1a: Latios\n|-resisted|p1a: Latios\n|-damage|p1a: Latios|0 fnt\n|-boost|p2a: Serperior|spa|2\n|faint|p1a: Latios\n|\n|-heal|p2a: Serperior|100\/100|[from] item: Leftovers\n|upkeep\n|\n|t:|1635022178\n|switch|p1a: Metagross|Metagross|100\/100\n|-damage|p1a: Metagross|95\/100|[from] Stealth Rock\n|turn|19\n|\n|t:|1635022186\n|detailschange|p1a: Metagross|Metagross-Mega\n|-mega|p1a: Metagross|Metagross|Metagrossite\n|move|p2a: Serperior|Hidden Power|p1a: Metagross\n|-supereffective|p1a: Metagross\n|-damage|p1a: Metagross|3\/100\n|move|p1a: Metagross|Ice Punch|p2a: Serperior\n|-supereffective|p2a: Serperior\n|-damage|p2a: Serperior|10\/100\n|\n|-heal|p2a: Serperior|16\/100|[from] item: Leftovers\n|upkeep\n|turn|20\n|\n|t:|1635022192\n|move|p1a: Metagross|Bullet Punch|p2a: Serperior\n|-damage|p2a: Serperior|0 fnt\n|faint|p2a: Serperior\n|\n|upkeep\n|\n|t:|1635022197\n|switch|p2a: Medicham|Medicham-Mega, F|57\/100\n|-damage|p2a: Medicham|51\/100|[from] Stealth Rock\n|turn|21\n|inactive|Goootzinho has 180 seconds left.\n|\n|t:|1635022230\n|switch|p1a: Hippowdon|Hippowdon, F|8\/100\n|-damage|p1a: Hippowdon|2\/100|[from] Stealth Rock\n|move|p2a: Medicham|Fake Out|p1a: Hippowdon\n|-damage|p1a: Hippowdon|0 fnt\n|-damage|p2a: Medicham|34\/100|[from] item: Rocky Helmet|[of] p1a: Hippowdon\n|faint|p1a: Hippowdon\n|\n|upkeep\n|inactive|Goootzinho has 150 seconds left.\n|\n|t:|1635022256\n|switch|p1a: Magnezone|Magnezone|100\/100\n|-damage|p1a: Magnezone|94\/100|[from] Stealth Rock\n|turn|22\n|inactive|Goootzinho has 120 seconds left.\n|\n|t:|1635022284\n|move|p1a: Magnezone|Flash Cannon|p2a: Medicham\n|-damage|p2a: Medicham|0 fnt\n|faint|p2a: Medicham\n|\n|upkeep\n|\n|t:|1635022287\n|switch|p2a: Tornadus|Tornadus-Therian, M|100\/100\n|-damage|p2a: Tornadus|76\/100|[from] Stealth Rock\n|turn|23\n|\n|t:|1635022297\n|switch|p1a: Metagross|Metagross-Mega|3\/100\n|-damage|p1a: Metagross|0 fnt|[from] Stealth Rock\n|faint|p1a: Metagross\n|move|p2a: Tornadus|Hurricane|p1: Metagross|[notarget]\n|-fail|p2a: Tornadus\n|\n|upkeep\n|inactive|Goootzinho has 120 seconds left.\n|\n|t:|1635022328\n|switch|p1a: Magnezone|Magnezone|94\/100\n|-damage|p1a: Magnezone|88\/100|[from] Stealth Rock\n|turn|24\n|\n|t:|1635022334\n|move|p2a: Tornadus|Heat Wave|p1a: Magnezone\n|-supereffective|p1a: Magnezone\n|-damage|p1a: Magnezone|27\/100\n|move|p1a: Magnezone|Flash Cannon|p2a: Tornadus\n|-damage|p2a: Tornadus|44\/100\n|\n|upkeep\n|turn|25\n|\n|t:|1635022341\n|move|p2a: Tornadus|Heat Wave|p1a: Magnezone\n|-supereffective|p1a: Magnezone\n|-damage|p1a: Magnezone|0 fnt\n|faint|p1a: Magnezone\n|\n|upkeep\n|\n|t:|1635022343\n|switch|p1a: Clefable|Clefable, F|72\/100\n|turn|26\n|\n|t:|1635022345\n|move|p2a: Tornadus|U-turn|p1a: Clefable\n|-resisted|p1a: Clefable\n|-damage|p1a: Clefable|66\/100\n|\n|t:|1635022347\n|switch|p2a: Tyranitar|Tyranitar, F|100\/100|[from]move: U-turn\n|-damage|p2a: Tyranitar|88\/100|[from] Stealth Rock\n|-weather|Sandstorm|[from] ability: Sand Stream|[of] p2a: Tyranitar\n|move|p1a: Clefable|Calm Mind|p1a: Clefable\n|-boost|p1a: Clefable|spa|1\n|-boost|p1a: Clefable|spd|1\n|\n|-weather|Sandstorm|[upkeep]\n|upkeep\n|turn|27\n|\n|t:|1635022349\n|move|p2a: Tyranitar|Stone Edge|p1a: Clefable\n|-damage|p1a: Clefable|0 fnt\n|faint|p1a: Clefable\n|\n|win|Lunala\n","uploadtime":1635022350,"views":34,"p1id":"goootzinho","p2id":"lunala","formatid":"gen6ou","rating":0,"private":0,"password":null}