{"id":"smogtours-gen8ubers-649985","p1":"Mr.378","p2":"Raph369","format":"gen8ubers","log":"|inactive|Battle timer is ON: inactive players will automatically lose when time's up.\n|t:|1663960167\n|gametype|singles\n|player|p1|Mr.378|#bdspplempoleonshow|\n|player|p2|Raph369|archer|\n|teamsize|p1|6\n|teamsize|p2|6\n|gen|8\n|tier|[Gen 8] Ubers\n|rule|Sleep Clause Mod: Limit one foe put to sleep\n|rule|Species Clause: Limit one of each Pok\u00e9mon\n|rule|OHKO Clause: OHKO moves are banned\n|rule|Evasion Items Clause: Evasion items are banned\n|rule|Evasion Moves Clause: Evasion moves are banned\n|rule|Endless Battle Clause: Forcing endless battles is banned\n|rule|HP Percentage Mod: HP is shown in percentages\n|rule|Dynamax Clause: You cannot dynamax\n|clearpoke\n|poke|p1|Necrozma-Dusk-Mane|\n|poke|p1|Eternatus|\n|poke|p1|Kyogre|\n|poke|p1|Yveltal|\n|poke|p1|Zygarde|\n|poke|p1|Darmanitan-Galar, F|\n|poke|p2|Regieleki|\n|poke|p2|Tapu Koko|\n|poke|p2|Landorus-Therian, M|\n|poke|p2|Yveltal|\n|poke|p2|Necrozma-Dusk-Mane|\n|poke|p2|Zoroark, M|\n|teampreview\n|c|\u2606Mr.378|Hf\n|c|+airfare|Go team\n|c|\u2606Raph369|hf\n|inactive|Mr.378 has 270 seconds left.\n|inactive|Raph369 has 270 seconds left.\n|inactive|Raph369 has 240 seconds left.\n|\n|t:|1663960231\n|start\n|switch|p1a: Darmanitan|Darmanitan-Galar, F|100\/100\n|switch|p2a: Tapu Koko|Tapu Koko|100\/100\n|-fieldstart|move: Electric Terrain|[from] ability: Electric Surge|[of] p2a: Tapu Koko\n|turn|1\n|\n|t:|1663960244\n|switch|p2a: Necrozma|Necrozma-Dusk-Mane|100\/100\n|move|p1a: Darmanitan|Icicle Crash|p2a: Necrozma\n|-resisted|p2a: Necrozma\n|-damage|p2a: Necrozma|62\/100\n|\n|-heal|p2a: Necrozma|68\/100|[from] item: Leftovers\n|upkeep\n|turn|2\n|\n|t:|1663960269\n|switch|p1a: Kyogre|Kyogre|100\/100\n|-weather|RainDance|[from] ability: Drizzle|[of] p1a: Kyogre\n|move|p2a: Necrozma|Knock Off|p1a: Kyogre\n|-damage|p1a: Kyogre|64\/100\n|-enditem|p1a: Kyogre|Choice Specs|[from] move: Knock Off|[of] p2a: Necrozma\n|\n|-weather|RainDance|[upkeep]\n|-heal|p2a: Necrozma|74\/100|[from] item: Leftovers\n|upkeep\n|turn|3\n|\n|t:|1663960281\n|switch|p2a: Yveltal|Yveltal|100\/100\n|-ability|p2a: Yveltal|Dark Aura\n|move|p1a: Kyogre|Water Spout|p2a: Yveltal\n|-damage|p2a: Yveltal|53\/100\n|\n|-weather|RainDance|[upkeep]\n|upkeep\n|turn|4\n|\n|t:|1663960293\n|move|p1a: Kyogre|Thunder|p2a: Yveltal\n|-supereffective|p2a: Yveltal\n|-damage|p2a: Yveltal|0 fnt\n|faint|p2a: Yveltal\n|\n|-weather|RainDance|[upkeep]\n|upkeep\n|\n|t:|1663960299\n|switch|p2a: Regieleki|Regieleki|100\/100\n|turn|5\n|\n|t:|1663960303\n|switch|p1a: Zygarde|Zygarde|100\/100\n|move|p2a: Regieleki|Trick|p1a: Zygarde\n|-activate|p2a: Regieleki|move: Trick|[of] p1a: Zygarde\n|-item|p1a: Zygarde|Ring Target|[from] move: Trick\n|-item|p2a: Regieleki|Leftovers|[from] move: Trick\n|\n|-weather|RainDance|[upkeep]\n|upkeep\n|turn|6\n|\n|t:|1663960323\n|move|p2a: Regieleki|Taunt|p1a: Zygarde\n|-start|p1a: Zygarde|move: Taunt\n|move|p1a: Zygarde|Thousand Arrows|p2a: Regieleki\n|-damage|p2a: Regieleki|21\/100\n|replace|p2a: Zoroark|Zoroark, M\n|-end|p2a: Zoroark|Illusion\n|\n|-weather|none\n|-heal|p2a: Zoroark|27\/100|[from] item: Leftovers\n|upkeep\n|turn|7\n|\n|t:|1663960336\n|move|p2a: Zoroark|Memento|p1a: Zygarde\n|-unboost|p1a: Zygarde|atk|2\n|-unboost|p1a: Zygarde|spa|2\n|faint|p2a: Zoroark\n|move|p1a: Zygarde|Thousand Arrows|p2: Zoroark|[notarget]\n|-fail|p1a: Zygarde\n|\n|upkeep\n|\n|t:|1663960343\n|switch|p2a: Regieleki|Regieleki|100\/100\n|turn|8\n|inactive|Raph369 has 270 seconds left.\n|\n|t:|1663960390\n|switch|p1a: Darmanitan|Darmanitan-Galar, F|100\/100\n|move|p2a: Regieleki|Volt Switch|p1a: Darmanitan\n|-damage|p1a: Darmanitan|0 fnt\n|faint|p1a: Darmanitan\n|\n|t:|1663960396\n|switch|p2a: Necrozma|Necrozma-Dusk-Mane|74\/100|[from]move: Volt Switch\n|\n|-heal|p2a: Necrozma|80\/100|[from] item: Leftovers\n|-fieldend|move: Electric Terrain\n|upkeep\n|\n|t:|1663960401\n|switch|p1a: Kyogre|Kyogre|64\/100\n|-weather|RainDance|[from] ability: Drizzle|[of] p1a: Kyogre\n|turn|9\n|\n|t:|1663960406\n|switch|p2a: Tapu Koko|Tapu Koko|100\/100\n|-fieldstart|move: Electric Terrain|[from] ability: Electric Surge|[of] p2a: Tapu Koko\n|move|p1a: Kyogre|Origin Pulse|p2a: Tapu Koko\n|-damage|p2a: Tapu Koko|0 fnt\n|faint|p2a: Tapu Koko\n|\n|-weather|RainDance|[upkeep]\n|upkeep\n|\n|t:|1663960408\n|switch|p2a: Regieleki|Regieleki|100\/100\n|turn|10\n|\n|t:|1663960415\n|switch|p1a: Yveltal|Yveltal|100\/100\n|-ability|p1a: Yveltal|Dark Aura\n|move|p2a: Regieleki|Rising Voltage|p1a: Yveltal\n|-supereffective|p1a: Yveltal\n|-damage|p1a: Yveltal|0 fnt\n|faint|p1a: Yveltal\n|\n|-weather|RainDance|[upkeep]\n|upkeep\n|\n|t:|1663960428\n|switch|p1a: Eternatus|Eternatus|100\/100\n|-ability|p1a: Eternatus|Pressure\n|turn|11\n|\n|t:|1663960432\n|move|p2a: Regieleki|Rising Voltage|p1a: Eternatus\n|-hint|Rising Voltage's BP doubled on grounded target.\n|-resisted|p1a: Eternatus\n|-damage|p1a: Eternatus|39\/100\n|move|p1a: Eternatus|Mystical Fire|p2a: Regieleki\n|-damage|p2a: Regieleki|77\/100\n|-unboost|p2a: Regieleki|spa|1\n|\n|-weather|RainDance|[upkeep]\n|upkeep\n|turn|12\n|\n|t:|1663960454\n|move|p2a: Regieleki|Rising Voltage|p1a: Eternatus\n|-hint|Rising Voltage's BP doubled on grounded target.\n|-resisted|p1a: Eternatus\n|-damage|p1a: Eternatus|0 fnt\n|faint|p1a: Eternatus\n|\n|-weather|RainDance|[upkeep]\n|upkeep\n|\n|t:|1663960459\n|switch|p1a: Zygarde|Zygarde|100\/100\n|turn|13\n|\n|t:|1663960477\n|switch|p2a: Landorus|Landorus-Therian, M|100\/100\n|-ability|p2a: Landorus|Intimidate|boost\n|-unboost|p1a: Zygarde|atk|1\n|move|p1a: Zygarde|Thousand Arrows|p2a: Landorus\n|-damage|p2a: Landorus|84\/100\n|-start|p2a: Landorus|Smack Down\n|\n|-weather|none\n|upkeep\n|turn|14\n|\n|t:|1663960491\n|switch|p1a: Kyogre|Kyogre|64\/100\n|-weather|RainDance|[from] ability: Drizzle|[of] p1a: Kyogre\n|move|p2a: Landorus|U-turn|p1a: Kyogre\n|-damage|p1a: Kyogre|38\/100\n|\n|t:|1663960493\n|switch|p2a: Regieleki|Regieleki|77\/100|[from]move: U-turn\n|\n|-weather|RainDance|[upkeep]\n|upkeep\n|turn|15\n|\n|t:|1663960504\n|switch|p1a: Necrozma|Necrozma-Dusk-Mane|100\/100\n|move|p2a: Regieleki|Rising Voltage|p1a: Necrozma\n|-hint|Rising Voltage's BP doubled on grounded target.\n|-damage|p1a: Necrozma|0 fnt\n|faint|p1a: Necrozma\n|\n|-weather|RainDance|[upkeep]\n|upkeep\n|\n|t:|1663960510\n|switch|p1a: Kyogre|Kyogre|38\/100\n|turn|16\n|\n|t:|1663960515\n|move|p2a: Regieleki|Rising Voltage|p1a: Kyogre\n|-hint|Rising Voltage's BP doubled on grounded target.\n|-supereffective|p1a: Kyogre\n|-damage|p1a: Kyogre|0 fnt\n|faint|p1a: Kyogre\n|\n|-weather|RainDance|[upkeep]\n|-fieldend|move: Electric Terrain\n|upkeep\n|\n|t:|1663960519\n|switch|p1a: Zygarde|Zygarde|100\/100\n|turn|17\n|\n|t:|1663960527\n|switch|p2a: Landorus|Landorus-Therian, M|84\/100\n|-ability|p2a: Landorus|Intimidate|boost\n|-unboost|p1a: Zygarde|atk|1\n|move|p1a: Zygarde|Dragon Dance|p1a: Zygarde\n|-boost|p1a: Zygarde|atk|1\n|-boost|p1a: Zygarde|spe|1\n|\n|-weather|RainDance|[upkeep]\n|upkeep\n|turn|18\n|\n|t:|1663960532\n|move|p1a: Zygarde|Substitute|p1a: Zygarde\n|-start|p1a: Zygarde|Substitute\n|-damage|p1a: Zygarde|76\/100\n|move|p2a: Landorus|U-turn|p1a: Zygarde\n|-activate|p1a: Zygarde|move: Substitute|[damage]\n|\n|t:|1663960534\n|switch|p2a: Regieleki|Regieleki|77\/100|[from]move: U-turn\n|\n|-weather|none\n|upkeep\n|turn|19\n|\n|t:|1663960549\n|move|p2a: Regieleki|Thunderbolt|p1a: Zygarde\n|-resisted|p1a: Zygarde\n|-end|p1a: Zygarde|Substitute\n|move|p1a: Zygarde|Dragon Dance|p1a: Zygarde\n|-boost|p1a: Zygarde|atk|1\n|-boost|p1a: Zygarde|spe|1\n|\n|upkeep\n|turn|20\n|\n|t:|1663960554\n|move|p1a: Zygarde|Thousand Arrows|p2a: Regieleki\n|-supereffective|p2a: Regieleki\n|-damage|p2a: Regieleki|0 fnt\n|faint|p2a: Regieleki\n|\n|upkeep\n|\n|t:|1663960557\n|switch|p2a: Landorus|Landorus-Therian, M|84\/100\n|-ability|p2a: Landorus|Intimidate|boost\n|-unboost|p1a: Zygarde|atk|1\n|turn|21\n|\n|t:|1663960565\n|move|p1a: Zygarde|Glare|p2a: Landorus\n|-status|p2a: Landorus|par\n|cant|p2a: Landorus|par\n|\n|upkeep\n|turn|22\n|\n|t:|1663960569\n|move|p1a: Zygarde|Substitute|p1a: Zygarde\n|-start|p1a: Zygarde|Substitute\n|-damage|p1a: Zygarde|51\/100\n|cant|p2a: Landorus|par\n|\n|upkeep\n|turn|23\n|\n|t:|1663960575\n|move|p1a: Zygarde|Thousand Arrows|p2a: Landorus\n|-damage|p2a: Landorus|58\/100 par\n|-start|p2a: Landorus|Smack Down\n|cant|p2a: Landorus|par\n|\n|upkeep\n|turn|24\n|\n|t:|1663960581\n|move|p1a: Zygarde|Thousand Arrows|p2a: Landorus\n|-damage|p2a: Landorus|34\/100 par\n|move|p2a: Landorus|Earthquake|p1a: Zygarde\n|-end|p1a: Zygarde|Substitute\n|\n|upkeep\n|turn|25\n|\n|t:|1663960592\n|move|p1a: Zygarde|Substitute|p1a: Zygarde\n|-start|p1a: Zygarde|Substitute\n|-damage|p1a: Zygarde|26\/100\n|move|p2a: Landorus|Earthquake|p1a: Zygarde\n|-end|p1a: Zygarde|Substitute\n|\n|-activate|p1a: Zygarde|ability: Power Construct\n|detailschange|p1a: Zygarde|Zygarde-Complete\n|-heal|p1a: Zygarde|54\/100|[silent]\n|upkeep\n|turn|26\n|\n|t:|1663960610\n|move|p1a: Zygarde|Substitute|p1a: Zygarde\n|-start|p1a: Zygarde|Substitute\n|-damage|p1a: Zygarde|29\/100\n|cant|p2a: Landorus|par\n|\n|upkeep\n|turn|27\n|\n|t:|1663960616\n|move|p1a: Zygarde|Dragon Dance|p1a: Zygarde\n|-boost|p1a: Zygarde|atk|1\n|-boost|p1a: Zygarde|spe|1\n|cant|p2a: Landorus|par\n|\n|upkeep\n|turn|28\n|\n|t:|1663960627\n|move|p1a: Zygarde|Thousand Arrows|p2a: Landorus\n|-damage|p2a: Landorus|0 fnt\n|faint|p2a: Landorus\n|\n|upkeep\n|\n|t:|1663960629\n|switch|p2a: Necrozma|Necrozma-Dusk-Mane|80\/100\n|turn|29\n|\n|t:|1663960634\n|move|p1a: Zygarde|Thousand Arrows|p2a: Necrozma\n|-supereffective|p2a: Necrozma\n|-damage|p2a: Necrozma|17\/100\n|move|p2a: Necrozma|Sunsteel Strike|p1a: Zygarde\n|-activate|p1a: Zygarde|move: Substitute|[damage]\n|\n|-heal|p2a: Necrozma|23\/100|[from] item: Leftovers\n|upkeep\n|turn|30\n|\n|t:|1663960638\n|move|p1a: Zygarde|Thousand Arrows|p2a: Necrozma\n|-supereffective|p2a: Necrozma\n|-damage|p2a: Necrozma|0 fnt\n|faint|p2a: Necrozma\n|\n|win|Mr.378\n|c|\u2606Raph369|gg\n|c|\u2606Mr.378|Gg\n|player|p1|Mr.378|#bdspplempoleonshow\n","uploadtime":1663960930,"views":99,"p1id":"mr378","p2id":"raph369","formatid":"gen8ubers","rating":0,"private":0,"password":null}