{"id":"smogtours-gen8stabmons-640295","p1":"Unviabriel","p2":"pannuracotta","format":"gen8stabmons","log":"|inactive|Battle timer is ON: inactive players will automatically lose when time's up.\n|t:|1658700996\n|gametype|singles\n|player|p1|Unviabriel|shauntal|\n|player|p2|pannuracotta|liza|\n|teamsize|p1|6\n|teamsize|p2|6\n|gen|8\n|tier|[Gen 8] STABmons\n|rule|Species Clause: Limit one of each Pok\u00e9mon\n|rule|OHKO Clause: OHKO moves are banned\n|rule|Evasion Moves Clause: Evasion moves are banned\n|rule|Endless Battle Clause: Forcing endless battles is banned\n|rule|HP Percentage Mod: HP is shown in percentages\n|rule|Dynamax Clause: You cannot dynamax\n|rule|Sleep Clause: Sleep-inducing moves are banned\n|clearpoke\n|poke|p1|Slowbro, M|\n|poke|p1|Tornadus-Therian, M|\n|poke|p1|Sylveon, M|\n|poke|p1|Buzzwole|\n|poke|p1|Nidoking, M|\n|poke|p1|Weavile, F|\n|poke|p2|Barraskewda, M|\n|poke|p2|Pelipper, F|\n|poke|p2|Keldeo-Resolute|\n|poke|p2|Thundurus-Therian, M|\n|poke|p2|Ferrothorn, M|\n|poke|p2|Tornadus-Therian, M|\n|teampreview\n|inactive|pannuracotta also wants the timer to be on.\n|c|\u2606pannuracotta|hf\n|c|\u2606Unviabriel|hf\n|inactive|Unviabriel has 270 seconds left.\n|\n|t:|1658701039\n|start\n|switch|p1a: Tornadus|Tornadus-Therian, M|100\/100\n|switch|p2a: FREE TAY|Pelipper, F, shiny|100\/100\n|-weather|RainDance|[from] ability: Drizzle|[of] p2a: FREE TAY\n|turn|1\n|\n|t:|1658701047\n|move|p1a: Tornadus|Knock Off|p2a: FREE TAY\n|-damage|p2a: FREE TAY|85\/100\n|-enditem|p2a: FREE TAY|Damp Rock|[from] move: Knock Off|[of] p1a: Tornadus\n|move|p2a: FREE TAY|U-turn|p1a: Tornadus\n|-resisted|p1a: Tornadus\n|-damage|p1a: Tornadus|95\/100\n|\n|t:|1658701050\n|switch|p2a: DEAD OPPS|Barraskewda, M, shiny|100\/100|[from]move: U-turn\n|\n|-weather|RainDance|[upkeep]\n|upkeep\n|turn|2\n|\n|t:|1658701065\n|switch|p1a: Slowbro|Slowbro, M|100\/100\n|move|p2a: DEAD OPPS|Flip Turn|p1a: Slowbro\n|-resisted|p1a: Slowbro\n|-damage|p1a: Slowbro|77\/100\n|-damage|p2a: DEAD OPPS|84\/100|[from] item: Rocky Helmet|[of] p1a: Slowbro\n|\n|t:|1658701073\n|switch|p2a: GLOCKS WITH 30|Keldeo-Resolute|100\/100|[from]move: Flip Turn\n|\n|-weather|RainDance|[upkeep]\n|upkeep\n|turn|3\n|inactive|Unviabriel has 270 seconds left.\n|\n|t:|1658701124\n|move|p2a: GLOCKS WITH 30|Water Spout|p1a: Slowbro\n|-resisted|p1a: Slowbro\n|-damage|p1a: Slowbro|0 fnt\n|faint|p1a: Slowbro\n|\n|-weather|RainDance|[upkeep]\n|upkeep\n|\n|t:|1658701133\n|switch|p1a: Tornadus|Tornadus-Therian, M|100\/100\n|turn|4\n|\n|t:|1658701139\n|switch|p2a: IMA DO YOU DIRTY|Thundurus-Therian, M, shiny|100\/100\n|move|p1a: Tornadus|U-turn|p2a: IMA DO YOU DIRTY\n|-resisted|p2a: IMA DO YOU DIRTY\n|-damage|p2a: IMA DO YOU DIRTY|88\/100\n|\n|t:|1658701159\n|switch|p1a: Weavile|Weavile, F|100\/100|[from]move: U-turn\n|-ability|p1a: Weavile|Pressure\n|\n|-weather|RainDance|[upkeep]\n|upkeep\n|turn|5\n|inactive|Unviabriel has 240 seconds left.\n|\n|t:|1658701182\n|switch|p1a: Buzzwole|Buzzwole|100\/100\n|switch|p2a: SIR PRENSKI|Ferrothorn, M, shiny|100\/100\n|\n|-weather|RainDance|[upkeep]\n|upkeep\n|turn|6\n|inactive|Unviabriel has 240 seconds left.\n|\n|t:|1658701201\n|switch|p2a: WE GOT K ROUNDS|Tornadus-Therian, M, shiny|100\/100\n|move|p1a: Buzzwole|U-turn|p2a: WE GOT K ROUNDS\n|-resisted|p2a: WE GOT K ROUNDS\n|-damage|p2a: WE GOT K ROUNDS|77\/100\n|\n|t:|1658701222\n|switch|p1a: Sylveon|Sylveon, M|100\/100|[from]move: U-turn\n|\n|-weather|RainDance|[upkeep]\n|upkeep\n|turn|7\n|inactive|Unviabriel has 210 seconds left.\n|\n|t:|1658701253\n|move|p2a: WE GOT K ROUNDS|U-turn|p1a: Sylveon\n|-resisted|p1a: Sylveon\n|-damage|p1a: Sylveon|93\/100\n|\n|t:|1658701256\n|switch|p2a: SIR PRENSKI|Ferrothorn, M, shiny|100\/100|[from]move: U-turn\n|move|p1a: Sylveon|Boomburst|p2a: SIR PRENSKI\n|-resisted|p2a: SIR PRENSKI\n|-damage|p2a: SIR PRENSKI|76\/100\n|\n|-weather|RainDance|[upkeep]\n|upkeep\n|turn|8\n|\n|t:|1658701283\n|move|p1a: Sylveon|Boomburst|p2a: SIR PRENSKI\n|-resisted|p2a: SIR PRENSKI\n|-damage|p2a: SIR PRENSKI|51\/100\n|move|p2a: SIR PRENSKI|Thunder Wave|p1a: Sylveon\n|-status|p1a: Sylveon|par\n|\n|-weather|none\n|upkeep\n|turn|9\n|\n|t:|1658701294\n|switch|p2a: WE GOT K ROUNDS|Tornadus-Therian, M, shiny|100\/100\n|move|p1a: Sylveon|Boomburst|p2a: WE GOT K ROUNDS\n|-damage|p2a: WE GOT K ROUNDS|28\/100\n|\n|upkeep\n|turn|10\n|inactive|Unviabriel has 180 seconds left.\n|\n|t:|1658701317\n|move|p2a: WE GOT K ROUNDS|Dragon Ascent|p1a: Sylveon\n|-damage|p1a: Sylveon|53\/100 par\n|-unboost|p2a: WE GOT K ROUNDS|def|1\n|-unboost|p2a: WE GOT K ROUNDS|spd|1\n|cant|p1a: Sylveon|par\n|\n|upkeep\n|turn|11\n|inactive|Unviabriel has 180 seconds left.\n|\n|t:|1658701328\n|move|p2a: WE GOT K ROUNDS|Dragon Ascent|p1a: Sylveon\n|-damage|p1a: Sylveon|12\/100 par\n|-unboost|p2a: WE GOT K ROUNDS|def|1\n|-unboost|p2a: WE GOT K ROUNDS|spd|1\n|move|p1a: Sylveon|Boomburst|p2a: WE GOT K ROUNDS\n|-damage|p2a: WE GOT K ROUNDS|0 fnt\n|faint|p2a: WE GOT K ROUNDS\n|\n|upkeep\n|\n|t:|1658701331\n|switch|p2a: DEAD OPPS|Barraskewda, M, shiny|84\/100\n|turn|12\n|\n|t:|1658701338\n|move|p2a: DEAD OPPS|Flip Turn|p1a: Sylveon\n|-damage|p1a: Sylveon|0 fnt\n|faint|p1a: Sylveon\n|\n|t:|1658701351\n|switch|p2a: FREE TAY|Pelipper, F, shiny|85\/100|[from]move: Flip Turn\n|-weather|RainDance|[from] ability: Drizzle|[of] p2a: FREE TAY\n|\n|-weather|RainDance|[upkeep]\n|upkeep\n|\n|t:|1658701365\n|switch|p1a: Buzzwole|Buzzwole|100\/100\n|turn|13\n|\n|t:|1658701376\n|move|p1a: Buzzwole|U-turn|p2a: FREE TAY\n|-resisted|p2a: FREE TAY\n|-damage|p2a: FREE TAY|71\/100\n|\n|t:|1658701387\n|switch|p1a: Tornadus|Tornadus-Therian, M|100\/100|[from]move: U-turn\n|move|p2a: FREE TAY|U-turn|p1a: Tornadus\n|-resisted|p1a: Tornadus\n|-damage|p1a: Tornadus|95\/100\n|\n|t:|1658701395\n|switch|p2a: DEAD OPPS|Barraskewda, M, shiny|84\/100|[from]move: U-turn\n|\n|-weather|RainDance|[upkeep]\n|upkeep\n|turn|14\n|\n|t:|1658701404\n|switch|p1a: Nidoking|Nidoking, M|100\/100\n|move|p2a: DEAD OPPS|Surging Strikes|p1a: Nidoking\n|-supereffective|p1a: Nidoking\n|-crit|p1a: Nidoking\n|-damage|p1a: Nidoking|0 fnt\n|faint|p1a: Nidoking\n|-hitcount|p1: Nidoking|1\n|\n|-weather|RainDance|[upkeep]\n|upkeep\n|inactive|Unviabriel has 180 seconds left.\n|\n|t:|1658701426\n|switch|p1a: Buzzwole|Buzzwole|100\/100\n|turn|15\n|\n|t:|1658701435\n|switch|p2a: IMA DO YOU DIRTY|Thundurus-Therian, M, shiny|88\/100\n|move|p1a: Buzzwole|U-turn|p2a: IMA DO YOU DIRTY\n|-resisted|p2a: IMA DO YOU DIRTY\n|-damage|p2a: IMA DO YOU DIRTY|59\/100\n|inactive|Unviabriel has 180 seconds left.\n|\n|t:|1658701469\n|switch|p1a: Weavile|Weavile, F|100\/100|[from]move: U-turn\n|-ability|p1a: Weavile|Pressure\n|\n|-weather|RainDance|[upkeep]\n|upkeep\n|turn|16\n|inactive|Unviabriel has 150 seconds left.\n|inactive|Unviabriel has 120 seconds left.\n|\n|t:|1658701523\n|switch|p2a: SIR PRENSKI|Ferrothorn, M, shiny|51\/100\n|move|p1a: Weavile|Swords Dance|p1a: Weavile\n|-boost|p1a: Weavile|atk|2\n|\n|-weather|none\n|upkeep\n|turn|17\n|inactive|Unviabriel has 120 seconds left.\n|\n|t:|1658701545\n|move|p1a: Weavile|Triple Axel|p2a: SIR PRENSKI\n|-damage|p2a: SIR PRENSKI|39\/100\n|-damage|p1a: Weavile|88\/100|[from] ability: Iron Barbs|[of] p2a: SIR PRENSKI\n|-damage|p2a: SIR PRENSKI|17\/100\n|-damage|p1a: Weavile|76\/100|[from] ability: Iron Barbs|[of] p2a: SIR PRENSKI\n|-damage|p2a: SIR PRENSKI|0 fnt\n|-damage|p1a: Weavile|63\/100|[from] ability: Iron Barbs|[of] p2a: SIR PRENSKI\n|faint|p2a: SIR PRENSKI\n|-hitcount|p2: SIR PRENSKI|3\n|\n|upkeep\n|\n|t:|1658701550\n|switch|p2a: FREE TAY|Pelipper, F, shiny|71\/100\n|-weather|RainDance|[from] ability: Drizzle|[of] p2a: FREE TAY\n|turn|18\n|inactive|Unviabriel has 120 seconds left.\n|\n|t:|1658701569\n|switch|p2a: IMA DO YOU DIRTY|Thundurus-Therian, M, shiny|59\/100\n|move|p1a: Weavile|Triple Axel|p2a: IMA DO YOU DIRTY\n|-supereffective|p2a: IMA DO YOU DIRTY\n|-damage|p2a: IMA DO YOU DIRTY|3\/100\n|-supereffective|p2a: IMA DO YOU DIRTY\n|-damage|p2a: IMA DO YOU DIRTY|0 fnt\n|faint|p2a: IMA DO YOU DIRTY\n|-hitcount|p2: IMA DO YOU DIRTY|2\n|\n|-weather|RainDance|[upkeep]\n|upkeep\n|\n|t:|1658701571\n|switch|p2a: GLOCKS WITH 30|Keldeo-Resolute|100\/100\n|turn|19\n|inactive|Unviabriel has 120 seconds left.\n|\n|t:|1658701585\n|move|p2a: GLOCKS WITH 30|Water Shuriken|p1a: Weavile\n|-crit|p1a: Weavile\n|-damage|p1a: Weavile|29\/100\n|-damage|p1a: Weavile|2\/100\n|-hitcount|p1a: Weavile|2\n|move|p1a: Weavile|Triple Axel|p2a: GLOCKS WITH 30\n|-resisted|p2a: GLOCKS WITH 30\n|-damage|p2a: GLOCKS WITH 30|90\/100\n|-hitcount|p2a: GLOCKS WITH 30|1\n|\n|-weather|RainDance|[upkeep]\n|upkeep\n|turn|20\n|inactive|Unviabriel has 120 seconds left.\n|c|\u2606pannuracotta|wtf 27 god this mon is so bad\n|\n|t:|1658701618\n|move|p1a: Weavile|Ice Shard|p2a: GLOCKS WITH 30\n|-resisted|p2a: GLOCKS WITH 30\n|-damage|p2a: GLOCKS WITH 30|67\/100\n|move|p2a: GLOCKS WITH 30|Water Shuriken|p1a: Weavile\n|-damage|p1a: Weavile|0 fnt\n|faint|p1a: Weavile\n|-hitcount|p1: Weavile|1\n|\n|-weather|RainDance|[upkeep]\n|upkeep\n|inactive|Unviabriel has 90 seconds left.\n|\n|t:|1658701632\n|switch|p1a: Tornadus|Tornadus-Therian, M|100\/100\n|turn|21\n|\n|t:|1658701644\n|switch|p2a: FREE TAY|Pelipper, F, shiny|71\/100\n|move|p1a: Tornadus|Dragon Ascent|p2a: FREE TAY\n|-damage|p2a: FREE TAY|39\/100\n|-unboost|p1a: Tornadus|def|1\n|-unboost|p1a: Tornadus|spd|1\n|\n|-weather|RainDance|[upkeep]\n|upkeep\n|turn|22\n|inactive|Unviabriel has 90 seconds left.\n|\n|t:|1658701671\n|move|p1a: Tornadus|Dragon Ascent|p2a: FREE TAY\n|-damage|p2a: FREE TAY|7\/100\n|-unboost|p1a: Tornadus|def|1\n|-unboost|p1a: Tornadus|spd|1\n|move|p2a: FREE TAY|Roost|p2a: FREE TAY\n|-heal|p2a: FREE TAY|57\/100\n|-singleturn|p2a: FREE TAY|move: Roost\n|\n|-weather|none\n|upkeep\n|turn|23\n|inactive|Unviabriel has 90 seconds left.\n|\n|t:|1658701683\n|move|p1a: Tornadus|U-turn|p2a: FREE TAY\n|-resisted|p2a: FREE TAY\n|-crit|p2a: FREE TAY\n|-damage|p2a: FREE TAY|48\/100\n|\n|t:|1658701686\n|switch|p1a: Buzzwole|Buzzwole|100\/100|[from]move: U-turn\n|move|p2a: FREE TAY|U-turn|p1a: Buzzwole\n|-resisted|p1a: Buzzwole\n|-crit|p1a: Buzzwole\n|-damage|p1a: Buzzwole|97\/100\n|\n|t:|1658701705\n|switch|p2a: DEAD OPPS|Barraskewda, M, shiny|84\/100|[from]move: U-turn\n|\n|upkeep\n|turn|24\n|inactive|Unviabriel has 90 seconds left.\n|\n|t:|1658701731\n|move|p2a: DEAD OPPS|Flip Turn|p1a: Buzzwole\n|-damage|p1a: Buzzwole|67\/100\n|\n|t:|1658701744\n|switch|p2a: FREE TAY|Pelipper, F, shiny|48\/100|[from]move: Flip Turn\n|-weather|RainDance|[from] ability: Drizzle|[of] p2a: FREE TAY\n|move|p1a: Buzzwole|Roost|p1a: Buzzwole\n|-heal|p1a: Buzzwole|100\/100\n|-singleturn|p1a: Buzzwole|move: Roost\n|\n|-weather|RainDance|[upkeep]\n|upkeep\n|turn|25\n|\n|t:|1658701750\n|move|p2a: FREE TAY|Water Shuriken|p1a: Buzzwole\n|-damage|p1a: Buzzwole|90\/100\n|-damage|p1a: Buzzwole|79\/100\n|-damage|p1a: Buzzwole|68\/100\n|-hitcount|p1a: Buzzwole|3\n|move|p1a: Buzzwole|Thunder Punch|p2a: FREE TAY\n|-supereffective|p2a: FREE TAY\n|-damage|p2a: FREE TAY|0 fnt\n|faint|p2a: FREE TAY\n|-ability|p1a: Buzzwole|Beast Boost|boost\n|-boost|p1a: Buzzwole|atk|1\n|\n|-weather|RainDance|[upkeep]\n|upkeep\n|\n|t:|1658701752\n|switch|p2a: DEAD OPPS|Barraskewda, M, shiny|84\/100\n|turn|26\n|c|\u2606Unviabriel|welp\n|inactive|Unviabriel has 90 seconds left.\n|\n|t:|1658701774\n|move|p2a: DEAD OPPS|Surging Strikes|p1a: Buzzwole\n|-crit|p1a: Buzzwole\n|-damage|p1a: Buzzwole|37\/100\n|-crit|p1a: Buzzwole\n|-damage|p1a: Buzzwole|11\/100\n|-crit|p1a: Buzzwole\n|-damage|p1a: Buzzwole|0 fnt\n|faint|p1a: Buzzwole\n|-hitcount|p1: Buzzwole|3\n|\n|-weather|RainDance|[upkeep]\n|upkeep\n|\n|t:|1658701777\n|switch|p1a: Tornadus|Tornadus-Therian, M|100\/100\n|turn|27\n|\n|t:|1658701779\n|move|p2a: DEAD OPPS|Surging Strikes|p1a: Tornadus\n|-crit|p1a: Tornadus\n|-damage|p1a: Tornadus|50\/100\n|-crit|p1a: Tornadus\n|-damage|p1a: Tornadus|0 fnt\n|faint|p1a: Tornadus\n|-hitcount|p1: Tornadus|2\n|\n|win|pannuracotta\n|c|\u2606pannuracotta|gg\n|c|\u2606Unviabriel|gg\n|player|p2|pannuracotta|liza\n","uploadtime":1658701780,"views":218,"p1id":"unviabriel","p2id":"pannuracotta","formatid":"gen8stabmons","rating":0,"private":0,"password":null}