{"id":"smogtours-gen7ou-582005","p1":"la spoire","p2":"Goootzinho","format":"gen7ou","log":"|inactive|Battle timer is ON: inactive players will automatically lose when time's up.\n|t:|1632679742\n|gametype|singles\n|player|p1|la spoire|lucas|\n|player|p2|Goootzinho|karen-gen2|\n|teamsize|p1|6\n|teamsize|p2|6\n|gen|7\n|tier|[Gen 7] OU\n|rule|Sleep Clause Mod: Limit one foe put to sleep\n|rule|Species Clause: Limit one of each Pok\u00e9mon\n|rule|OHKO Clause: OHKO moves are banned\n|rule|Moody Clause: Moody is banned\n|rule|Evasion Moves Clause: Evasion moves are banned\n|rule|Endless Battle Clause: Forcing endless battles is banned\n|rule|HP Percentage Mod: HP is shown in percentages\n|clearpoke\n|poke|p1|Charizard, M|item\n|poke|p1|Magearna|item\n|poke|p1|Garchomp, F|item\n|poke|p1|Tornadus-Therian, M|item\n|poke|p1|Tapu Koko|item\n|poke|p1|Tapu Bulu|item\n|poke|p2|Latios, M|item\n|poke|p2|Tornadus-Therian, M|item\n|poke|p2|Greninja, M|item\n|poke|p2|Ferrothorn, M|item\n|poke|p2|Magnezone|item\n|poke|p2|Gliscor, F|item\n|teampreview\n|c|\u2606Goootzinho|hf\n|c|\u2606la spoire|hf \n|inactive|la spoire has 270 seconds left.\n|inactive|Goootzinho has 270 seconds left.\n|inactive|la spoire has 240 seconds left.\n|inactive|Goootzinho has 240 seconds left.\n|inactive|Goootzinho has 210 seconds left.\n|\n|t:|1632679840\n|start\n|switch|p1a: mag|Magearna|100\/100\n|switch|p2a: Ferrothorn|Ferrothorn, M|100\/100\n|turn|1\n|inactive|Goootzinho has 270 seconds left.\n|\n|t:|1632679847\n|move|p1a: mag|Hidden Power|p2a: Ferrothorn\n|-supereffective|p2a: Ferrothorn\n|-damage|p2a: Ferrothorn|56\/100\n|move|p2a: Ferrothorn|Stealth Rock|p1a: mag\n|-sidestart|p1: la spoire|move: Stealth Rock\n|\n|-heal|p2a: Ferrothorn|62\/100|[from] item: Leftovers\n|upkeep\n|turn|2\n|\n|t:|1632679857\n|switch|p2a: Latios|Latios, M|100\/100\n|move|p1a: mag|Hidden Power|p2a: Latios\n|-resisted|p2a: Latios\n|-damage|p2a: Latios|93\/100\n|\n|upkeep\n|turn|3\n|inactive|Goootzinho has 270 seconds left.\n|\n|t:|1632679882\n|detailschange|p2a: Latios|Latios-Mega, M\n|-mega|p2a: Latios|Latios|Latiosite\n|move|p2a: Latios|Surf|p1a: mag\n|-damage|p1a: mag|88\/100\n|move|p1a: mag|Fleur Cannon|p2a: Latios\n|-supereffective|p2a: Latios\n|-damage|p2a: Latios|4\/100\n|-unboost|p1a: mag|spa|2\n|\n|upkeep\n|turn|4\n|inactive|Goootzinho has 270 seconds left.\n|\n|t:|1632679900\n|move|p2a: Latios|Recover|p2a: Latios\n|-heal|p2a: Latios|54\/100\n|move|p1a: mag|Volt Switch|p2a: Latios\n|-resisted|p2a: Latios\n|-damage|p2a: Latios|50\/100\n|\n|t:|1632679910\n|switch|p1a: koko|Tapu Koko|100\/100|[from]move: Volt Switch\n|-damage|p1a: koko|88\/100|[from] Stealth Rock\n|-fieldstart|move: Electric Terrain|[from] ability: Electric Surge|[of] p1a: koko\n|\n|upkeep\n|turn|5\n|\n|t:|1632679923\n|switch|p2a: Magnezone|Magnezone|100\/100\n|move|p1a: koko|Dazzling Gleam|p2a: Magnezone\n|-resisted|p2a: Magnezone\n|-damage|p2a: Magnezone|83\/100\n|\n|upkeep\n|turn|6\n|inactive|Goootzinho has 270 seconds left.\n|inactive|la spoire has 270 seconds left.\n|inactive|la spoire has 240 seconds left.\n|inactive|la spoire has 210 seconds left.\n|\n|t:|1632680020\n|switch|p1a: chomp|Garchomp, F|100\/100\n|-damage|p1a: chomp|94\/100|[from] Stealth Rock\n|move|p2a: Magnezone|Flash Cannon|p1a: chomp\n|-damage|p1a: chomp|40\/100\n|\n|upkeep\n|turn|7\n|inactive|la spoire disconnected and has 300 seconds to reconnect!\n|player|p1|\n|inactive|Goootzinho has 270 seconds left.\n|inactive|la spoire has 270 seconds to reconnect!\n|inactive|Goootzinho has 240 seconds left.\n|inactive|la spoire reconnected and has 205 seconds left.\n|player|p1|la spoire|lucas\n|inactive|la spoire has 180 seconds left.\n|inactive|la spoire has 150 seconds left.\n|\n|t:|1632680120\n|switch|p1a: mag|Magearna|88\/100\n|-damage|p1a: mag|82\/100|[from] Stealth Rock\n|switch|p2a: Gliscor|Gliscor, F|100\/100\n|\n|-status|p2a: Gliscor|tox|[from] item: Toxic Orb\n|upkeep\n|turn|8\n|inactive|la spoire has 150 seconds left.\n|\n|t:|1632680136\n|switch|p1a: bulu|Tapu Bulu|100\/100\n|-damage|p1a: bulu|88\/100|[from] Stealth Rock\n|-fieldstart|move: Grassy Terrain|[from] ability: Grassy Surge|[of] p1a: bulu\n|move|p2a: Gliscor|Swords Dance|p2a: Gliscor\n|-boost|p2a: Gliscor|atk|2\n|\n|-heal|p1a: bulu|94\/100|[from] Grassy Terrain\n|upkeep\n|turn|9\n|inactive|la spoire has 150 seconds left.\n|inactive|la spoire has 120 seconds left.\n|inactive|Goootzinho has 210 seconds left.\n|\n|t:|1632680188\n|switch|p2a: Tornadus|Tornadus-Therian, M|100\/100\n|move|p1a: bulu|Horn Leech|p2a: Tornadus\n|-resisted|p2a: Tornadus\n|-damage|p2a: Tornadus|35\/100\n|-heal|p1a: bulu|100\/100|[from] drain|[of] p2a: Tornadus\n|\n|upkeep\n|turn|10\n|inactive|Goootzinho has 210 seconds left.\n|inactive|Goootzinho has 180 seconds left.\n|\n|t:|1632680229\n|switch|p1a: mag|Magearna|82\/100\n|-damage|p1a: mag|76\/100|[from] Stealth Rock\n|move|p2a: Tornadus|Knock Off|p1a: mag\n|-resisted|p1a: mag\n|-damage|p1a: mag|66\/100\n|-enditem|p1a: mag|Assault Vest|[from] move: Knock Off|[of] p2a: Tornadus\n|\n|-heal|p1a: mag|72\/100|[from] Grassy Terrain\n|upkeep\n|turn|11\n|\n|t:|1632680243\n|switch|p2a: Gliscor|Gliscor, F|100\/100 tox\n|move|p1a: mag|Fleur Cannon|p2a: Gliscor\n|-damage|p2a: Gliscor|29\/100 tox\n|-unboost|p1a: mag|spa|2\n|\n|-heal|p1a: mag|78\/100|[from] Grassy Terrain\n|-heal|p2a: Gliscor|41\/100 tox|[from] ability: Poison Heal\n|upkeep\n|turn|12\n|inactive|Goootzinho has 180 seconds left.\n|\n|t:|1632680276\n|switch|p1a: torn|Tornadus-Therian, M|100\/100\n|-damage|p1a: torn|76\/100|[from] Stealth Rock\n|move|p2a: Gliscor|Roost|p2a: Gliscor\n|-heal|p2a: Gliscor|91\/100 tox\n|-singleturn|p2a: Gliscor|move: Roost\n|\n|-heal|p2a: Gliscor|98\/100 tox|[from] Grassy Terrain\n|-heal|p2a: Gliscor|100\/100 tox|[from] ability: Poison Heal\n|-fieldend|move: Grassy Terrain\n|upkeep\n|turn|13\n|inactive|la spoire has 120 seconds left.\n|\n|t:|1632680301\n|move|p1a: torn|U-turn|p2a: Gliscor\n|-resisted|p2a: Gliscor\n|-damage|p2a: Gliscor|95\/100 tox\n|\n|t:|1632680304\n|switch|p1a: bulu|Tapu Bulu|100\/100|[from]move: U-turn\n|-damage|p1a: bulu|88\/100|[from] Stealth Rock\n|-fieldstart|move: Grassy Terrain|[from] ability: Grassy Surge|[of] p1a: bulu\n|move|p2a: Gliscor|Ice Fang|p1a: bulu\n|-supereffective|p1a: bulu\n|-crit|p1a: bulu\n|-damage|p1a: bulu|46\/100\n|\n|-heal|p1a: bulu|53\/100|[from] Grassy Terrain\n|-heal|p2a: Gliscor|100\/100 tox|[from] ability: Poison Heal\n|upkeep\n|turn|14\n|inactive|Goootzinho has 150 seconds left.\n|\n|t:|1632680349\n|switch|p2a: Tornadus|Tornadus-Therian, M|68\/100\n|move|p1a: bulu|Superpower|p2a: Tornadus\n|-resisted|p2a: Tornadus\n|-damage|p2a: Tornadus|22\/100\n|-unboost|p1a: bulu|atk|1\n|-unboost|p1a: bulu|def|1\n|\n|-heal|p1a: bulu|59\/100|[from] Grassy Terrain\n|upkeep\n|turn|15\n|inactive|la spoire has 90 seconds left.\n|\n|t:|1632680379\n|switch|p2a: Gliscor|Gliscor, F|100\/100 tox\n|switch|p1a: mag|Magearna|78\/100\n|-damage|p1a: mag|72\/100|[from] Stealth Rock\n|\n|-heal|p1a: mag|78\/100|[from] Grassy Terrain\n|upkeep\n|turn|16\n|inactive|la spoire has 90 seconds left.\n|\n|t:|1632680389\n|switch|p1a: torn|Tornadus-Therian, M|100\/100\n|-damage|p1a: torn|76\/100|[from] Stealth Rock\n|move|p2a: Gliscor|Earthquake|p1a: torn\n|-immune|p1a: torn\n|\n|upkeep\n|turn|17\n|\n|t:|1632680395\n|move|p1a: torn|Hurricane|p2a: Gliscor\n|-damage|p2a: Gliscor|55\/100 tox\n|move|p2a: Gliscor|Ice Fang|p1a: torn\n|-supereffective|p1a: torn\n|-damage|p1a: torn|45\/100\n|-damage|p2a: Gliscor|39\/100 tox|[from] item: Rocky Helmet|[of] p1a: torn\n|\n|-heal|p2a: Gliscor|51\/100 tox|[from] ability: Poison Heal\n|-fieldend|move: Grassy Terrain\n|upkeep\n|turn|18\n|\n|t:|1632680414\n|move|p1a: torn|Defog|p2a: Gliscor\n|-unboost|p2a: Gliscor|evasion|1\n|-sideend|p1: la spoire|Stealth Rock|[from] move: Defog|[of] p1a: torn\n|move|p2a: Gliscor|Roost|p2a: Gliscor\n|-heal|p2a: Gliscor|100\/100 tox\n|-singleturn|p2a: Gliscor|move: Roost\n|\n|upkeep\n|turn|19\n|inactive|la spoire has 90 seconds left.\n|inactive|Goootzinho has 120 seconds left.\n|\n|t:|1632680454\n|switch|p2a: Tornadus|Tornadus-Therian, M|55\/100\n|move|p1a: torn|Hurricane|p2a: Tornadus\n|-damage|p2a: Tornadus|15\/100\n|\n|upkeep\n|turn|20\n|inactive|Goootzinho has 90 seconds left.\n|inactive|la spoire has 60 seconds left.\n|\n|t:|1632680494\n|switch|p1a: koko|Tapu Koko|88\/100\n|-fieldstart|move: Electric Terrain|[from] ability: Electric Surge|[of] p1a: koko\n|switch|p2a: Gliscor|Gliscor, F|100\/100 tox\n|\n|upkeep\n|turn|21\n|inactive|la spoire has 60 seconds left.\n|\n|t:|1632680506\n|switch|p1a: torn|Tornadus-Therian, M|78\/100\n|switch|p2a: Magnezone|Magnezone|83\/100\n|\n|upkeep\n|turn|22\n|inactive|Goootzinho has 90 seconds left.\n|\n|t:|1632680532\n|switch|p1a: chomp|Garchomp, F|40\/100\n|move|p2a: Magnezone|Flash Cannon|p1a: chomp\n|-damage|p1a: chomp|0 fnt\n|faint|p1a: chomp\n|\n|upkeep\n|inactive|la spoire has 60 seconds left.\n|\n|t:|1632680547\n|switch|p1a: zard|Charizard, M|100\/100\n|turn|23\n|inactive|Goootzinho has 60 seconds left.\n|\n|t:|1632680579\n|switch|p2a: Latios|Latios-Mega, M|50\/100\n|move|p1a: zard|Dragon Dance|p1a: zard\n|-boost|p1a: zard|atk|1\n|-boost|p1a: zard|spe|1\n|\n|upkeep\n|turn|24\n|inactive|Goootzinho has 60 seconds left.\n|inactive|la spoire has 60 seconds left.\n|inactive|Goootzinho has 30 seconds left.\n|inactive|la spoire disconnected and has 260 seconds to reconnect!\n|player|p1|\n|\n|t:|1632680617\n|switch|p1a: mag|Magearna|78\/100\n|move|p2a: Latios|Surf|p1a: mag\n|-damage|p1a: mag|58\/100\n|\n|-fieldend|move: Electric Terrain\n|upkeep\n|turn|25\n|inactive|Goootzinho has 30 seconds left.\n|inactive|la spoire reconnected and has 60 seconds left.\n|player|p1|la spoire|lucas\n|inactive|Goootzinho has 20 seconds left.\n|\n|t:|1632680648\n|switch|p2a: Gliscor|Gliscor, F|100\/100 tox\n|switch|p1a: bulu|Tapu Bulu|59\/100\n|-fieldstart|move: Grassy Terrain|[from] ability: Grassy Surge|[of] p1a: bulu\n|\n|-heal|p1a: bulu|65\/100|[from] Grassy Terrain\n|upkeep\n|turn|26\n|inactive|Goootzinho has 30 seconds left this turn.\n|inactive|Goootzinho has 20 seconds left.\n|\n|t:|1632680669\n|move|p2a: Gliscor|Ice Fang|p1a: bulu\n|-supereffective|p1a: bulu\n|-damage|p1a: bulu|35\/100\n|-status|p1a: bulu|frz\n|cant|p1a: bulu|frz\n|\n|-heal|p1a: bulu|41\/100 frz|[from] Grassy Terrain\n|upkeep\n|turn|27\n|inactive|Goootzinho has 30 seconds left this turn.\n|\n|t:|1632680679\n|switch|p1a: torn|Tornadus-Therian, M|100\/100\n|move|p2a: Gliscor|Ice Fang|p1a: torn\n|-supereffective|p1a: torn\n|-damage|p1a: torn|70\/100\n|-damage|p2a: Gliscor|84\/100 tox|[from] item: Rocky Helmet|[of] p1a: torn\n|\n|-heal|p2a: Gliscor|97\/100 tox|[from] ability: Poison Heal\n|upkeep\n|turn|28\n|c|\u2606Goootzinho|sry\n|inactive|Goootzinho has 30 seconds left.\n|inactive|Goootzinho has 20 seconds left.\n|\n|t:|1632680696\n|move|p1a: torn|Hurricane|p2a: Gliscor\n|-damage|p2a: Gliscor|47\/100 tox\n|-start|p2a: Gliscor|confusion\n|-activate|p2a: Gliscor|confusion\n|-damage|p2a: Gliscor|40\/100 tox|[from] confusion\n|\n|-heal|p2a: Gliscor|53\/100 tox|[from] ability: Poison Heal\n|upkeep\n|turn|29\n|inactive|Goootzinho has 30 seconds left this turn.\n|\n|t:|1632680709\n|switch|p2a: Magnezone|Magnezone|83\/100\n|move|p1a: torn|Knock Off|p2a: Magnezone\n|-damage|p2a: Magnezone|67\/100\n|-enditem|p2a: Magnezone|Choice Specs|[from] move: Knock Off|[of] p1a: torn\n|\n|-heal|p2a: Magnezone|73\/100|[from] Grassy Terrain\n|-fieldend|move: Grassy Terrain\n|upkeep\n|turn|30\n|inactive|Goootzinho has 30 seconds left.\n|\n|t:|1632680729\n|move|p1a: torn|U-turn|p2a: Magnezone\n|-resisted|p2a: Magnezone\n|-damage|p2a: Magnezone|67\/100\n|\n|t:|1632680739\n|switch|p1a: bulu|Tapu Bulu|41\/100 frz|[from]move: U-turn\n|-fieldstart|move: Grassy Terrain|[from] ability: Grassy Surge|[of] p1a: bulu\n|move|p2a: Magnezone|Volt Switch|p1a: bulu\n|-resisted|p1a: bulu\n|-damage|p1a: bulu|20\/100 frz\n|\n|t:|1632680746\n|switch|p2a: Ferrothorn|Ferrothorn, M|62\/100|[from]move: Volt Switch\n|\n|-heal|p1a: bulu|27\/100 frz|[from] Grassy Terrain\n|-heal|p2a: Ferrothorn|69\/100|[from] Grassy Terrain\n|-heal|p2a: Ferrothorn|75\/100|[from] item: Leftovers\n|upkeep\n|turn|31\n|\n|t:|1632680750\n|cant|p1a: bulu|frz\n|move|p2a: Ferrothorn|Stealth Rock|p1a: bulu\n|-sidestart|p1: la spoire|move: Stealth Rock\n|\n|-heal|p1a: bulu|33\/100 frz|[from] Grassy Terrain\n|-heal|p2a: Ferrothorn|81\/100|[from] Grassy Terrain\n|-heal|p2a: Ferrothorn|87\/100|[from] item: Leftovers\n|upkeep\n|turn|32\n|c|\u2606la spoire|zzzz\n|\n|t:|1632680763\n|switch|p2a: Tornadus|Tornadus-Therian, M|49\/100\n|cant|p1a: bulu|frz\n|\n|-heal|p1a: bulu|39\/100 frz|[from] Grassy Terrain\n|upkeep\n|turn|33\n|\n|t:|1632680771\n|move|p2a: Tornadus|Hurricane|p1a: bulu\n|-supereffective|p1a: bulu\n|-damage|p1a: bulu|0 fnt\n|faint|p1a: bulu\n|\n|upkeep\n|\n|t:|1632680778\n|switch|p1a: mag|Magearna|58\/100\n|-damage|p1a: mag|52\/100|[from] Stealth Rock\n|turn|34\n|inactive|la spoire has 60 seconds left.\n|inactive|Goootzinho has 60 seconds left.\n|\n|t:|1632680799\n|-zpower|p2a: Tornadus\n|move|p2a: Tornadus|Supersonic Skystrike|p1a: mag|[zeffect]\n|-resisted|p1a: mag\n|-damage|p1a: mag|30\/100\n|move|p1a: mag|Hidden Power|p2a: Tornadus\n|-damage|p2a: Tornadus|31\/100\n|\n|-heal|p1a: mag|36\/100|[from] Grassy Terrain\n|-fieldend|move: Grassy Terrain\n|upkeep\n|turn|35\n|\n|t:|1632680811\n|move|p2a: Tornadus|Hurricane|p1a: mag|[miss]\n|-miss|p2a: Tornadus|p1a: mag\n|move|p1a: mag|Hidden Power|p2a: Tornadus\n|-crit|p2a: Tornadus\n|-damage|p2a: Tornadus|3\/100\n|\n|upkeep\n|turn|36\n|inactive|la spoire has 60 seconds left.\n|\n|t:|1632680830\n|move|p2a: Tornadus|Hurricane|p1a: mag\n|-resisted|p1a: mag\n|-damage|p1a: mag|23\/100\n|move|p1a: mag|Volt Switch|p2a: Tornadus\n|-supereffective|p2a: Tornadus\n|-damage|p2a: Tornadus|0 fnt\n|faint|p2a: Tornadus\n|-ability|p1a: mag|Soul-Heart|boost\n|-boost|p1a: mag|spa|1\n|inactive|la spoire has 60 seconds left.\n|\n|t:|1632680838\n|switch|p1a: torn|Tornadus-Therian, M|100\/100|[from]move: Volt Switch\n|-damage|p1a: torn|76\/100|[from] Stealth Rock\n|\n|upkeep\n|\n|t:|1632680842\n|switch|p2a: Greninja|Greninja, M|100\/100\n|turn|37\n|\n|t:|1632680847\n|move|p2a: Greninja|Ice Beam|p1a: torn\n|-start|p2a: Greninja|typechange|Ice|[from] ability: Protean\n|-supereffective|p1a: torn\n|-damage|p1a: torn|6\/100\n|move|p1a: torn|U-turn|p2a: Greninja\n|-damage|p2a: Greninja|75\/100\n|inactive|la spoire has 60 seconds left.\n|c|\u2606la spoire|i choked\n|\n|t:|1632680869\n|switch|p1a: mag|Magearna|23\/100|[from]move: U-turn\n|-damage|p1a: mag|16\/100|[from] Stealth Rock\n|\n|upkeep\n|turn|38\n|\n|t:|1632680894\n|switch|p2a: Gliscor|Gliscor, F|53\/100 tox\n|move|p1a: mag|Hidden Power|p2a: Gliscor\n|-damage|p2a: Gliscor|32\/100 tox\n|\n|-heal|p2a: Gliscor|45\/100 tox|[from] ability: Poison Heal\n|upkeep\n|turn|39\n|c|\u2606la spoire|gg\n|-message|la spoire forfeited.\n|\n|win|Goootzinho\n","uploadtime":1632680908,"views":40,"p1id":"laspoire","p2id":"goootzinho","formatid":"gen7ou","rating":0,"private":0,"password":null}