{"id":"smogtours-gen7ou-647713","p1":"PurplePenguin Sama","p2":"Navys_1","format":"gen7ou","log":"|inactive|Battle timer is ON: inactive players will automatically lose when time's up.\n|t:|1662909618\n|gametype|singles\n|player|p1|PurplePenguin Sama|adaman|\n|player|p2|Navys_1|pokemaniac|\n|teamsize|p1|6\n|teamsize|p2|6\n|gen|7\n|tier|[Gen 7] OU\n|rule|Sleep Clause Mod: Limit one foe put to sleep\n|rule|Species Clause: Limit one of each Pok\u00e9mon\n|rule|OHKO Clause: OHKO moves are banned\n|rule|Moody Clause: Moody is banned\n|rule|Evasion Items Clause: Evasion items are banned\n|rule|Evasion Moves Clause: Evasion moves are banned\n|rule|Endless Battle Clause: Forcing endless battles is banned\n|rule|HP Percentage Mod: HP is shown in percentages\n|clearpoke\n|poke|p1|Alakazam, M|item\n|poke|p1|Kartana|item\n|poke|p1|Tapu Lele|item\n|poke|p1|Magearna|item\n|poke|p1|Landorus-Therian, M|item\n|poke|p1|Rotom-Wash|item\n|poke|p2|Swampert, M|item\n|poke|p2|Tornadus-Therian, M|item\n|poke|p2|Greninja, M|item\n|poke|p2|Ferrothorn, M|item\n|poke|p2|Manaphy|item\n|poke|p2|Pelipper, F|item\n|teampreview\n|c|\u2606PurplePenguin Sama|hf\n|c|\u2606Navys_1|hf\n|c|\u2606PurplePenguin Sama|I warn you my internet connection is terrible\n|inactive|Navys_1 has 270 seconds left.\n|\n|t:|1662909665\n|start\n|switch|p1a: Rotom|Rotom-Wash|100\/100\n|switch|p2a: Pelipper|Pelipper, F|100\/100\n|-weather|RainDance|[from] ability: Drizzle|[of] p2a: Pelipper\n|turn|1\n|\n|t:|1662909672\n|switch|p2a: Ferrothorn|Ferrothorn, M|100\/100\n|move|p1a: Rotom|Will-O-Wisp|p2a: Ferrothorn\n|-status|p2a: Ferrothorn|brn\n|\n|-weather|RainDance|[upkeep]\n|-damage|p2a: Ferrothorn|94\/100 brn|[from] brn\n|upkeep\n|turn|2\n|c|\u2606Navys_1|ok\n|\n|t:|1662909686\n|move|p1a: Rotom|Volt Switch|p2a: Ferrothorn\n|-resisted|p2a: Ferrothorn\n|-damage|p2a: Ferrothorn|86\/100 brn\n|\n|t:|1662909690\n|switch|p1a: Magearna|Magearna|100\/100|[from]move: Volt Switch\n|move|p2a: Ferrothorn|Stealth Rock|p1a: Magearna\n|-sidestart|p1: PurplePenguin Sama|move: Stealth Rock\n|\n|-weather|RainDance|[upkeep]\n|-heal|p2a: Ferrothorn|92\/100 brn|[from] item: Leftovers\n|-damage|p2a: Ferrothorn|86\/100 brn|[from] brn\n|upkeep\n|turn|3\n|\n|t:|1662909705\n|switch|p2a: Swampert|Swampert, M|100\/100\n|move|p1a: Magearna|Hidden Power|p2a: Swampert\n|-resisted|p2a: Swampert\n|-damage|p2a: Swampert|96\/100\n|\n|-weather|RainDance|[upkeep]\n|upkeep\n|turn|4\n|\n|t:|1662909718\n|switch|p1a: Rotom|Rotom-Wash|100\/100\n|-damage|p1a: Rotom|88\/100|[from] Stealth Rock\n|detailschange|p2a: Swampert|Swampert-Mega, M\n|-mega|p2a: Swampert|Swampert|Swampertite\n|move|p2a: Swampert|Waterfall|p1a: Rotom\n|-resisted|p1a: Rotom\n|-damage|p1a: Rotom|51\/100\n|\n|-weather|RainDance|[upkeep]\n|upkeep\n|turn|5\n|\n|t:|1662909731\n|move|p2a: Swampert|Superpower|p1a: Rotom\n|-damage|p1a: Rotom|5\/100\n|-unboost|p2a: Swampert|atk|1\n|-unboost|p2a: Swampert|def|1\n|-enditem|p1a: Rotom|Iapapa Berry|[eat]\n|-heal|p1a: Rotom|55\/100|[from] item: Iapapa Berry\n|move|p1a: Rotom|Hydro Pump|p2a: Swampert\n|-damage|p2a: Swampert|43\/100\n|\n|-weather|RainDance|[upkeep]\n|upkeep\n|turn|6\n|\n|t:|1662909741\n|switch|p2a: Ferrothorn|Ferrothorn, M|86\/100 brn\n|move|p1a: Rotom|Will-O-Wisp|p2a: Ferrothorn\n|-fail|p2a: Ferrothorn|brn\n|\n|-weather|RainDance|[upkeep]\n|-heal|p2a: Ferrothorn|92\/100 brn|[from] item: Leftovers\n|-damage|p2a: Ferrothorn|86\/100 brn|[from] brn\n|upkeep\n|turn|7\n|\n|t:|1662909751\n|move|p1a: Rotom|Defog|p2a: Ferrothorn\n|-unboost|p2a: Ferrothorn|evasion|1\n|-sideend|p1: PurplePenguin Sama|Stealth Rock|[from] move: Defog|[of] p1a: Rotom\n|move|p2a: Ferrothorn|Spikes|p1a: Rotom\n|-sidestart|p1: PurplePenguin Sama|Spikes\n|\n|-weather|RainDance|[upkeep]\n|-heal|p2a: Ferrothorn|92\/100 brn|[from] item: Leftovers\n|-damage|p2a: Ferrothorn|86\/100 brn|[from] brn\n|upkeep\n|turn|8\n|\n|t:|1662909760\n|move|p1a: Rotom|Volt Switch|p2a: Ferrothorn\n|-resisted|p2a: Ferrothorn\n|-damage|p2a: Ferrothorn|77\/100 brn\n|\n|t:|1662909767\n|switch|p1a: Tapu Lele|Tapu Lele|100\/100|[from]move: Volt Switch\n|-damage|p1a: Tapu Lele|88\/100|[from] Spikes\n|-fieldstart|move: Psychic Terrain|[from] ability: Psychic Surge|[of] p1a: Tapu Lele\n|move|p2a: Ferrothorn|Stealth Rock|p1a: Tapu Lele\n|-sidestart|p1: PurplePenguin Sama|move: Stealth Rock\n|\n|-weather|none\n|-heal|p2a: Ferrothorn|83\/100 brn|[from] item: Leftovers\n|-damage|p2a: Ferrothorn|77\/100 brn|[from] brn\n|upkeep\n|turn|9\n|\n|t:|1662909779\n|switch|p2a: Pelipper|Pelipper, F|100\/100\n|-weather|RainDance|[from] ability: Drizzle|[of] p2a: Pelipper\n|move|p1a: Tapu Lele|Hidden Power|p2a: Pelipper\n|-resisted|p2a: Pelipper\n|-damage|p2a: Pelipper|90\/100\n|\n|-weather|RainDance|[upkeep]\n|upkeep\n|turn|10\n|\n|t:|1662909797\n|switch|p1a: Kartana|Kartana|100\/100\n|-damage|p1a: Kartana|88\/100|[from] Spikes\n|-damage|p1a: Kartana|82\/100|[from] Stealth Rock\n|move|p2a: Pelipper|U-turn|p1a: Kartana\n|-damage|p1a: Kartana|73\/100\n|\n|t:|1662909804\n|switch|p2a: Swampert|Swampert-Mega, M|43\/100|[from]move: U-turn\n|\n|-weather|RainDance|[upkeep]\n|upkeep\n|turn|11\n|inactive|PurplePenguin Sama has 270 seconds left.\n|\n|t:|1662909848\n|move|p2a: Swampert|Superpower|p1a: Kartana\n|-supereffective|p1a: Kartana\n|-damage|p1a: Kartana|0 fnt\n|-unboost|p2a: Swampert|atk|1\n|-unboost|p2a: Swampert|def|1\n|faint|p1a: Kartana\n|\n|-weather|RainDance|[upkeep]\n|upkeep\n|\n|t:|1662909861\n|switch|p1a: Landorus|Landorus-Therian, M|100\/100\n|-damage|p1a: Landorus|88\/100|[from] Stealth Rock\n|-ability|p1a: Landorus|Intimidate|boost\n|-unboost|p2a: Swampert|atk|1\n|turn|12\n|\n|t:|1662909869\n|switch|p2a: Tornadus|Tornadus-Therian, M|100\/100\n|switch|p1a: Magearna|Magearna|100\/100\n|-damage|p1a: Magearna|88\/100|[from] Spikes\n|-damage|p1a: Magearna|82\/100|[from] Stealth Rock\n|\n|-weather|RainDance|[upkeep]\n|-fieldend|move: Psychic Terrain\n|upkeep\n|turn|13\n|\n|t:|1662909878\n|move|p2a: Tornadus|U-turn|p1a: Magearna\n|-resisted|p1a: Magearna\n|-damage|p1a: Magearna|80\/100\n|\n|t:|1662909881\n|switch|p2a: Ferrothorn|Ferrothorn, M|77\/100 brn|[from]move: U-turn\n|move|p1a: Magearna|Ice Beam|p2a: Ferrothorn\n|-damage|p2a: Ferrothorn|60\/100 brn\n|\n|-weather|RainDance|[upkeep]\n|-heal|p2a: Ferrothorn|66\/100 brn|[from] item: Leftovers\n|-damage|p2a: Ferrothorn|60\/100 brn|[from] brn\n|upkeep\n|turn|14\n|\n|t:|1662909891\n|move|p1a: Magearna|Hidden Power|p2a: Ferrothorn\n|-supereffective|p2a: Ferrothorn\n|-damage|p2a: Ferrothorn|39\/100 brn\n|move|p2a: Ferrothorn|Spikes|p1a: Magearna\n|-sidestart|p1: PurplePenguin Sama|Spikes\n|\n|-weather|RainDance|[upkeep]\n|-heal|p2a: Ferrothorn|45\/100 brn|[from] item: Leftovers\n|-damage|p2a: Ferrothorn|39\/100 brn|[from] brn\n|upkeep\n|turn|15\n|inactive|PurplePenguin Sama disconnected and has 300 seconds to reconnect!\n|player|p1|\n|inactive|PurplePenguin Sama has 270 seconds to reconnect!\n|inactive|PurplePenguin Sama has 240 seconds to reconnect!\n|inactive|PurplePenguin Sama reconnected and has 285 seconds left.\n|player|p1|PurplePenguin Sama|adaman\n|\n|t:|1662909964\n|switch|p2a: Tornadus|Tornadus-Therian, M|100\/100\n|move|p1a: Magearna|Ice Beam|p2a: Tornadus\n|-supereffective|p2a: Tornadus\n|-damage|p2a: Tornadus|42\/100\n|\n|-weather|RainDance|[upkeep]\n|upkeep\n|turn|16\n|\n|t:|1662909971\n|move|p2a: Tornadus|U-turn|p1a: Magearna\n|-resisted|p1a: Magearna\n|-damage|p1a: Magearna|77\/100\n|\n|t:|1662909978\n|switch|p2a: Ferrothorn|Ferrothorn, M|39\/100 brn|[from]move: U-turn\n|move|p1a: Magearna|Ice Beam|p2a: Ferrothorn\n|-damage|p2a: Ferrothorn|22\/100 brn\n|\n|-weather|none\n|-heal|p2a: Ferrothorn|28\/100 brn|[from] item: Leftovers\n|-damage|p2a: Ferrothorn|22\/100 brn|[from] brn\n|upkeep\n|turn|17\n|\n|t:|1662909991\n|switch|p2a: Pelipper|Pelipper, F|90\/100\n|-weather|RainDance|[from] ability: Drizzle|[of] p2a: Pelipper\n|move|p1a: Magearna|Volt Switch|p2a: Pelipper\n|-supereffective|p2a: Pelipper\n|-damage|p2a: Pelipper|0 fnt\n|faint|p2a: Pelipper\n|-ability|p1a: Magearna|Soul-Heart|boost\n|-boost|p1a: Magearna|spa|1\n|\n|t:|1662910001\n|switch|p1a: Rotom|Rotom-Wash|55\/100|[from]move: Volt Switch\n|-damage|p1a: Rotom|43\/100|[from] Stealth Rock\n|\n|-weather|RainDance|[upkeep]\n|upkeep\n|\n|t:|1662910007\n|switch|p2a: Greninja|Greninja, M|100\/100\n|turn|18\n|inactive|PurplePenguin Sama has 270 seconds left.\n|\n|t:|1662910049\n|switch|p1a: Magearna|Magearna|77\/100\n|-damage|p1a: Magearna|60\/100|[from] Spikes\n|-damage|p1a: Magearna|54\/100|[from] Stealth Rock\n|move|p2a: Greninja|Dark Pulse|p1a: Magearna\n|-resisted|p1a: Magearna\n|-damage|p1a: Magearna|43\/100\n|\n|-weather|RainDance|[upkeep]\n|upkeep\n|turn|19\n|\n|t:|1662910060\n|switch|p2a: Ferrothorn|Ferrothorn, M|22\/100 brn\n|move|p1a: Magearna|Fleur Cannon|p2a: Ferrothorn|[miss]\n|-miss|p1a: Magearna|p2a: Ferrothorn\n|\n|-weather|RainDance|[upkeep]\n|-heal|p2a: Ferrothorn|28\/100 brn|[from] item: Leftovers\n|-damage|p2a: Ferrothorn|22\/100 brn|[from] brn\n|upkeep\n|turn|20\n|inactive|PurplePenguin Sama has 270 seconds left.\n|\n|t:|1662910070\n|move|p1a: Magearna|Hidden Power|p2a: Ferrothorn\n|-supereffective|p2a: Ferrothorn\n|-damage|p2a: Ferrothorn|2\/100 brn\n|move|p2a: Ferrothorn|Spikes|p1a: Magearna\n|-sidestart|p1: PurplePenguin Sama|Spikes\n|\n|-weather|RainDance|[upkeep]\n|-heal|p2a: Ferrothorn|8\/100 brn|[from] item: Leftovers\n|-damage|p2a: Ferrothorn|2\/100 brn|[from] brn\n|upkeep\n|turn|21\n|inactive|PurplePenguin Sama has 270 seconds left.\n|\n|t:|1662910086\n|switch|p2a: Manaphy|Manaphy|100\/100\n|move|p1a: Magearna|Volt Switch|p2a: Manaphy\n|-supereffective|p2a: Manaphy\n|-damage|p2a: Manaphy|60\/100\n|\n|t:|1662910094\n|switch|p1a: Alakazam|Alakazam, M|100\/100|[from]move: Volt Switch\n|\n|-weather|RainDance|[upkeep]\n|upkeep\n|turn|22\n|inactive|PurplePenguin Sama has 270 seconds left.\n|\n|t:|1662910101\n|switch|p2a: Ferrothorn|Ferrothorn, M|2\/100 brn\n|detailschange|p1a: Alakazam|Alakazam-Mega, M\n|-mega|p1a: Alakazam|Alakazam|Alakazite\n|-ability|p1a: Alakazam|Iron Barbs|[from] ability: Trace|[of] p2a: Ferrothorn\n|move|p1a: Alakazam|Psychic|p2a: Ferrothorn\n|-resisted|p2a: Ferrothorn\n|-damage|p2a: Ferrothorn|0 fnt\n|faint|p2a: Ferrothorn\n|\n|-weather|RainDance|[upkeep]\n|upkeep\n|\n|t:|1662910111\n|switch|p2a: Swampert|Swampert-Mega, M|43\/100\n|turn|23\n|\n|t:|1662910117\n|switch|p1a: Landorus|Landorus-Therian, M|88\/100\n|-damage|p1a: Landorus|76\/100|[from] Stealth Rock\n|-ability|p1a: Landorus|Intimidate|boost\n|-unboost|p2a: Swampert|atk|1\n|move|p2a: Swampert|Waterfall|p1a: Landorus\n|-supereffective|p1a: Landorus\n|-damage|p1a: Landorus|0 fnt\n|faint|p1a: Landorus\n|\n|-weather|RainDance|[upkeep]\n|upkeep\n|\n|t:|1662910128\n|switch|p1a: Rotom|Rotom-Wash|43\/100\n|-damage|p1a: Rotom|30\/100|[from] Stealth Rock\n|turn|24\n|\n|t:|1662910136\n|move|p2a: Swampert|Superpower|p1a: Rotom\n|-damage|p1a: Rotom|0 fnt\n|-unboost|p2a: Swampert|atk|1\n|-unboost|p2a: Swampert|def|1\n|faint|p1a: Rotom\n|\n|-weather|none\n|upkeep\n|\n|t:|1662910143\n|switch|p1a: Alakazam|Alakazam-Mega, M|100\/100\n|-damage|p1a: Alakazam|76\/100|[from] Spikes\n|-damage|p1a: Alakazam|63\/100|[from] Stealth Rock\n|-ability|p1a: Alakazam|Swift Swim|[from] ability: Trace|[of] p2a: Swampert\n|turn|25\n|\n|t:|1662910153\n|move|p1a: Alakazam|Shadow Ball|p2a: Swampert\n|-damage|p2a: Swampert|12\/100\n|move|p2a: Swampert|Earthquake|p1a: Alakazam\n|-damage|p1a: Alakazam|6\/100\n|\n|upkeep\n|turn|26\n|\n|t:|1662910162\n|move|p1a: Alakazam|Shadow Ball|p2a: Swampert\n|-damage|p2a: Swampert|0 fnt\n|faint|p2a: Swampert\n|\n|upkeep\n|\n|t:|1662910173\n|switch|p2a: Tornadus|Tornadus-Therian, M|75\/100\n|turn|27\n|\n|t:|1662910178\n|move|p1a: Alakazam|Psychic|p2a: Tornadus\n|-damage|p2a: Tornadus|17\/100\n|move|p2a: Tornadus|U-turn|p1a: Alakazam\n|-supereffective|p1a: Alakazam\n|-damage|p1a: Alakazam|0 fnt\n|faint|p1a: Alakazam\n|\n|t:|1662910193\n|switch|p2a: Manaphy|Manaphy|60\/100|[from]move: U-turn\n|\n|upkeep\n|\n|t:|1662910199\n|switch|p1a: Magearna|Magearna|43\/100\n|-damage|p1a: Magearna|18\/100|[from] Spikes\n|-damage|p1a: Magearna|12\/100|[from] Stealth Rock\n|turn|28\n|\n|t:|1662910205\n|move|p2a: Manaphy|Surf|p1a: Magearna\n|-damage|p1a: Magearna|0 fnt\n|faint|p1a: Magearna\n|\n|upkeep\n|\n|t:|1662910209\n|switch|p1a: Tapu Lele|Tapu Lele|88\/100\n|-damage|p1a: Tapu Lele|63\/100|[from] Spikes\n|-damage|p1a: Tapu Lele|51\/100|[from] Stealth Rock\n|-fieldstart|move: Psychic Terrain|[from] ability: Psychic Surge|[of] p1a: Tapu Lele\n|turn|29\n|\n|t:|1662910216\n|move|p1a: Tapu Lele|Moonblast|p2a: Manaphy\n|-damage|p2a: Manaphy|0 fnt\n|faint|p2a: Manaphy\n|\n|upkeep\n|inactive|Navys_1 has 270 seconds left.\n|\n|t:|1662910258\n|switch|p2a: Greninja|Greninja, M|100\/100\n|turn|30\n|\n|t:|1662910277\n|move|p2a: Greninja|Dark Pulse|p1a: Tapu Lele\n|-damage|p1a: Tapu Lele|0 fnt\n|faint|p1a: Tapu Lele\n|\n|win|Navys_1\n","uploadtime":1662910278,"views":20,"p1id":"purplepenguinsama","p2id":"navys1","formatid":"gen7ou","rating":0,"private":0,"password":null}