{"id":"smogtours-gen5ou-554552","p1":"akane kurokawa","p2":"Goootzinho","format":"gen5ou","log":"|inactive|Battle timer is ON: inactive players will automatically lose when time's up.\n|t:|1617999996\n|gametype|singles\n|player|p1|akane kurokawa|cynthia|\n|player|p2|Goootzinho|galacticgrunt|\n|teamsize|p1|6\n|teamsize|p2|6\n|gen|5\n|tier|[Gen 5] OU\n|clearpoke\n|poke|p1|Jirachi|item\n|poke|p1|Kyurem-Black|item\n|poke|p1|Latios, M|item\n|poke|p1|Magnezone|item\n|poke|p1|Dragonite, M|item\n|poke|p1|Garchomp, F|item\n|poke|p2|Xatu, F|item\n|poke|p2|Tyranitar, F|item\n|poke|p2|Latios, M|item\n|poke|p2|Garchomp, M|item\n|poke|p2|Seismitoad, M|item\n|poke|p2|Ferrothorn, M|item\n|rule|Species Clause: Limit one of each Pok\u00e9mon\n|rule|OHKO Clause: OHKO moves are banned\n|rule|Moody Clause: Moody is banned\n|rule|Evasion Moves Clause: Evasion moves are banned\n|rule|Endless Battle Clause: Forcing endless battles is banned\n|rule|HP Percentage Mod: HP is shown in percentages\n|rule|Evasion Abilities Clause: Evasion abilities are banned\n|rule|Baton Pass Clause: Limit one Baton Passer, can't pass Spe and other stats simultaneously\n|rule|Sleep Clause: Sleep-inducing moves are banned\n|rule|Swagger Clause: Swagger is banned\n|teampreview\n|c|\u2606Goootzinho|hf\n|c|\u2606akane kurokawa|u2\n|inactive|Goootzinho has 270 seconds left.\n|\n|t:|1618000028\n|start\n|switch|p1a: Alex Albon|Jirachi|100\/100\n|switch|p2a: Garchomp|Garchomp, M|100\/100\n|turn|1\n|inactive|akane kurokawa has 270 seconds left.\n|\n|t:|1618000060\n|switch|p1a: Lando Orange|Dragonite, M|100\/100\n|move|p2a: Garchomp|Earthquake|p1a: Lando Orange\n|-immune|p1a: Lando Orange\n|\n|upkeep\n|turn|2\n|inactive|akane kurokawa has 270 seconds left.\n|\n|t:|1618000077\n|switch|p2a: Ferrothorn|Ferrothorn, M|100\/100\n|move|p1a: Lando Orange|Extreme Speed|p2a: Ferrothorn\n|-resisted|p2a: Ferrothorn\n|-damage|p2a: Ferrothorn|90\/100\n|-damage|p1a: Lando Orange|88\/100|[from] ability: Iron Barbs|[of] p2a: Ferrothorn\n|\n|-heal|p2a: Ferrothorn|97\/100|[from] item: Leftovers\n|upkeep\n|turn|3\n|inactive|akane kurokawa has 270 seconds left.\n|\n|t:|1618000087\n|switch|p1a: Seb Vettel|Magnezone|100\/100\n|-item|p1a: Seb Vettel|Air Balloon\n|move|p2a: Ferrothorn|Stealth Rock|p1a: Seb Vettel\n|-sidestart|p1: akane kurokawa|move: Stealth Rock\n|\n|-heal|p2a: Ferrothorn|100\/100|[from] item: Leftovers\n|upkeep\n|turn|4\n|inactive|akane kurokawa has 270 seconds left.\n|\n|t:|1618000111\n|move|p1a: Seb Vettel|Hidden Power|p2a: Ferrothorn\n|-supereffective|p2a: Ferrothorn\n|-damage|p2a: Ferrothorn|30\/100\n|move|p2a: Ferrothorn|Gyro Ball|p1a: Seb Vettel\n|-resisted|p1a: Seb Vettel\n|-crit|p1a: Seb Vettel\n|-damage|p1a: Seb Vettel|77\/100\n|-enditem|p1a: Seb Vettel|Air Balloon\n|\n|-heal|p2a: Ferrothorn|36\/100|[from] item: Leftovers\n|upkeep\n|turn|5\n|inactive|akane kurokawa has 270 seconds left.\n|\n|t:|1618000139\n|move|p1a: Seb Vettel|Hidden Power|p2a: Ferrothorn\n|-supereffective|p2a: Ferrothorn\n|-damage|p2a: Ferrothorn|0 fnt\n|faint|p2a: Ferrothorn\n|\n|upkeep\n|\n|t:|1618000141\n|switch|p2a: Garchomp|Garchomp, M|100\/100\n|turn|6\n|inactive|akane kurokawa has 240 seconds left.\n|\n|t:|1618000172\n|switch|p1a: George Russell|Kyurem-Black|100\/100\n|-damage|p1a: George Russell|76\/100|[from] Stealth Rock\n|-ability|p1a: George Russell|Teravolt\n|move|p2a: Garchomp|Earthquake|p1a: George Russell\n|-damage|p1a: George Russell|27\/100\n|-damage|p2a: Garchomp|91\/100|[from] item: Life Orb\n|\n|upkeep\n|turn|7\n|inactive|akane kurokawa has 240 seconds left.\n|\n|t:|1618000187\n|move|p2a: Garchomp|Earthquake|p1a: George Russell\n|-damage|p1a: George Russell|0 fnt\n|-damage|p2a: Garchomp|81\/100|[from] item: Life Orb\n|faint|p1a: George Russell\n|\n|upkeep\n|\n|t:|1618000203\n|switch|p1a: Charles Leclerc|Garchomp, F|100\/100\n|-damage|p1a: Charles Leclerc|94\/100|[from] Stealth Rock\n|turn|8\n|\n|t:|1618000219\n|switch|p2a: Xatu|Xatu, F|100\/100\n|move|p1a: Charles Leclerc|Outrage|p2a: Xatu\n|-damage|p2a: Xatu|38\/100\n|-damage|p1a: Charles Leclerc|78\/100|[from] item: Rocky Helmet|[of] p2a: Xatu\n|\n|upkeep\n|turn|9\n|\n|t:|1618000229\n|move|p1a: Charles Leclerc|Outrage|p2a: Xatu|[from]lockedmove\n|-crit|p2a: Xatu\n|-damage|p2a: Xatu|0 fnt\n|-damage|p1a: Charles Leclerc|61\/100|[from] item: Rocky Helmet|[of] p2a: Xatu\n|faint|p2a: Xatu\n|\n|upkeep\n|\n|t:|1618000244\n|switch|p2a: Latios|Latios, M|100\/100\n|turn|10\n|\n|t:|1618000262\n|move|p2a: Latios|Dragon Pulse|p1a: Charles Leclerc\n|-supereffective|p1a: Charles Leclerc\n|-damage|p1a: Charles Leclerc|0 fnt\n|faint|p1a: Charles Leclerc\n|\n|upkeep\n|\n|t:|1618000282\n|switch|p1a: Alex Albon|Jirachi|100\/100\n|-damage|p1a: Alex Albon|94\/100|[from] Stealth Rock\n|turn|11\n|\n|t:|1618000296\n|switch|p2a: Seismitoad|Seismitoad, M|100\/100\n|move|p1a: Alex Albon|U-turn|p2a: Seismitoad\n|-damage|p2a: Seismitoad|90\/100\n|inactive|akane kurokawa has 210 seconds left.\n|\n|t:|1618000334\n|switch|p1a: Lando Orange|Dragonite, M|88\/100|[from]move: U-turn\n|-damage|p1a: Lando Orange|63\/100|[from] Stealth Rock\n|\n|-heal|p2a: Seismitoad|96\/100|[from] item: Leftovers\n|upkeep\n|turn|12\n|inactive|akane kurokawa has 180 seconds left.\n|inactive|Goootzinho has 270 seconds left.\n|\n|t:|1618000371\n|switch|p2a: Garchomp|Garchomp, M|81\/100\n|move|p1a: Lando Orange|Dragon Dance|p1a: Lando Orange\n|-boost|p1a: Lando Orange|atk|1\n|-boost|p1a: Lando Orange|spe|1\n|\n|upkeep\n|turn|13\n|inactive|Goootzinho has 270 seconds left.\n|inactive|akane kurokawa has 150 seconds left.\n|\n|t:|1618000402\n|switch|p2a: Seismitoad|Seismitoad, M|96\/100\n|move|p1a: Lando Orange|Outrage|p2a: Seismitoad\n|-enditem|p1a: Lando Orange|Dragon Gem|[from] gem\n|-damage|p2a: Seismitoad|0 fnt\n|faint|p2a: Seismitoad\n|\n|upkeep\n|inactive|Goootzinho has 270 seconds left.\n|\n|t:|1618000407\n|switch|p2a: Latios|Latios, M|100\/100\n|turn|14\n|\n|t:|1618000421\n|move|p2a: Latios|Dragon Pulse|p1a: Lando Orange\n|-supereffective|p1a: Lando Orange\n|-damage|p1a: Lando Orange|0 fnt\n|faint|p1a: Lando Orange\n|\n|upkeep\n|inactive|akane kurokawa has 150 seconds left.\n|\n|t:|1618000436\n|switch|p1a: Alex Albon|Jirachi|94\/100\n|-damage|p1a: Alex Albon|88\/100|[from] Stealth Rock\n|turn|15\n|inactive|akane kurokawa has 150 seconds left.\n|\n|t:|1618000446\n|switch|p2a: Tyranitar|Tyranitar, F|100\/100\n|-weather|Sandstorm|[from] ability: Sand Stream|[of] p2a: Tyranitar\n|move|p1a: Alex Albon|Thunder|p2a: Tyranitar\n|-damage|p2a: Tyranitar|87\/100\n|-status|p2a: Tyranitar|par\n|\n|-weather|Sandstorm|[upkeep]\n|-heal|p1a: Alex Albon|94\/100|[from] item: Leftovers\n|upkeep\n|turn|16\n|inactive|akane kurokawa has 150 seconds left.\n|\n|t:|1618000466\n|move|p1a: Alex Albon|Stealth Rock|p2a: Tyranitar\n|-sidestart|p2: Goootzinho|move: Stealth Rock\n|move|p2a: Tyranitar|Crunch|p1a: Alex Albon\n|-damage|p1a: Alex Albon|59\/100\n|-unboost|p1a: Alex Albon|def|1\n|\n|-weather|Sandstorm|[upkeep]\n|-heal|p1a: Alex Albon|65\/100|[from] item: Leftovers\n|upkeep\n|turn|17\n|inactive|akane kurokawa has 150 seconds left.\n|\n|t:|1618000482\n|move|p1a: Alex Albon|Thunder|p2a: Tyranitar\n|-damage|p2a: Tyranitar|74\/100 par\n|cant|p2a: Tyranitar|par\n|\n|-weather|Sandstorm|[upkeep]\n|-heal|p1a: Alex Albon|71\/100|[from] item: Leftovers\n|upkeep\n|turn|18\n|inactive|akane kurokawa has 150 seconds left.\n|\n|t:|1618000508\n|move|p1a: Alex Albon|U-turn|p2a: Tyranitar\n|-supereffective|p2a: Tyranitar\n|-damage|p2a: Tyranitar|49\/100 par\n|\n|t:|1618000511\n|switch|p1a: Seb Vettel|Magnezone|77\/100|[from]move: U-turn\n|-damage|p1a: Seb Vettel|71\/100|[from] Stealth Rock\n|move|p2a: Tyranitar|Crunch|p1a: Seb Vettel\n|-resisted|p1a: Seb Vettel\n|-damage|p1a: Seb Vettel|51\/100\n|\n|-weather|Sandstorm|[upkeep]\n|upkeep\n|turn|19\n|\n|t:|1618000527\n|switch|p2a: Garchomp|Garchomp, M|81\/100\n|-damage|p2a: Garchomp|75\/100|[from] Stealth Rock\n|move|p1a: Seb Vettel|Thunderbolt|p2a: Garchomp\n|-immune|p2a: Garchomp\n|\n|-weather|Sandstorm|[upkeep]\n|upkeep\n|turn|20\n|\n|t:|1618000546\n|switch|p1a: Lewis Hamilton|Latios, M|100\/100\n|-damage|p1a: Lewis Hamilton|88\/100|[from] Stealth Rock\n|move|p2a: Garchomp|Earthquake|p1a: Lewis Hamilton\n|-immune|p1a: Lewis Hamilton|[from] ability: Levitate\n|\n|-weather|Sandstorm|[upkeep]\n|-damage|p1a: Lewis Hamilton|82\/100|[from] Sandstorm\n|upkeep\n|turn|21\n|inactive|akane kurokawa has 120 seconds left.\n|inactive|Goootzinho has 270 seconds left.\n|\n|t:|1618000586\n|switch|p2a: Latios|Latios, M|100\/100\n|-damage|p2a: Latios|88\/100|[from] Stealth Rock\n|move|p1a: Lewis Hamilton|Dragon Pulse|p2a: Latios\n|-supereffective|p2a: Latios\n|-damage|p2a: Latios|0 fnt\n|faint|p2a: Latios\n|\n|-weather|Sandstorm|[upkeep]\n|-damage|p1a: Lewis Hamilton|76\/100|[from] Sandstorm\n|upkeep\n|\n|t:|1618000588\n|switch|p2a: Tyranitar|Tyranitar, F|49\/100 par\n|-damage|p2a: Tyranitar|36\/100 par|[from] Stealth Rock\n|turn|22\n|inactive|akane kurokawa has 120 seconds left.\n|inactive|Goootzinho has 240 seconds left.\n|\n|t:|1618000633\n|-activate|p1a: Lewis Hamilton|move: Pursuit\n|cant|p2a: Tyranitar|par\n|switch|p1a: Seb Vettel|Magnezone|51\/100\n|-damage|p1a: Seb Vettel|45\/100|[from] Stealth Rock\n|\n|-weather|Sandstorm|[upkeep]\n|upkeep\n|turn|23\n|\n|t:|1618000650\n|switch|p2a: Garchomp|Garchomp, M|75\/100\n|-damage|p2a: Garchomp|69\/100|[from] Stealth Rock\n|move|p1a: Seb Vettel|Thunderbolt|p2a: Garchomp\n|-immune|p2a: Garchomp\n|\n|-weather|Sandstorm|[upkeep]\n|upkeep\n|turn|24\n|\n|t:|1618000666\n|move|p2a: Garchomp|Draco Meteor|p1a: Seb Vettel\n|-resisted|p1a: Seb Vettel\n|-crit|p1a: Seb Vettel\n|-damage|p1a: Seb Vettel|0 fnt\n|-unboost|p2a: Garchomp|spa|2\n|-damage|p2a: Garchomp|59\/100|[from] item: Life Orb\n|faint|p1a: Seb Vettel\n|\n|-weather|Sandstorm|[upkeep]\n|upkeep\n|\n|t:|1618000679\n|switch|p1a: Lewis Hamilton|Latios, M|76\/100\n|-damage|p1a: Lewis Hamilton|64\/100|[from] Stealth Rock\n|turn|25\n|\n|t:|1618000694\n|move|p1a: Lewis Hamilton|Dragon Pulse|p2a: Garchomp\n|-supereffective|p2a: Garchomp\n|-damage|p2a: Garchomp|0 fnt\n|faint|p2a: Garchomp\n|\n|-weather|Sandstorm|[upkeep]\n|-damage|p1a: Lewis Hamilton|58\/100|[from] Sandstorm\n|upkeep\n|\n|t:|1618000696\n|switch|p2a: Tyranitar|Tyranitar, F|36\/100 par\n|-damage|p2a: Tyranitar|24\/100 par|[from] Stealth Rock\n|turn|26\n|\n|t:|1618000703\n|move|p1a: Lewis Hamilton|Dragon Pulse|p2a: Tyranitar\n|-damage|p2a: Tyranitar|2\/100 par\n|move|p2a: Tyranitar|Crunch|p1a: Lewis Hamilton\n|-supereffective|p1a: Lewis Hamilton\n|-damage|p1a: Lewis Hamilton|0 fnt\n|faint|p1a: Lewis Hamilton\n|\n|-weather|Sandstorm|[upkeep]\n|upkeep\n|c|\u2606akane kurokawa|damn\n|\n|t:|1618000721\n|switch|p1a: Alex Albon|Jirachi|71\/100\n|-damage|p1a: Alex Albon|65\/100|[from] Stealth Rock\n|turn|27\n|\n|t:|1618000727\n|move|p1a: Alex Albon|Icy Wind|p2a: Tyranitar\n|-damage|p2a: Tyranitar|0 fnt\n|faint|p2a: Tyranitar\n|\n|win|akane kurokawa\n|c|\u2606akane kurokawa|gg\n|c|\u2606Goootzinho|yup\n|c|\u2606Goootzinho|gg\n","uploadtime":1618000728,"views":102,"p1id":"akanekurokawa","p2id":"goootzinho","formatid":"gen5ou","rating":0,"private":0,"password":null}