{"id":"smogtours-gen4ubers-630010","p1":"Melle2402","p2":"Raph369","format":"gen4ubers","log":"|inactive|Battle timer is ON: inactive players will automatically lose when time's up.\n|t:|1654372570\n|gametype|singles\n|player|p1|Melle2402|170|\n|player|p2|Raph369|archer|\n|teamsize|p1|6\n|teamsize|p2|6\n|gen|4\n|tier|[Gen 4] Ubers\n|rule|Sleep Clause Mod: Limit one foe put to sleep\n|rule|Species Clause: Limit one of each Pok\u00e9mon\n|rule|OHKO Clause: OHKO moves are banned\n|rule|Evasion Moves Clause: Evasion moves are banned\n|rule|Endless Battle Clause: Forcing endless battles is banned\n|rule|HP Percentage Mod: HP is shown in percentages\n|\n|t:|1654372570\n|start\n|switch|p1a: Kyogre|Kyogre|100\/100\n|switch|p2a: Kyogre|Kyogre|100\/100\n|-weather|RainDance|[from] ability: Drizzle|[of] p2a: Kyogre\n|turn|1\n|c|\u2606Raph369|hf\n|inactive|Melle2402 has 270 seconds left.\n|inactive|Raph369 has 270 seconds left.\n|c|\u2606Melle2402|u2\n|\n|t:|1654372610\n|switch|p1a: Groudon|Groudon|100\/100\n|-weather|SunnyDay|[from] ability: Drought|[of] p1a: Groudon\n|move|p2a: Kyogre|Thunder|p1a: Groudon\n|-immune|p1a: Groudon\n|\n|-weather|SunnyDay|[upkeep]\n|upkeep\n|turn|2\n|\n|t:|1654372626\n|switch|p2a: Giratina|Giratina-Origin|100\/100\n|move|p1a: Groudon|Earthquake|p2a: Giratina\n|-immune|p2a: Giratina|[from] ability: Levitate\n|\n|-weather|SunnyDay|[upkeep]\n|upkeep\n|turn|3\n|\n|t:|1654372641\n|switch|p1a: Kyogre|Kyogre|100\/100\n|-weather|RainDance|[from] ability: Drizzle|[of] p1a: Kyogre\n|move|p2a: Giratina|Draco Meteor|p1a: Kyogre\n|-damage|p1a: Kyogre|43\/100\n|-unboost|p2a: Giratina|spa|2\n|\n|-weather|RainDance|[upkeep]\n|upkeep\n|turn|4\n|\n|t:|1654372652\n|move|p2a: Giratina|Thunder|p1a: Kyogre\n|-supereffective|p1a: Kyogre\n|-damage|p1a: Kyogre|14\/100\n|move|p1a: Kyogre|Ice Beam|p2a: Giratina\n|-supereffective|p2a: Giratina\n|-damage|p2a: Giratina|27\/100\n|\n|-weather|RainDance|[upkeep]\n|upkeep\n|turn|5\n|c|+Perry|LETS GO RAPH\n|c|+ste_el S KITTY!|melle tho\n|c|+Perry|love melle\n|c|+Perry|my mom follows him on ig iirc\n|\n|t:|1654372678\n|switch|p1a: Bronzong|Bronzong|100\/100\n|move|p2a: Giratina|Earthquake|p1a: Bronzong\n|-immune|p1a: Bronzong|[from] ability: Levitate\n|\n|-weather|RainDance|[upkeep]\n|upkeep\n|turn|6\n|c|+ara|whats this for\n|\n|t:|1654372689\n|switch|p2a: Kyogre|Kyogre|100\/100\n|move|p1a: Bronzong|Stealth Rock|p2a: Kyogre\n|-sidestart|p2: Raph369|move: Stealth Rock\n|\n|-weather|RainDance|[upkeep]\n|upkeep\n|turn|7\n|c|+Perry|upl\n|c|+ara|rooting for the guy with lead ogre\n|\n|t:|1654372717\n|switch|p1a: Giratina|Giratina-Origin|100\/100\n|move|p2a: Kyogre|Water Spout|p1a: Giratina\n|-resisted|p1a: Giratina\n|-damage|p1a: Giratina|15\/100\n|\n|-weather|RainDance|[upkeep]\n|upkeep\n|turn|8\n|\n|t:|1654372735\n|move|p2a: Kyogre|Water Spout|p1a: Giratina\n|-resisted|p1a: Giratina\n|-damage|p1a: Giratina|0 fnt\n|faint|p1a: Giratina\n|\n|-weather|RainDance|[upkeep]\n|upkeep\n|\n|t:|1654372739\n|switch|p1a: Latias|Latias, F|100\/100\n|turn|9\n|\n|t:|1654372741\n|switch|p2a: Jirachi|Jirachi|100\/100\n|-damage|p2a: Jirachi|94\/100|[from] Stealth Rock\n|move|p1a: Latias|Calm Mind|p1a: Latias\n|-boost|p1a: Latias|spa|1\n|-boost|p1a: Latias|spd|1\n|\n|-weather|RainDance|[upkeep]\n|-heal|p2a: Jirachi|100\/100|[from] item: Leftovers\n|upkeep\n|turn|10\n|\n|t:|1654372750\n|switch|p1a: Kyogre|Kyogre|14\/100\n|move|p2a: Jirachi|Stealth Rock|p1a: Kyogre\n|-sidestart|p1: Melle2402|move: Stealth Rock\n|\n|-weather|RainDance|[upkeep]\n|upkeep\n|turn|11\n|\n|t:|1654372759\n|move|p1a: Kyogre|Hydro Pump|p2a: Jirachi\n|-damage|p2a: Jirachi|34\/100\n|move|p2a: Jirachi|U-turn|p1a: Kyogre\n|-damage|p1a: Kyogre|0 fnt\n|faint|p1a: Kyogre\n|\n|t:|1654372773\n|switch|p2a: Mewtwo|Mewtwo|100\/100|[from]move: U-turn\n|-damage|p2a: Mewtwo|88\/100|[from] Stealth Rock\n|-ability|p2a: Mewtwo|Pressure\n|\n|-weather|RainDance|[upkeep]\n|-heal|p2a: Mewtwo|94\/100|[from] item: Leftovers\n|upkeep\n|inactive|Melle2402 has 270 seconds left.\n|\n|t:|1654372826\n|switch|p1a: Bronzong|Bronzong|100\/100\n|-damage|p1a: Bronzong|94\/100|[from] Stealth Rock\n|turn|12\n|\n|t:|1654372830\n|switch|p2a: Kyogre|Kyogre|100\/100\n|-damage|p2a: Kyogre|88\/100|[from] Stealth Rock\n|move|p1a: Bronzong|Hypnosis|p2a: Kyogre|[miss]\n|-miss|p1a: Bronzong|p2a: Kyogre\n|\n|-weather|RainDance|[upkeep]\n|-heal|p1a: Bronzong|100\/100|[from] item: Leftovers\n|upkeep\n|turn|13\n|\n|t:|1654372837\n|switch|p1a: Latias|Latias, F|100\/100\n|-damage|p1a: Latias|88\/100|[from] Stealth Rock\n|move|p2a: Kyogre|Water Spout|p1a: Latias\n|-resisted|p1a: Latias\n|-damage|p1a: Latias|38\/100\n|\n|-weather|RainDance|[upkeep]\n|upkeep\n|turn|14\n|\n|t:|1654372849\n|move|p1a: Latias|Recover|p1a: Latias\n|-heal|p1a: Latias|87\/100\n|move|p2a: Kyogre|Water Spout|p1a: Latias\n|-resisted|p1a: Latias\n|-damage|p1a: Latias|35\/100\n|\n|-weather|RainDance|[upkeep]\n|upkeep\n|turn|15\n|\n|t:|1654372861\n|switch|p2a: Jirachi|Jirachi|34\/100\n|-damage|p2a: Jirachi|28\/100|[from] Stealth Rock\n|move|p1a: Latias|Recover|p1a: Latias\n|-heal|p1a: Latias|85\/100\n|\n|-weather|RainDance|[upkeep]\n|-heal|p2a: Jirachi|34\/100|[from] item: Leftovers\n|upkeep\n|turn|16\n|inactive|Melle2402 has 270 seconds left.\n|inactive|Melle2402 has 240 seconds left.\n|\n|t:|1654372908\n|move|p1a: Latias|Thunder|p2a: Jirachi\n|-damage|p2a: Jirachi|1\/100\n|move|p2a: Jirachi|U-turn|p1a: Latias\n|-supereffective|p1a: Latias\n|-damage|p1a: Latias|50\/100\n|\n|t:|1654372934\n|switch|p2a: Dialga|Dialga|100\/100|[from]move: U-turn\n|-damage|p2a: Dialga|94\/100|[from] Stealth Rock\n|-ability|p2a: Dialga|Pressure\n|\n|-weather|RainDance|[upkeep]\n|upkeep\n|turn|17\n|\n|t:|1654372939\n|switch|p1a: Bronzong|Bronzong|100\/100\n|-damage|p1a: Bronzong|94\/100|[from] Stealth Rock\n|move|p2a: Dialga|Dragon Pulse|p1a: Bronzong\n|-resisted|p1a: Bronzong\n|-damage|p1a: Bronzong|77\/100\n|\n|-weather|RainDance|[upkeep]\n|-heal|p1a: Bronzong|83\/100|[from] item: Leftovers\n|upkeep\n|turn|18\n|\n|t:|1654372954\n|switch|p2a: Jirachi|Jirachi|1\/100\n|-damage|p2a: Jirachi|0 fnt|[from] Stealth Rock\n|faint|p2a: Jirachi\n|move|p1a: Bronzong|Earthquake|p2: Jirachi|[notarget]\n|-notarget|p1a: Bronzong\n|\n|-weather|RainDance|[upkeep]\n|-heal|p1a: Bronzong|90\/100|[from] item: Leftovers\n|upkeep\n|\n|t:|1654372975\n|switch|p2a: Kyogre|Kyogre|88\/100\n|-damage|p2a: Kyogre|76\/100|[from] Stealth Rock\n|turn|19\n|\n|t:|1654372987\n|switch|p1a: Groudon|Groudon|100\/100\n|-damage|p1a: Groudon|94\/100|[from] Stealth Rock\n|-weather|SunnyDay|[from] ability: Drought|[of] p1a: Groudon\n|move|p2a: Kyogre|Water Spout|p1a: Groudon\n|-supereffective|p1a: Groudon\n|-damage|p1a: Groudon|29\/100\n|\n|-weather|SunnyDay|[upkeep]\n|-heal|p1a: Groudon|35\/100|[from] item: Leftovers\n|upkeep\n|turn|20\n|\n|t:|1654372993\n|switch|p2a: Giratina|Giratina-Origin|27\/100\n|-damage|p2a: Giratina|15\/100|[from] Stealth Rock\n|switch|p1a: Latias|Latias, F|50\/100\n|-damage|p1a: Latias|38\/100|[from] Stealth Rock\n|\n|-weather|SunnyDay|[upkeep]\n|upkeep\n|turn|21\n|inactive|Raph369 has 270 seconds left.\n|\n|t:|1654373028\n|switch|p1a: Dialga|Dialga|100\/100\n|-damage|p1a: Dialga|94\/100|[from] Stealth Rock\n|-ability|p1a: Dialga|Pressure\n|move|p2a: Giratina|Shadow Sneak|p1a: Dialga\n|-resisted|p1a: Dialga\n|-damage|p1a: Dialga|86\/100\n|\n|-weather|SunnyDay|[upkeep]\n|upkeep\n|turn|22\n|inactive|Raph369 has 270 seconds left.\n|\n|t:|1654373053\n|move|p1a: Dialga|Dragon Pulse|p2a: Giratina\n|-supereffective|p2a: Giratina\n|-damage|p2a: Giratina|0 fnt\n|faint|p2a: Giratina\n|\n|-weather|SunnyDay|[upkeep]\n|upkeep\n|inactive|Raph369 has 240 seconds left.\n|inactive|Raph369 has 210 seconds left.\n|\n|t:|1654373103\n|switch|p2a: Mewtwo|Mewtwo|94\/100\n|-damage|p2a: Mewtwo|82\/100|[from] Stealth Rock\n|-ability|p2a: Mewtwo|Pressure\n|turn|23\n|\n|t:|1654373114\n|switch|p1a: Bronzong|Bronzong|90\/100\n|-damage|p1a: Bronzong|83\/100|[from] Stealth Rock\n|move|p2a: Mewtwo|Calm Mind|p2a: Mewtwo\n|-boost|p2a: Mewtwo|spa|1\n|-boost|p2a: Mewtwo|spd|1\n|\n|-weather|SunnyDay|[upkeep]\n|-heal|p2a: Mewtwo|88\/100|[from] item: Leftovers\n|-heal|p1a: Bronzong|90\/100|[from] item: Leftovers\n|upkeep\n|turn|24\n|\n|t:|1654373121\n|switch|p2a: Kyogre|Kyogre|76\/100\n|-damage|p2a: Kyogre|64\/100|[from] Stealth Rock\n|-weather|RainDance|[from] ability: Drizzle|[of] p2a: Kyogre\n|move|p1a: Bronzong|Hypnosis|p2a: Kyogre|[miss]\n|-miss|p1a: Bronzong|p2a: Kyogre\n|\n|-weather|RainDance|[upkeep]\n|-heal|p1a: Bronzong|96\/100|[from] item: Leftovers\n|upkeep\n|turn|25\n|\n|t:|1654373126\n|switch|p1a: Groudon|Groudon|35\/100\n|-damage|p1a: Groudon|29\/100|[from] Stealth Rock\n|-weather|SunnyDay|[from] ability: Drought|[of] p1a: Groudon\n|move|p2a: Kyogre|Surf|p1a: Groudon\n|-supereffective|p1a: Groudon\n|-damage|p1a: Groudon|0 fnt\n|faint|p1a: Groudon\n|\n|-weather|SunnyDay|[upkeep]\n|upkeep\n|\n|t:|1654373133\n|switch|p1a: Latias|Latias, F|38\/100\n|-damage|p1a: Latias|25\/100|[from] Stealth Rock\n|turn|26\n|inactive|Raph369 has 240 seconds left.\n|\n|t:|1654373148\n|switch|p2a: Dialga|Dialga|94\/100\n|-damage|p2a: Dialga|88\/100|[from] Stealth Rock\n|-ability|p2a: Dialga|Pressure\n|move|p1a: Latias|Recover|p1a: Latias\n|-heal|p1a: Latias|75\/100\n|\n|-weather|SunnyDay|[upkeep]\n|upkeep\n|turn|27\n|inactive|Melle2402 has 270 seconds left.\n|inactive|Melle2402 has 240 seconds left.\n|\n|t:|1654373204\n|switch|p1a: Bronzong|Bronzong|96\/100\n|-damage|p1a: Bronzong|90\/100|[from] Stealth Rock\n|move|p2a: Dialga|Dragon Pulse|p1a: Bronzong\n|-resisted|p1a: Bronzong\n|-damage|p1a: Bronzong|72\/100\n|\n|-weather|SunnyDay|[upkeep]\n|-heal|p1a: Bronzong|78\/100|[from] item: Leftovers\n|upkeep\n|turn|28\n|\n|t:|1654373212\n|switch|p2a: Kyogre|Kyogre|64\/100\n|-damage|p2a: Kyogre|51\/100|[from] Stealth Rock\n|-weather|RainDance|[from] ability: Drizzle|[of] p2a: Kyogre\n|switch|p1a: Latias|Latias, F|75\/100\n|-damage|p1a: Latias|63\/100|[from] Stealth Rock\n|\n|-weather|RainDance|[upkeep]\n|upkeep\n|turn|29\n|inactive|Melle2402 has 240 seconds left.\n|\n|t:|1654373244\n|move|p1a: Latias|Calm Mind|p1a: Latias\n|-boost|p1a: Latias|spa|1\n|-boost|p1a: Latias|spd|1\n|move|p2a: Kyogre|Ice Beam|p1a: Latias\n|-supereffective|p1a: Latias\n|-damage|p1a: Latias|21\/100\n|\n|-weather|RainDance|[upkeep]\n|upkeep\n|turn|30\n|\n|t:|1654373265\n|move|p1a: Latias|Recover|p1a: Latias\n|-heal|p1a: Latias|71\/100\n|move|p2a: Kyogre|Ice Beam|p1a: Latias\n|-supereffective|p1a: Latias\n|-damage|p1a: Latias|28\/100\n|\n|-weather|RainDance|[upkeep]\n|upkeep\n|turn|31\n|inactive|Melle2402 has 240 seconds left.\n|\n|t:|1654373276\n|move|p1a: Latias|Recover|p1a: Latias\n|-heal|p1a: Latias|78\/100\n|move|p2a: Kyogre|Ice Beam|p1a: Latias\n|-supereffective|p1a: Latias\n|-damage|p1a: Latias|35\/100\n|\n|-weather|RainDance|[upkeep]\n|upkeep\n|turn|32\n|inactive|Melle2402 has 240 seconds left.\n|\n|t:|1654373285\n|move|p1a: Latias|Thunder|p2a: Kyogre\n|-supereffective|p2a: Kyogre\n|-damage|p2a: Kyogre|0 fnt\n|faint|p2a: Kyogre\n|\n|-weather|RainDance|[upkeep]\n|upkeep\n|\n|t:|1654373312\n|switch|p2a: Dialga|Dialga|88\/100\n|-damage|p2a: Dialga|82\/100|[from] Stealth Rock\n|-ability|p2a: Dialga|Pressure\n|turn|33\n|\n|t:|1654373327\n|switch|p1a: Bronzong|Bronzong|78\/100\n|-damage|p1a: Bronzong|72\/100|[from] Stealth Rock\n|move|p2a: Dialga|Dragon Pulse|p1a: Bronzong\n|-resisted|p1a: Bronzong\n|-damage|p1a: Bronzong|55\/100\n|\n|-weather|RainDance|[upkeep]\n|-heal|p1a: Bronzong|61\/100|[from] item: Leftovers\n|upkeep\n|turn|34\n|\n|t:|1654373333\n|switch|p2a: Palkia|Palkia|100\/100\n|-damage|p2a: Palkia|88\/100|[from] Stealth Rock\n|-ability|p2a: Palkia|Pressure\n|move|p1a: Bronzong|Earthquake|p2a: Palkia\n|-damage|p2a: Palkia|62\/100\n|\n|-weather|RainDance|[upkeep]\n|-heal|p1a: Bronzong|68\/100|[from] item: Leftovers\n|upkeep\n|turn|35\n|inactive|Melle2402 has 240 seconds left.\n|\n|t:|1654373355\n|switch|p1a: Latias|Latias, F|35\/100\n|-damage|p1a: Latias|22\/100|[from] Stealth Rock\n|move|p2a: Palkia|Hydro Pump|p1a: Latias\n|-resisted|p1a: Latias\n|-damage|p1a: Latias|0 fnt\n|faint|p1a: Latias\n|\n|-weather|RainDance|[upkeep]\n|upkeep\n|\n|t:|1654373360\n|switch|p1a: Dialga|Dialga|86\/100\n|-damage|p1a: Dialga|80\/100|[from] Stealth Rock\n|-ability|p1a: Dialga|Pressure\n|turn|36\n|inactive|Raph369 has 270 seconds left.\n|\n|t:|1654373403\n|move|p1a: Dialga|Dragon Pulse|p2a: Palkia\n|-supereffective|p2a: Palkia\n|-damage|p2a: Palkia|0 fnt\n|faint|p2a: Palkia\n|\n|-weather|RainDance|[upkeep]\n|upkeep\n|\n|t:|1654373406\n|switch|p2a: Mewtwo|Mewtwo|88\/100\n|-damage|p2a: Mewtwo|75\/100|[from] Stealth Rock\n|-ability|p2a: Mewtwo|Pressure\n|turn|37\n|\n|t:|1654373420\n|switch|p1a: Bronzong|Bronzong|68\/100\n|-damage|p1a: Bronzong|61\/100|[from] Stealth Rock\n|move|p2a: Mewtwo|Calm Mind|p2a: Mewtwo\n|-boost|p2a: Mewtwo|spa|1\n|-boost|p2a: Mewtwo|spd|1\n|\n|-weather|RainDance|[upkeep]\n|-heal|p2a: Mewtwo|82\/100|[from] item: Leftovers\n|-heal|p1a: Bronzong|68\/100|[from] item: Leftovers\n|upkeep\n|turn|38\n|\n|t:|1654373428\n|move|p2a: Mewtwo|Calm Mind|p2a: Mewtwo\n|-boost|p2a: Mewtwo|spa|1\n|-boost|p2a: Mewtwo|spd|1\n|move|p1a: Bronzong|Hypnosis|p2a: Mewtwo\n|-status|p2a: Mewtwo|slp|[from] move: Hypnosis\n|\n|-weather|RainDance|[upkeep]\n|-heal|p2a: Mewtwo|88\/100 slp|[from] item: Leftovers\n|-heal|p1a: Bronzong|74\/100|[from] item: Leftovers\n|upkeep\n|turn|39\n|inactive|Melle2402 has 270 seconds left.\n|inactive|Melle2402 has 240 seconds left.\n|\n|t:|1654373469\n|cant|p2a: Mewtwo|slp\n|move|p1a: Bronzong|Explosion|p2a: Mewtwo\n|-damage|p2a: Mewtwo|0 fnt\n|faint|p1a: Bronzong\n|faint|p2a: Mewtwo\n|\n|-weather|RainDance|[upkeep]\n|upkeep\n|inactive|Raph369 has 270 seconds left.\n|\n|t:|1654373474\n|switch|p2a: Dialga|Dialga|82\/100\n|switch|p1a: Dialga|Dialga|80\/100\n|-damage|p2a: Dialga|76\/100|[from] Stealth Rock\n|-ability|p2a: Dialga|Pressure\n|-damage|p1a: Dialga|74\/100|[from] Stealth Rock\n|-ability|p1a: Dialga|Pressure\n|turn|40\n|inactive|Raph369 has 270 seconds left.\n|c|+sparksblade\"|a fitting return for the metlloat\n|\n|t:|1654373504\n|move|p2a: Dialga|Draco Meteor|p1a: Dialga\n|-damage|p1a: Dialga|0 fnt\n|-unboost|p2a: Dialga|spa|2\n|faint|p1a: Dialga\n|\n|win|Raph369\n|c|\u2606Raph369|gg\n|c|\u2606Melle2402|gg\n|c|+Stone Cold|Noooi\n|c|+sparksblade\"|noooo\n|c|+Perry|RAPHHH\n","uploadtime":1654373506,"views":406,"p1id":"melle2402","p2id":"raph369","formatid":"gen4ubers","rating":0,"private":0,"password":null}