{"id":"smogtours-gen7ou-344280","p1":"D0UBLE_J","p2":"Gotham Paladin","format":"gen7ou","log":"|inactive|Battle timer is ON: inactive players will automatically lose when time's up.\n|player|p1|D0UBLE_J|#clemont\n|teamsize|p1|6\n|player|p2|Gotham Paladin|283\n|teamsize|p2|6\n|gametype|singles\n|gen|7\n|tier|[Gen 7] OU\n|rule|Sleep Clause Mod: Limit one foe put to sleep\n|rule|Species Clause: Limit one of each Pok\u00e9mon\n|rule|OHKO Clause: OHKO moves are banned\n|rule|Moody Clause: Moody is banned\n|rule|Evasion Moves Clause: Evasion moves are banned\n|rule|Endless Battle Clause: Forcing endless battles is banned\n|rule|HP Percentage Mod: HP is shown in percentages\n|clearpoke\n|poke|p1|Celesteela|item\n|poke|p1|Toxapex, M|item\n|poke|p1|Tangrowth, M|item\n|poke|p1|Landorus-Therian, M|item\n|poke|p1|Zapdos|item\n|poke|p1|Charizard, M|item\n|poke|p2|Kartana|item\n|poke|p2|Muk-Alola, F|item\n|poke|p2|Landorus-Therian, M|item\n|poke|p2|Tapu Lele|item\n|poke|p2|Keldeo-Resolute|item\n|poke|p2|Manectric, F|item\n|teampreview\n|c|\u2606D0UBLE_J|gl\n|c|\u2606Gotham Paladin|hf\n|inactive|D0UBLE_J has 285 seconds left.\n|inactive|Gotham Paladin has 285 seconds left.\n|\n|start\n|switch|p1a: Zapdos|Zapdos|100\/100\n|switch|p2a: Tapu Lele|Tapu Lele|100\/100\n|-fieldstart|move: Psychic Terrain|[from] ability: Psychic Surge|[of] p2a: Tapu Lele\n|-ability|p1a: Zapdos|Pressure\n|turn|1\n|\n|switch|p1a: Celesteela|Celesteela|100\/100\n|move|p2a: Tapu Lele|Psychic|p1a: Celesteela\n|-resisted|p1a: Celesteela\n|-damage|p1a: Celesteela|64\/100\n|\n|-heal|p1a: Celesteela|70\/100|[from] item: Leftovers\n|upkeep\n|turn|2\n|\n|switch|p2a: Kartana|Kartana|100\/100\n|move|p1a: Celesteela|Leech Seed|p2a: Kartana\n|-immune|p2a: Kartana|[msg]\n|\n|-heal|p1a: Celesteela|76\/100|[from] item: Leftovers\n|upkeep\n|turn|3\n|\n|switch|p2a: Manectric|Manectric, F|100\/100\n|move|p1a: Celesteela|Protect|p1a: Celesteela\n|-fail|p1a: Celesteela\n|\n|-heal|p1a: Celesteela|82\/100|[from] item: Leftovers\n|upkeep\n|turn|4\n|\n|switch|p1a: Tangrowth|Tangrowth, M|100\/100\n|-mega|p2a: Manectric|Manectric|Manectite\n|detailschange|p2a: Manectric|Manectric-Mega, F\n|-ability|p2a: Manectric|Intimidate|boost\n|-unboost|p1a: Tangrowth|atk|1\n|move|p2a: Manectric|Volt Switch|p1a: Tangrowth\n|-resisted|p1a: Tangrowth\n|-damage|p1a: Tangrowth|88\/100\n|\n|switch|p2a: Landorus|Landorus-Therian, M|100\/100\n|-ability|p2a: Landorus|Intimidate|boost\n|-unboost|p1a: Tangrowth|atk|1\n|\n|upkeep\n|turn|5\n|\n|switch|p1a: Zapdos|Zapdos|100\/100\n|-ability|p1a: Zapdos|Pressure\n|move|p2a: Landorus|Stealth Rock|p1a: Zapdos\n|-sidestart|p1: D0UBLE_J|move: Stealth Rock\n|\n|-fieldend|move: Psychic Terrain\n|upkeep\n|turn|6\n|\n|move|p1a: Zapdos|Defog|p2a: Landorus\n|-unboost|p2a: Landorus|evasion|1\n|-sideend|p1: D0UBLE_J|Stealth Rock|[from] move: Defog|[of] p1a: Zapdos\n|move|p2a: Landorus|U-turn|p1a: Zapdos\n|-resisted|p1a: Zapdos\n|-damage|p1a: Zapdos|93\/100\n|\n|switch|p2a: Tapu Lele|Tapu Lele|100\/100\n|-fieldstart|move: Psychic Terrain|[from] ability: Psychic Surge|[of] p2a: Tapu Lele\n|\n|-heal|p1a: Zapdos|99\/100|[from] item: Leftovers\n|upkeep\n|turn|7\n|\n|switch|p1a: Celesteela|Celesteela|82\/100\n|move|p2a: Tapu Lele|Psychic|p1a: Celesteela\n|-resisted|p1a: Celesteela\n|-damage|p1a: Celesteela|41\/100\n|\n|-heal|p1a: Celesteela|47\/100|[from] item: Leftovers\n|upkeep\n|turn|8\n|\n|switch|p2a: Manectric|Manectric-Mega, F|100\/100\n|-ability|p2a: Manectric|Intimidate|boost\n|-unboost|p1a: Celesteela|atk|1\n|move|p1a: Celesteela|Protect|p1a: Celesteela\n|-fail|p1a: Celesteela\n|\n|-heal|p1a: Celesteela|53\/100|[from] item: Leftovers\n|upkeep\n|turn|9\n|\n|move|p1a: Celesteela|Protect|p1a: Celesteela\n|-singleturn|p1a: Celesteela|Protect\n|move|p2a: Manectric|Hidden Power|p1a: Celesteela\n|-activate|p1a: Celesteela|move: Protect\n|\n|-heal|p1a: Celesteela|59\/100|[from] item: Leftovers\n|upkeep\n|turn|10\n|\n|switch|p1a: Tangrowth|Tangrowth, M|100\/100\n|move|p2a: Manectric|Volt Switch|p1a: Tangrowth\n|-resisted|p1a: Tangrowth\n|-crit|p1a: Tangrowth\n|-damage|p1a: Tangrowth|82\/100\n|\n|switch|p2a: Landorus|Landorus-Therian, M|100\/100\n|-ability|p2a: Landorus|Intimidate|boost\n|-unboost|p1a: Tangrowth|atk|1\n|\n|-fieldend|move: Psychic Terrain\n|upkeep\n|turn|11\n|\n|move|p2a: Landorus|Stealth Rock|p1a: Tangrowth\n|-sidestart|p1: D0UBLE_J|move: Stealth Rock\n|move|p1a: Tangrowth|Hidden Power|p2a: Landorus\n|-supereffective|p2a: Landorus\n|-damage|p2a: Landorus|42\/100\n|\n|-heal|p2a: Landorus|48\/100|[from] item: Leftovers\n|upkeep\n|turn|12\n|\n|move|p2a: Landorus|U-turn|p1a: Tangrowth\n|-supereffective|p1a: Tangrowth\n|-damage|p1a: Tangrowth|51\/100\n|\n|switch|p2a: Muk|Muk-Alola, F|100\/100\n|move|p1a: Tangrowth|Knock Off|p2a: Muk\n|-resisted|p2a: Muk\n|-damage|p2a: Muk|93\/100\n|-enditem|p2a: Muk|Assault Vest|[from] move: Knock Off|[of] p1a: Tangrowth\n|\n|upkeep\n|turn|13\n|\n|switch|p2a: Tapu Lele|Tapu Lele|100\/100\n|-fieldstart|move: Psychic Terrain|[from] ability: Psychic Surge|[of] p2a: Tapu Lele\n|switch|p1a: Landorus|Landorus-Therian, M|100\/100\n|-damage|p1a: Landorus|88\/100|[from] Stealth Rock\n|-ability|p1a: Landorus|Intimidate|boost\n|-unboost|p2a: Tapu Lele|atk|1\n|\n|upkeep\n|turn|14\n|\n|switch|p1a: Celesteela|Celesteela|59\/100\n|-damage|p1a: Celesteela|47\/100|[from] Stealth Rock\n|move|p2a: Tapu Lele|Psychic|p1a: Celesteela\n|-resisted|p1a: Celesteela\n|-damage|p1a: Celesteela|11\/100\n|\n|-heal|p1a: Celesteela|17\/100|[from] item: Leftovers\n|upkeep\n|turn|15\n|\n|move|p1a: Celesteela|Protect|p1a: Celesteela\n|-singleturn|p1a: Celesteela|Protect\n|move|p2a: Tapu Lele|Psychic|p1a: Celesteela\n|-activate|p1a: Celesteela|move: Protect\n|\n|-heal|p1a: Celesteela|23\/100|[from] item: Leftovers\n|upkeep\n|turn|16\n|\n|move|p2a: Tapu Lele|Psychic|p1a: Celesteela\n|-resisted|p1a: Celesteela\n|-damage|p1a: Celesteela|0 fnt\n|faint|p1a: Celesteela\n|\n|upkeep\n|\n|switch|p1a: Tangrowth|Tangrowth, M|84\/100\n|-damage|p1a: Tangrowth|72\/100|[from] Stealth Rock\n|turn|17\n|\n|switch|p2a: Muk|Muk-Alola, F|93\/100\n|move|p1a: Tangrowth|Giga Drain|p2a: Muk\n|-resisted|p2a: Muk\n|-damage|p2a: Muk|84\/100\n|-heal|p1a: Tangrowth|76\/100|[from] drain|[of] p2a: Muk\n|\n|-fieldend|move: Psychic Terrain\n|upkeep\n|turn|18\n|\n|switch|p1a: Landorus|Landorus-Therian, M|88\/100\n|-damage|p1a: Landorus|76\/100|[from] Stealth Rock\n|-ability|p1a: Landorus|Intimidate|boost\n|-unboost|p2a: Muk|atk|1\n|move|p2a: Muk|Knock Off|p1a: Landorus\n|-damage|p1a: Landorus|56\/100\n|\n|upkeep\n|turn|19\n|\n|switch|p2a: Landorus|Landorus-Therian, M|48\/100\n|-ability|p2a: Landorus|Intimidate|boost\n|-unboost|p1a: Landorus|atk|1\n|move|p1a: Landorus|Swords Dance|p1a: Landorus\n|-boost|p1a: Landorus|atk|2\n|\n|-heal|p2a: Landorus|54\/100|[from] item: Leftovers\n|upkeep\n|turn|20\n|\n|-zpower|p1a: Landorus\n|move|p1a: Landorus|Continental Crush|p2a: Landorus|[zeffect]\n|-damage|p2a: Landorus|0 fnt\n|faint|p2a: Landorus\n|\n|upkeep\n|\n|switch|p2a: Tapu Lele|Tapu Lele|100\/100\n|-fieldstart|move: Psychic Terrain|[from] ability: Psychic Surge|[of] p2a: Tapu Lele\n|turn|21\n|\n|move|p2a: Tapu Lele|Psychic|p1a: Landorus\n|-damage|p1a: Landorus|0 fnt\n|faint|p1a: Landorus\n|\n|upkeep\n|\n|switch|p1a: Charizard|Charizard, M|100\/100\n|-damage|p1a: Charizard|51\/100|[from] Stealth Rock\n|turn|22\n|\n|-mega|p1a: Charizard|Charizard|Charizardite X\n|detailschange|p1a: Charizard|Charizard-Mega-X, M\n|move|p1a: Charizard|Roost|p1a: Charizard\n|-heal|p1a: Charizard|100\/100\n|move|p2a: Tapu Lele|Psychic|p1a: Charizard\n|-damage|p1a: Charizard|0 fnt\n|faint|p1a: Charizard\n|\n|upkeep\n|c|\u2606D0UBLE_J|gg then\n|inactive|D0UBLE_J has 285 seconds left.\n|c|\u2606Gotham Paladin|not over yet bro\n|c|\u2606D0UBLE_J|welp that was quick\n|\n|switch|p1a: Tangrowth|Tangrowth, M|100\/100\n|-damage|p1a: Tangrowth|88\/100|[from] Stealth Rock\n|turn|23\n|\n|switch|p2a: Muk|Muk-Alola, F|84\/100\n|move|p1a: Tangrowth|Giga Drain|p2a: Muk\n|-resisted|p2a: Muk\n|-damage|p2a: Muk|76\/100\n|-heal|p1a: Tangrowth|93\/100|[from] drain|[of] p2a: Muk\n|\n|upkeep\n|turn|24\n|\n|switch|p1a: Toxapex|Toxapex, M|100\/100\n|-damage|p1a: Toxapex|88\/100|[from] Stealth Rock\n|move|p2a: Muk|Knock Off|p1a: Toxapex\n|-damage|p1a: Toxapex|63\/100\n|-enditem|p1a: Toxapex|Shed Shell|[from] move: Knock Off|[of] p2a: Muk\n|\n|upkeep\n|turn|25\n|\n|switch|p2a: Manectric|Manectric-Mega, F|100\/100\n|-ability|p2a: Manectric|Intimidate|boost\n|-unboost|p1a: Toxapex|atk|1\n|move|p1a: Toxapex|Recover|p1a: Toxapex\n|-heal|p1a: Toxapex|100\/100\n|\n|-fieldend|move: Psychic Terrain\n|upkeep\n|turn|26\n|\n|switch|p1a: Tangrowth|Tangrowth, M|100\/100\n|-damage|p1a: Tangrowth|88\/100|[from] Stealth Rock\n|move|p2a: Manectric|Thunderbolt|p1a: Tangrowth\n|-resisted|p1a: Tangrowth\n|-damage|p1a: Tangrowth|74\/100\n|\n|upkeep\n|turn|27\n|\n|move|p2a: Manectric|Flamethrower|p1a: Tangrowth\n|-supereffective|p1a: Tangrowth\n|-damage|p1a: Tangrowth|34\/100\n|move|p1a: Tangrowth|Earthquake|p2a: Manectric\n|-supereffective|p2a: Manectric\n|-damage|p2a: Manectric|34\/100\n|\n|upkeep\n|turn|28\n|\n|switch|p1a: Toxapex|Toxapex, M|100\/100\n|-damage|p1a: Toxapex|88\/100|[from] Stealth Rock\n|move|p2a: Manectric|Flamethrower|p1a: Toxapex\n|-resisted|p1a: Toxapex\n|-damage|p1a: Toxapex|78\/100\n|\n|upkeep\n|turn|29\n|\n|move|p2a: Manectric|Volt Switch|p1a: Toxapex\n|-supereffective|p1a: Toxapex\n|-damage|p1a: Toxapex|28\/100\n|\n|switch|p2a: Tapu Lele|Tapu Lele|100\/100\n|-fieldstart|move: Psychic Terrain|[from] ability: Psychic Surge|[of] p2a: Tapu Lele\n|move|p1a: Toxapex|Recover|p1a: Toxapex\n|-heal|p1a: Toxapex|78\/100\n|\n|upkeep\n|turn|30\n|\n|move|p2a: Tapu Lele|Psychic|p1a: Toxapex\n|-supereffective|p1a: Toxapex\n|-crit|p1a: Toxapex\n|-damage|p1a: Toxapex|0 fnt\n|faint|p1a: Toxapex\n|\n|upkeep\n|\n|switch|p1a: Tangrowth|Tangrowth, M|67\/100\n|-damage|p1a: Tangrowth|55\/100|[from] Stealth Rock\n|turn|31\n|\n|move|p2a: Tapu Lele|Psychic|p1a: Tangrowth\n|-damage|p1a: Tangrowth|0 fnt\n|faint|p1a: Tangrowth\n|\n|upkeep\n|\n|switch|p1a: Zapdos|Zapdos|99\/100\n|-damage|p1a: Zapdos|74\/100|[from] Stealth Rock\n|-ability|p1a: Zapdos|Pressure\n|turn|32\n|\n|move|p2a: Tapu Lele|Psychic|p1a: Zapdos\n|-damage|p1a: Zapdos|0 fnt\n|faint|p1a: Zapdos\n|\n|win|Gotham Paladin\n","inputlog":null,"uploadtime":1516564987,"views":15,"p1id":"d0ublej","p2id":"gothampaladin","formatid":"gen7ou","rating":0,"private":0,"password":null}