{"id":"smogtours-gen7ou-618788","p1":"Ayante","p2":"Zaza Bitchulia","format":"gen7ou","log":"|inactive|Battle timer is ON: inactive players will automatically lose when time's up.\n|t:|1649614127\n|gametype|singles\n|player|p1|Ayante|gentleman-gen4|\n|player|p2|Zaza Bitchulia|blaine|\n|teamsize|p1|6\n|teamsize|p2|6\n|gen|7\n|tier|[Gen 7] OU\n|rule|Sleep Clause Mod: Limit one foe put to sleep\n|rule|Species Clause: Limit one of each Pok\u00e9mon\n|rule|OHKO Clause: OHKO moves are banned\n|rule|Moody Clause: Moody is banned\n|rule|Evasion Moves Clause: Evasion moves are banned\n|rule|Endless Battle Clause: Forcing endless battles is banned\n|rule|HP Percentage Mod: HP is shown in percentages\n|clearpoke\n|poke|p1|Latias, F|item\n|poke|p1|Weavile, M|item\n|poke|p1|Skarmory, F|item\n|poke|p1|Chansey, F|item\n|poke|p1|Hippowdon, M|item\n|poke|p1|Magnezone|item\n|poke|p2|Torkoal, F|item\n|poke|p2|Camerupt, M|item\n|poke|p2|Stakataka|item\n|poke|p2|Hydreigon, F|item\n|poke|p2|Cresselia, F|item\n|poke|p2|Venusaur, F|item\n|teampreview\n|c|\u2606Zaza Bitchulia|hf\n|\n|t:|1649614150\n|start\n|switch|p1a: Hippowdon|Hippowdon, M|100\/100\n|switch|p2a: Torkoal|Torkoal, F|100\/100\n|-weather|Sandstorm|[from] ability: Sand Stream|[of] p1a: Hippowdon\n|-weather|SunnyDay|[from] ability: Drought|[of] p2a: Torkoal\n|turn|1\n|\n|t:|1649614156\n|move|p1a: Hippowdon|Stealth Rock|p2a: Torkoal\n|-sidestart|p2: Zaza Bitchulia|move: Stealth Rock\n|move|p2a: Torkoal|Toxic|p1a: Hippowdon\n|-status|p1a: Hippowdon|tox\n|\n|-weather|SunnyDay|[upkeep]\n|-damage|p1a: Hippowdon|94\/100 tox|[from] psn\n|upkeep\n|turn|2\n|\n|t:|1649614159\n|switch|p2a: Stakataka|Stakataka|100\/100\n|-damage|p2a: Stakataka|94\/100|[from] Stealth Rock\n|move|p1a: Hippowdon|Earthquake|p2a: Stakataka\n|-supereffective|p2a: Stakataka\n|-damage|p2a: Stakataka|0 fnt\n|faint|p2a: Stakataka\n|\n|-weather|SunnyDay|[upkeep]\n|-damage|p1a: Hippowdon|82\/100 tox|[from] psn\n|upkeep\n|\n|t:|1649614162\n|switch|p2a: Venusaur|Venusaur, F|100\/100\n|-damage|p2a: Venusaur|88\/100|[from] Stealth Rock\n|turn|3\n|\n|t:|1649614177\n|switch|p1a: Latias|Latias, F|100\/100\n|move|p2a: Venusaur|Growth|p2a: Venusaur\n|-boost|p2a: Venusaur|atk|2\n|-boost|p2a: Venusaur|spa|2\n|\n|-weather|SunnyDay|[upkeep]\n|upkeep\n|turn|4\n|\n|t:|1649614184\n|detailschange|p1a: Latias|Latias-Mega, F\n|-mega|p1a: Latias|Latias|Latiasite\n|-zpower|p2a: Venusaur\n|move|p2a: Venusaur|Acid Downpour|p1a: Latias|[zeffect]\n|-damage|p1a: Latias|0 fnt\n|faint|p1a: Latias\n|\n|-weather|SunnyDay|[upkeep]\n|upkeep\n|\n|t:|1649614194\n|switch|p1a: Hippowdon|Hippowdon, M|82\/100 tox\n|-weather|Sandstorm|[from] ability: Sand Stream|[of] p1a: Hippowdon\n|turn|5\n|\n|t:|1649614201\n|switch|p1a: Chansey|Chansey, F|100\/100\n|move|p2a: Venusaur|Giga Drain|p1a: Chansey\n|-damage|p1a: Chansey|81\/100\n|-heal|p2a: Venusaur|100\/100|[from] drain|[of] p1a: Chansey\n|\n|-weather|Sandstorm|[upkeep]\n|-damage|p2a: Venusaur|95\/100|[from] Sandstorm\n|-damage|p1a: Chansey|75\/100|[from] Sandstorm\n|upkeep\n|turn|6\n|\n|t:|1649614204\n|move|p2a: Venusaur|Growth|p2a: Venusaur\n|-boost|p2a: Venusaur|atk|1\n|-boost|p2a: Venusaur|spa|1\n|move|p1a: Chansey|Soft-Boiled|p1a: Chansey\n|-heal|p1a: Chansey|100\/100\n|\n|-weather|Sandstorm|[upkeep]\n|-damage|p2a: Venusaur|89\/100|[from] Sandstorm\n|-damage|p1a: Chansey|94\/100|[from] Sandstorm\n|upkeep\n|turn|7\n|\n|t:|1649614212\n|switch|p1a: Skarmory|Skarmory, F|100\/100\n|move|p2a: Venusaur|Growth|p2a: Venusaur\n|-boost|p2a: Venusaur|atk|1\n|-boost|p2a: Venusaur|spa|1\n|\n|-weather|Sandstorm|[upkeep]\n|-damage|p2a: Venusaur|83\/100|[from] Sandstorm\n|upkeep\n|turn|8\n|\n|t:|1649614217\n|switch|p2a: Hydreigon|Hydreigon, F|100\/100\n|-damage|p2a: Hydreigon|88\/100|[from] Stealth Rock\n|move|p1a: Skarmory|Brave Bird|p2a: Hydreigon\n|-damage|p2a: Hydreigon|54\/100\n|-damage|p1a: Skarmory|88\/100|[from] Recoil\n|\n|-weather|Sandstorm|[upkeep]\n|-damage|p2a: Hydreigon|48\/100|[from] Sandstorm\n|-heal|p2a: Hydreigon|54\/100|[from] item: Leftovers\n|upkeep\n|turn|9\n|\n|t:|1649614220\n|switch|p1a: Chansey|Chansey, F|94\/100\n|move|p2a: Hydreigon|Defog|p1a: Chansey\n|-unboost|p1a: Chansey|evasion|1\n|-sideend|p2: Zaza Bitchulia|Stealth Rock|[from] move: Defog|[of] p2a: Hydreigon\n|\n|-weather|none\n|-heal|p2a: Hydreigon|61\/100|[from] item: Leftovers\n|upkeep\n|turn|10\n|\n|t:|1649614228\n|switch|p2a: Torkoal|Torkoal, F|100\/100\n|-weather|SunnyDay|[from] ability: Drought|[of] p2a: Torkoal\n|move|p1a: Chansey|Toxic|p2a: Torkoal\n|-status|p2a: Torkoal|tox\n|\n|-weather|SunnyDay|[upkeep]\n|-damage|p2a: Torkoal|94\/100 tox|[from] psn\n|upkeep\n|turn|11\n|\n|t:|1649614234\n|switch|p1a: Hippowdon|Hippowdon, M|82\/100 tox\n|-weather|Sandstorm|[from] ability: Sand Stream|[of] p1a: Hippowdon\n|switch|p2a: Camerupt|Camerupt, M|100\/100\n|\n|-weather|Sandstorm|[upkeep]\n|-damage|p1a: Hippowdon|76\/100 tox|[from] psn\n|upkeep\n|turn|12\n|\n|t:|1649614240\n|switch|p1a: Chansey|Chansey, F|94\/100\n|switch|p2a: Torkoal|Torkoal, F|94\/100 tox\n|-weather|SunnyDay|[from] ability: Drought|[of] p2a: Torkoal\n|\n|-weather|SunnyDay|[upkeep]\n|-damage|p2a: Torkoal|88\/100 tox|[from] psn\n|upkeep\n|turn|13\n|\n|t:|1649614245\n|switch|p1a: Hippowdon|Hippowdon, M|76\/100 tox\n|-weather|Sandstorm|[from] ability: Sand Stream|[of] p1a: Hippowdon\n|switch|p2a: Camerupt|Camerupt, M|100\/100\n|\n|-weather|Sandstorm|[upkeep]\n|-damage|p1a: Hippowdon|69\/100 tox|[from] psn\n|upkeep\n|turn|14\n|\n|t:|1649614251\n|switch|p1a: Chansey|Chansey, F|94\/100\n|detailschange|p2a: Camerupt|Camerupt-Mega, M\n|-mega|p2a: Camerupt|Camerupt|Cameruptite\n|move|p2a: Camerupt|Fire Blast|p1a: Chansey\n|-damage|p1a: Chansey|70\/100\n|\n|-weather|Sandstorm|[upkeep]\n|-damage|p1a: Chansey|64\/100|[from] Sandstorm\n|upkeep\n|turn|15\n|\n|t:|1649614256\n|switch|p2a: Torkoal|Torkoal, F|88\/100 tox\n|-weather|SunnyDay|[from] ability: Drought|[of] p2a: Torkoal\n|move|p1a: Chansey|Soft-Boiled|p1a: Chansey\n|-heal|p1a: Chansey|100\/100\n|\n|-weather|SunnyDay|[upkeep]\n|-damage|p2a: Torkoal|82\/100 tox|[from] psn\n|upkeep\n|turn|16\n|\n|t:|1649614259\n|switch|p2a: Camerupt|Camerupt-Mega, M|100\/100\n|move|p1a: Chansey|Seismic Toss|p2a: Camerupt\n|-damage|p2a: Camerupt|71\/100\n|\n|-weather|SunnyDay|[upkeep]\n|upkeep\n|turn|17\n|\n|t:|1649614262\n|move|p1a: Chansey|Toxic|p2a: Camerupt\n|-status|p2a: Camerupt|tox\n|move|p2a: Camerupt|Growth|p2a: Camerupt\n|-boost|p2a: Camerupt|atk|2\n|-boost|p2a: Camerupt|spa|2\n|\n|-weather|SunnyDay|[upkeep]\n|-damage|p2a: Camerupt|65\/100 tox|[from] psn\n|upkeep\n|turn|18\n|\n|t:|1649614278\n|move|p1a: Chansey|Soft-Boiled||[still]\n|-fail|p1a: Chansey|heal\n|move|p2a: Camerupt|Fire Blast|p1a: Chansey\n|-damage|p1a: Chansey|24\/100\n|\n|-weather|SunnyDay|[upkeep]\n|-damage|p2a: Camerupt|53\/100 tox|[from] psn\n|upkeep\n|turn|19\n|\n|t:|1649614302\n|move|p1a: Chansey|Soft-Boiled|p1a: Chansey\n|-heal|p1a: Chansey|74\/100\n|move|p2a: Camerupt|Fire Blast|p1a: Chansey\n|-damage|p1a: Chansey|7\/100\n|\n|-weather|SunnyDay|[upkeep]\n|-damage|p2a: Camerupt|35\/100 tox|[from] psn\n|upkeep\n|turn|20\n|\n|t:|1649614311\n|move|p1a: Chansey|Seismic Toss|p2a: Camerupt\n|-damage|p2a: Camerupt|5\/100 tox\n|move|p2a: Camerupt|Fire Blast|p1a: Chansey\n|-damage|p1a: Chansey|0 fnt\n|faint|p1a: Chansey\n|\n|-weather|SunnyDay|[upkeep]\n|-damage|p2a: Camerupt|0 fnt|[from] psn\n|faint|p2a: Camerupt\n|upkeep\n|\n|t:|1649614319\n|switch|p1a: Weavile|Weavile, M|100\/100\n|switch|p2a: Torkoal|Torkoal, F|82\/100 tox\n|-ability|p1a: Weavile|Pressure\n|turn|21\n|\n|t:|1649614325\n|switch|p1a: Hippowdon|Hippowdon, M|69\/100 tox\n|-weather|Sandstorm|[from] ability: Sand Stream|[of] p1a: Hippowdon\n|switch|p2a: Hydreigon|Hydreigon, F|61\/100\n|\n|-weather|Sandstorm|[upkeep]\n|-damage|p2a: Hydreigon|54\/100|[from] Sandstorm\n|-heal|p2a: Hydreigon|61\/100|[from] item: Leftovers\n|-damage|p1a: Hippowdon|63\/100 tox|[from] psn\n|upkeep\n|turn|22\n|\n|t:|1649614342\n|switch|p1a: Skarmory|Skarmory, F|88\/100\n|move|p2a: Hydreigon|Draco Meteor|p1a: Skarmory\n|-resisted|p1a: Skarmory\n|-damage|p1a: Skarmory|52\/100\n|-unboost|p2a: Hydreigon|spa|2\n|\n|-weather|Sandstorm|[upkeep]\n|-damage|p2a: Hydreigon|54\/100|[from] Sandstorm\n|-heal|p2a: Hydreigon|61\/100|[from] item: Leftovers\n|upkeep\n|turn|23\n|\n|t:|1649614345\n|switch|p2a: Torkoal|Torkoal, F|82\/100 tox\n|-weather|SunnyDay|[from] ability: Drought|[of] p2a: Torkoal\n|move|p1a: Skarmory|Spikes|p2a: Torkoal\n|-sidestart|p2: Zaza Bitchulia|Spikes\n|\n|-weather|SunnyDay|[upkeep]\n|-damage|p2a: Torkoal|76\/100 tox|[from] psn\n|upkeep\n|turn|24\n|\n|t:|1649614351\n|switch|p1a: Hippowdon|Hippowdon, M|63\/100 tox\n|-weather|Sandstorm|[from] ability: Sand Stream|[of] p1a: Hippowdon\n|switch|p2a: Hydreigon|Hydreigon, F|61\/100\n|\n|-weather|Sandstorm|[upkeep]\n|-damage|p2a: Hydreigon|54\/100|[from] Sandstorm\n|-heal|p2a: Hydreigon|61\/100|[from] item: Leftovers\n|-damage|p1a: Hippowdon|57\/100 tox|[from] psn\n|upkeep\n|turn|25\n|\n|t:|1649614377\n|switch|p1a: Weavile|Weavile, M|100\/100\n|-ability|p1a: Weavile|Pressure\n|move|p2a: Hydreigon|Defog|p1a: Weavile\n|-unboost|p1a: Weavile|evasion|1\n|-sideend|p2: Zaza Bitchulia|Spikes|[from] move: Defog|[of] p2a: Hydreigon\n|\n|-weather|Sandstorm|[upkeep]\n|-damage|p1a: Weavile|94\/100|[from] Sandstorm\n|-damage|p2a: Hydreigon|54\/100|[from] Sandstorm\n|-heal|p2a: Hydreigon|61\/100|[from] item: Leftovers\n|upkeep\n|turn|26\n|\n|t:|1649614387\n|move|p1a: Weavile|Knock Off|p2a: Hydreigon\n|-resisted|p2a: Hydreigon\n|-damage|p2a: Hydreigon|28\/100\n|-enditem|p2a: Hydreigon|Leftovers|[from] move: Knock Off|[of] p1a: Weavile\n|move|p2a: Hydreigon|Roost|p2a: Hydreigon\n|-heal|p2a: Hydreigon|78\/100\n|-singleturn|p2a: Hydreigon|move: Roost\n|\n|-weather|Sandstorm|[upkeep]\n|-damage|p1a: Weavile|88\/100|[from] Sandstorm\n|-damage|p2a: Hydreigon|72\/100|[from] Sandstorm\n|upkeep\n|turn|27\n|\n|t:|1649614396\n|switch|p1a: Magnezone|Magnezone|100\/100\n|switch|p2a: Torkoal|Torkoal, F|76\/100 tox\n|-weather|SunnyDay|[from] ability: Drought|[of] p2a: Torkoal\n|\n|-weather|SunnyDay|[upkeep]\n|-damage|p2a: Torkoal|70\/100 tox|[from] psn\n|upkeep\n|turn|28\n|\n|t:|1649614399\n|switch|p2a: Cresselia|Cresselia, F|100\/100\n|move|p1a: Magnezone|Substitute|p1a: Magnezone\n|-start|p1a: Magnezone|Substitute\n|-damage|p1a: Magnezone|76\/100\n|\n|-weather|SunnyDay|[upkeep]\n|upkeep\n|turn|29\n|\n|t:|1649614403\n|move|p1a: Magnezone|Thunderbolt|p2a: Cresselia\n|-damage|p2a: Cresselia|73\/100\n|move|p2a: Cresselia|Ice Beam|p1a: Magnezone\n|-resisted|p1a: Magnezone\n|-activate|p1a: Magnezone|move: Substitute|[damage]\n|\n|-weather|SunnyDay|[upkeep]\n|-heal|p2a: Cresselia|79\/100|[from] item: Leftovers\n|upkeep\n|turn|30\n|\n|t:|1649614408\n|move|p1a: Magnezone|Thunderbolt|p2a: Cresselia\n|-damage|p2a: Cresselia|53\/100\n|move|p2a: Cresselia|Ice Beam|p1a: Magnezone\n|-resisted|p1a: Magnezone\n|-activate|p1a: Magnezone|move: Substitute|[damage]\n|\n|-weather|SunnyDay|[upkeep]\n|-heal|p2a: Cresselia|59\/100|[from] item: Leftovers\n|upkeep\n|turn|31\n|\n|t:|1649614411\n|move|p1a: Magnezone|Thunderbolt|p2a: Cresselia\n|-damage|p2a: Cresselia|30\/100\n|move|p2a: Cresselia|Moonlight|p2a: Cresselia\n|-heal|p2a: Cresselia|96\/100\n|\n|-weather|SunnyDay|[upkeep]\n|-heal|p2a: Cresselia|100\/100|[from] item: Leftovers\n|upkeep\n|turn|32\n|\n|t:|1649614414\n|move|p1a: Magnezone|Thunderbolt|p2a: Cresselia\n|-damage|p2a: Cresselia|72\/100\n|move|p2a: Cresselia|Ice Beam|p1a: Magnezone\n|-resisted|p1a: Magnezone\n|-end|p1a: Magnezone|Substitute\n|\n|-weather|SunnyDay|[upkeep]\n|-heal|p2a: Cresselia|78\/100|[from] item: Leftovers\n|upkeep\n|turn|33\n|\n|t:|1649614417\n|move|p1a: Magnezone|Substitute|p1a: Magnezone\n|-start|p1a: Magnezone|Substitute\n|-damage|p1a: Magnezone|51\/100\n|move|p2a: Cresselia|Ice Beam|p1a: Magnezone\n|-resisted|p1a: Magnezone\n|-activate|p1a: Magnezone|move: Substitute|[damage]\n|\n|-weather|SunnyDay|[upkeep]\n|-heal|p2a: Cresselia|84\/100|[from] item: Leftovers\n|upkeep\n|turn|34\n|\n|t:|1649614419\n|move|p1a: Magnezone|Thunderbolt|p2a: Cresselia\n|-damage|p2a: Cresselia|57\/100\n|move|p2a: Cresselia|Ice Beam|p1a: Magnezone\n|-resisted|p1a: Magnezone\n|-activate|p1a: Magnezone|move: Substitute|[damage]\n|\n|-weather|none\n|-heal|p2a: Cresselia|63\/100|[from] item: Leftovers\n|upkeep\n|turn|35\n|\n|t:|1649614422\n|move|p1a: Magnezone|Thunderbolt|p2a: Cresselia\n|-damage|p2a: Cresselia|36\/100\n|move|p2a: Cresselia|Moonlight|p2a: Cresselia\n|-heal|p2a: Cresselia|86\/100\n|\n|-heal|p2a: Cresselia|92\/100|[from] item: Leftovers\n|upkeep\n|turn|36\n|\n|t:|1649614425\n|move|p1a: Magnezone|Thunderbolt|p2a: Cresselia\n|-damage|p2a: Cresselia|62\/100\n|move|p2a: Cresselia|Ice Beam|p1a: Magnezone\n|-resisted|p1a: Magnezone\n|-end|p1a: Magnezone|Substitute\n|\n|-heal|p2a: Cresselia|68\/100|[from] item: Leftovers\n|upkeep\n|turn|37\n|\n|t:|1649614428\n|switch|p1a: Hippowdon|Hippowdon, M|57\/100 tox\n|-weather|Sandstorm|[from] ability: Sand Stream|[of] p1a: Hippowdon\n|move|p2a: Cresselia|Ice Beam|p1a: Hippowdon\n|-supereffective|p1a: Hippowdon\n|-damage|p1a: Hippowdon|19\/100 tox\n|\n|-weather|Sandstorm|[upkeep]\n|-damage|p2a: Cresselia|62\/100|[from] Sandstorm\n|-heal|p2a: Cresselia|68\/100|[from] item: Leftovers\n|-damage|p1a: Hippowdon|13\/100 tox|[from] psn\n|upkeep\n|turn|38\n|\n|t:|1649614431\n|switch|p1a: Weavile|Weavile, M|88\/100\n|-ability|p1a: Weavile|Pressure\n|move|p2a: Cresselia|Ice Beam|p1a: Weavile\n|-resisted|p1a: Weavile\n|-damage|p1a: Weavile|77\/100\n|\n|-weather|Sandstorm|[upkeep]\n|-damage|p1a: Weavile|71\/100|[from] Sandstorm\n|-damage|p2a: Cresselia|62\/100|[from] Sandstorm\n|-heal|p2a: Cresselia|68\/100|[from] item: Leftovers\n|upkeep\n|turn|39\n|\n|t:|1649614436\n|move|p1a: Weavile|Pursuit|p2a: Cresselia\n|-supereffective|p2a: Cresselia\n|-damage|p2a: Cresselia|35\/100\n|move|p2a: Cresselia|Moonlight|p2a: Cresselia\n|-heal|p2a: Cresselia|60\/100\n|\n|-weather|Sandstorm|[upkeep]\n|-damage|p1a: Weavile|65\/100|[from] Sandstorm\n|-damage|p2a: Cresselia|54\/100|[from] Sandstorm\n|-heal|p2a: Cresselia|60\/100|[from] item: Leftovers\n|upkeep\n|turn|40\n|\n|t:|1649614446\n|move|p1a: Weavile|Pursuit|p2a: Cresselia\n|-supereffective|p2a: Cresselia\n|-damage|p2a: Cresselia|24\/100\n|move|p2a: Cresselia|Moonlight|p2a: Cresselia\n|-heal|p2a: Cresselia|49\/100\n|\n|-weather|Sandstorm|[upkeep]\n|-damage|p1a: Weavile|59\/100|[from] Sandstorm\n|-damage|p2a: Cresselia|43\/100|[from] Sandstorm\n|-heal|p2a: Cresselia|49\/100|[from] item: Leftovers\n|upkeep\n|turn|41\n|\n|t:|1649614456\n|move|p1a: Weavile|Pursuit|p2a: Cresselia\n|-supereffective|p2a: Cresselia\n|-damage|p2a: Cresselia|12\/100\n|move|p2a: Cresselia|Moonlight|p2a: Cresselia\n|-heal|p2a: Cresselia|38\/100\n|\n|-weather|none\n|-heal|p2a: Cresselia|44\/100|[from] item: Leftovers\n|upkeep\n|turn|42\n|\n|t:|1649614459\n|move|p1a: Weavile|Pursuit|p2a: Cresselia\n|-supereffective|p2a: Cresselia\n|-damage|p2a: Cresselia|13\/100\n|move|p2a: Cresselia|Moonlight|p2a: Cresselia\n|-heal|p2a: Cresselia|63\/100\n|\n|-heal|p2a: Cresselia|69\/100|[from] item: Leftovers\n|upkeep\n|turn|43\n|\n|t:|1649614463\n|move|p1a: Weavile|Pursuit|p2a: Cresselia\n|-supereffective|p2a: Cresselia\n|-damage|p2a: Cresselia|35\/100\n|move|p2a: Cresselia|Moonlight|p2a: Cresselia\n|-heal|p2a: Cresselia|85\/100\n|\n|-heal|p2a: Cresselia|91\/100|[from] item: Leftovers\n|upkeep\n|turn|44\n|\n|t:|1649614469\n|move|p1a: Weavile|Pursuit|p2a: Cresselia\n|-supereffective|p2a: Cresselia\n|-damage|p2a: Cresselia|59\/100\n|move|p2a: Cresselia|Ice Beam|p1a: Weavile\n|-resisted|p1a: Weavile\n|-damage|p1a: Weavile|47\/100\n|\n|-heal|p2a: Cresselia|65\/100|[from] item: Leftovers\n|upkeep\n|turn|45\n|\n|t:|1649614478\n|move|p1a: Weavile|Pursuit|p2a: Cresselia\n|-supereffective|p2a: Cresselia\n|-damage|p2a: Cresselia|32\/100\n|move|p2a: Cresselia|Moonlight|p2a: Cresselia\n|-heal|p2a: Cresselia|82\/100\n|\n|-heal|p2a: Cresselia|88\/100|[from] item: Leftovers\n|upkeep\n|turn|46\n|\n|t:|1649614494\n|move|p1a: Weavile|Pursuit|p2a: Cresselia\n|-supereffective|p2a: Cresselia\n|-damage|p2a: Cresselia|55\/100\n|move|p2a: Cresselia|Ice Beam|p1a: Weavile\n|-resisted|p1a: Weavile\n|-damage|p1a: Weavile|36\/100\n|\n|-heal|p2a: Cresselia|61\/100|[from] item: Leftovers\n|upkeep\n|turn|47\n|\n|t:|1649614498\n|move|p1a: Weavile|Pursuit|p2a: Cresselia\n|-supereffective|p2a: Cresselia\n|-damage|p2a: Cresselia|25\/100\n|move|p2a: Cresselia|Lunar Dance|p2a: Cresselia\n|faint|p2a: Cresselia\n|\n|upkeep\n|\n|t:|1649614501\n|switch|p2a: Torkoal|Torkoal, F|70\/100 tox\n|-heal|p2a: Torkoal|100\/100|[from] move: Lunar Dance\n|-weather|SunnyDay|[from] ability: Drought|[of] p2a: Torkoal\n|turn|48\n|inactive|Ayante has 270 seconds left.\n|\n|t:|1649614548\n|switch|p1a: Skarmory|Skarmory, F|52\/100\n|switch|p2a: Venusaur|Venusaur, F|83\/100\n|\n|-weather|SunnyDay|[upkeep]\n|upkeep\n|turn|49\n|\n|t:|1649614555\n|move|p2a: Venusaur|Hidden Power|p1a: Skarmory\n|-supereffective|p1a: Skarmory\n|-damage|p1a: Skarmory|0 fnt\n|faint|p1a: Skarmory\n|\n|-weather|SunnyDay|[upkeep]\n|upkeep\n|\n|t:|1649614561\n|switch|p1a: Weavile|Weavile, M|36\/100\n|-ability|p1a: Weavile|Pressure\n|turn|50\n|\n|t:|1649614564\n|switch|p2a: Torkoal|Torkoal, F|100\/100\n|move|p1a: Weavile|Ice Shard|p2a: Torkoal\n|-resisted|p2a: Torkoal\n|-damage|p2a: Torkoal|92\/100\n|\n|-weather|SunnyDay|[upkeep]\n|upkeep\n|turn|51\n|\n|t:|1649614568\n|switch|p1a: Magnezone|Magnezone|51\/100\n|move|p2a: Torkoal|Lava Plume|p1a: Magnezone\n|-supereffective|p1a: Magnezone\n|-damage|p1a: Magnezone|0 fnt\n|faint|p1a: Magnezone\n|\n|-weather|SunnyDay|[upkeep]\n|upkeep\n|\n|t:|1649614571\n|switch|p1a: Hippowdon|Hippowdon, M|13\/100 tox\n|-weather|Sandstorm|[from] ability: Sand Stream|[of] p1a: Hippowdon\n|turn|52\n|\n|t:|1649614573\n|switch|p2a: Venusaur|Venusaur, F|83\/100\n|move|p1a: Hippowdon|Earthquake|p2a: Venusaur\n|-damage|p2a: Venusaur|36\/100\n|\n|-weather|Sandstorm|[upkeep]\n|-damage|p2a: Venusaur|30\/100|[from] Sandstorm\n|-damage|p1a: Hippowdon|7\/100 tox|[from] psn\n|upkeep\n|turn|53\n|\n|t:|1649614579\n|switch|p1a: Weavile|Weavile, M|36\/100\n|-ability|p1a: Weavile|Pressure\n|move|p2a: Venusaur|Giga Drain|p1a: Weavile\n|-damage|p1a: Weavile|0 fnt\n|-heal|p2a: Venusaur|46\/100|[from] drain|[of] p1a: Weavile\n|faint|p1a: Weavile\n|\n|-weather|Sandstorm|[upkeep]\n|-damage|p2a: Venusaur|40\/100|[from] Sandstorm\n|upkeep\n|\n|t:|1649614580\n|switch|p1a: Hippowdon|Hippowdon, M|7\/100 tox\n|turn|54\n|c|\u2606Zaza Bitchulia|gg\n|\n|t:|1649614586\n|move|p2a: Venusaur|Giga Drain|p1a: Hippowdon\n|-supereffective|p1a: Hippowdon\n|-damage|p1a: Hippowdon|0 fnt\n|-heal|p2a: Venusaur|45\/100|[from] drain|[of] p1a: Hippowdon\n|faint|p1a: Hippowdon\n|\n|win|Zaza Bitchulia\n","uploadtime":1649614587,"views":78,"p1id":"ayante","p2id":"zazabitchulia","formatid":"gen7ou","rating":0,"private":0,"password":null}