{"id":"smogtours-gen6ubers-628241","p1":"ckw","p2":"Raph369","format":"gen6ubers","log":"|inactive|Battle timer is ON: inactive players will automatically lose when time's up.\n|t:|1653512557\n|gametype|singles\n|player|p1|ckw|#wcop2021canada|\n|player|p2|Raph369|archer|\n|teamsize|p1|6\n|teamsize|p2|6\n|gen|6\n|tier|[Gen 6] Ubers\n|rule|Sleep Clause Mod: Limit one foe put to sleep\n|rule|Species Clause: Limit one of each Pok\u00e9mon\n|rule|OHKO Clause: OHKO moves are banned\n|rule|Moody Clause: Moody is banned\n|rule|Evasion Moves Clause: Evasion moves are banned\n|rule|Endless Battle Clause: Forcing endless battles is banned\n|rule|HP Percentage Mod: HP is shown in percentages\n|rule|Swagger Clause: Swagger is banned\n|rule|Mega Rayquaza Clause: You cannot mega evolve Rayquaza\n|clearpoke\n|poke|p1|Cloyster, M|item\n|poke|p1|Groudon|item\n|poke|p1|Mewtwo|item\n|poke|p1|Xerneas-*|item\n|poke|p1|Rayquaza|item\n|poke|p1|Arceus-*|item\n|poke|p2|Mewtwo|item\n|poke|p2|Groudon|item\n|poke|p2|Arceus-*|item\n|poke|p2|Yveltal|item\n|poke|p2|Cloyster, F|item\n|poke|p2|Xerneas-*|item\n|teampreview\n|c|\u2606Raph369|hf\n|c|\u2606ckw|hc\n|c|\u2606ckw|hf*\n|inactive|ckw has 270 seconds left.\n|\n|t:|1653512589\n|start\n|switch|p1a: Cloyster|Cloyster, M|100\/100\n|switch|p2a: Cloyster|Cloyster, F, shiny|100\/100\n|turn|1\n|\n|t:|1653512592\n|move|p2a: Cloyster|Shell Smash|p2a: Cloyster\n|-unboost|p2a: Cloyster|def|1\n|-unboost|p2a: Cloyster|spd|1\n|-boost|p2a: Cloyster|atk|2\n|-boost|p2a: Cloyster|spa|2\n|-boost|p2a: Cloyster|spe|2\n|move|p1a: Cloyster|Shell Smash|p1a: Cloyster\n|-unboost|p1a: Cloyster|def|1\n|-unboost|p1a: Cloyster|spd|1\n|-boost|p1a: Cloyster|atk|2\n|-boost|p1a: Cloyster|spa|2\n|-boost|p1a: Cloyster|spe|2\n|\n|upkeep\n|turn|2\n|\n|t:|1653512598\n|move|p1a: Cloyster|Shell Smash|p1a: Cloyster\n|-unboost|p1a: Cloyster|def|1\n|-unboost|p1a: Cloyster|spd|1\n|-boost|p1a: Cloyster|atk|2\n|-boost|p1a: Cloyster|spa|2\n|-boost|p1a: Cloyster|spe|2\n|move|p2a: Cloyster|Shell Smash|p2a: Cloyster\n|-unboost|p2a: Cloyster|def|1\n|-unboost|p2a: Cloyster|spd|1\n|-boost|p2a: Cloyster|atk|2\n|-boost|p2a: Cloyster|spa|2\n|-boost|p2a: Cloyster|spe|2\n|\n|upkeep\n|turn|3\n|inactive|ckw has 270 seconds left.\n|\n|t:|1653512651\n|move|p2a: Cloyster|Icicle Spear|p1a: Cloyster\n|-resisted|p1a: Cloyster\n|-damage|p1a: Cloyster|86\/100\n|-resisted|p1a: Cloyster\n|-damage|p1a: Cloyster|74\/100\n|-resisted|p1a: Cloyster\n|-damage|p1a: Cloyster|61\/100\n|-resisted|p1a: Cloyster\n|-damage|p1a: Cloyster|48\/100\n|-resisted|p1a: Cloyster\n|-damage|p1a: Cloyster|35\/100\n|-hitcount|p1a: Cloyster|5\n|move|p1a: Cloyster|Icicle Spear|p2a: Cloyster\n|-resisted|p2a: Cloyster\n|-crit|p2a: Cloyster\n|-damage|p2a: Cloyster|81\/100\n|-resisted|p2a: Cloyster\n|-damage|p2a: Cloyster|69\/100\n|-resisted|p2a: Cloyster\n|-damage|p2a: Cloyster|56\/100\n|-resisted|p2a: Cloyster\n|-damage|p2a: Cloyster|44\/100\n|-resisted|p2a: Cloyster\n|-damage|p2a: Cloyster|30\/100\n|-hitcount|p2a: Cloyster|5\n|\n|upkeep\n|turn|4\n|\n|t:|1653512662\n|move|p2a: Cloyster|Icicle Spear|p1a: Cloyster\n|-resisted|p1a: Cloyster\n|-damage|p1a: Cloyster|22\/100\n|-resisted|p1a: Cloyster\n|-crit|p1a: Cloyster\n|-damage|p1a: Cloyster|1\/100\n|-resisted|p1a: Cloyster\n|-damage|p1a: Cloyster|0 fnt\n|faint|p1a: Cloyster\n|-hitcount|p1: Cloyster|3\n|\n|upkeep\n|\n|t:|1653512663\n|switch|p1a: Rayquaza|Rayquaza|100\/100\n|-ability|p1a: Rayquaza|Air Lock\n|turn|5\n|\n|t:|1653512665\n|switch|p2a: Arceus|Arceus-Ghost|100\/100\n|move|p1a: Rayquaza|Extreme Speed|p2a: Arceus\n|-immune|p2a: Arceus\n|\n|upkeep\n|turn|6\n|\n|t:|1653512673\n|move|p2a: Arceus|Swords Dance|p2a: Arceus\n|-boost|p2a: Arceus|atk|2\n|move|p1a: Rayquaza|Dragon Dance|p1a: Rayquaza\n|-boost|p1a: Rayquaza|atk|1\n|-boost|p1a: Rayquaza|spe|1\n|\n|upkeep\n|turn|7\n|c|\u2606Raph369|uuh\n|c|\u2606Raph369|oh z moves doesn't ewist\n|c|\u2606Raph369|exist\n|inactive|Raph369 has 270 seconds left.\n|inactive|Raph369 has 240 seconds left.\n|\n|t:|1653512736\n|move|p1a: Rayquaza|Dragon Ascent|p2a: Arceus\n|-damage|p2a: Arceus|10\/100\n|-unboost|p1a: Rayquaza|def|1\n|-unboost|p1a: Rayquaza|spd|1\n|move|p2a: Arceus|Shadow Force||[still]\n|-prepare|p2a: Arceus|Shadow Force\n|\n|upkeep\n|turn|8\n|\n|t:|1653512764\n|move|p1a: Rayquaza|Extreme Speed|p2a: Arceus|[miss]\n|-miss|p1a: Rayquaza|p2a: Arceus\n|move|p2a: Arceus|Shadow Force|p1a: Rayquaza|[from]lockedmove\n|-enditem|p1a: Rayquaza|Focus Sash\n|-damage|p1a: Rayquaza|1\/100\n|\n|upkeep\n|turn|9\n|\n|t:|1653512776\n|switch|p1a: Arceus|Arceus-Ghost|100\/100\n|move|p2a: Arceus|Extreme Speed|p1a: Arceus\n|-immune|p1a: Arceus\n|\n|upkeep\n|turn|10\n|\n|t:|1653512791\n|switch|p2a: Cloyster|Cloyster, F, shiny|30\/100\n|move|p1a: Arceus|Shadow Force||[still]\n|-prepare|p1a: Arceus|Shadow Force\n|\n|upkeep\n|turn|11\n|\n|t:|1653512796\n|move|p1a: Arceus|Shadow Force|p2a: Cloyster|[from]lockedmove\n|-damage|p2a: Cloyster|0 fnt\n|faint|p2a: Cloyster\n|\n|upkeep\n|inactive|Raph369 has 270 seconds left.\n|\n|t:|1653512804\n|switch|p2a: Yveltal|Yveltal|100\/100\n|-ability|p2a: Yveltal|Dark Aura\n|turn|12\n|\n|t:|1653512807\n|switch|p1a: Rayquaza|Rayquaza|1\/100\n|-ability|p1a: Rayquaza|Air Lock\n|move|p2a: Yveltal|Dark Pulse|p1a: Rayquaza\n|-damage|p1a: Rayquaza|0 fnt\n|faint|p1a: Rayquaza\n|-damage|p2a: Yveltal|91\/100|[from] item: Life Orb\n|\n|upkeep\n|\n|t:|1653512810\n|switch|p1a: Xerneas|Xerneas|100\/100\n|-ability|p1a: Xerneas|Fairy Aura\n|turn|13\n|\n|t:|1653512813\n|move|p2a: Yveltal|Knock Off|p1a: Xerneas\n|-resisted|p1a: Xerneas\n|-damage|p1a: Xerneas|70\/100\n|-enditem|p1a: Xerneas|Power Herb|[from] move: Knock Off|[of] p2a: Yveltal\n|-damage|p2a: Yveltal|81\/100|[from] item: Life Orb\n|move|p1a: Xerneas|Moonblast|p2a: Yveltal\n|-supereffective|p2a: Yveltal\n|-damage|p2a: Yveltal|0 fnt\n|faint|p2a: Yveltal\n|\n|upkeep\n|\n|t:|1653512829\n|switch|p2a: Groudon|Groudon|100\/100\n|detailschange|p2a: Groudon|Groudon-Primal\n|-primal|p2a: Groudon\n|-weather|DesolateLand|[from] ability: Desolate Land|[of] p2a: Groudon\n|turn|14\n|\n|t:|1653512838\n|move|p1a: Xerneas|Moonblast|p2a: Groudon\n|-resisted|p2a: Groudon\n|-damage|p2a: Groudon|74\/100\n|move|p2a: Groudon|Stealth Rock|p1a: Xerneas\n|-sidestart|p1: ckw|move: Stealth Rock\n|\n|-weather|DesolateLand|[upkeep]\n|upkeep\n|turn|15\n|\n|t:|1653512843\n|move|p1a: Xerneas|Moonblast|p2a: Groudon\n|-resisted|p2a: Groudon\n|-damage|p2a: Groudon|50\/100\n|move|p2a: Groudon|Precipice Blades|p1a: Xerneas|[miss]\n|-miss|p2a: Groudon|p1a: Xerneas\n|\n|-weather|DesolateLand|[upkeep]\n|upkeep\n|turn|16\n|\n|t:|1653512846\n|move|p1a: Xerneas|Moonblast|p2a: Groudon\n|-resisted|p2a: Groudon\n|-damage|p2a: Groudon|26\/100\n|move|p2a: Groudon|Lava Plume|p1a: Xerneas\n|-damage|p1a: Xerneas|25\/100\n|\n|-weather|DesolateLand|[upkeep]\n|upkeep\n|turn|17\n|\n|t:|1653512850\n|move|p1a: Xerneas|Moonblast|p2a: Groudon\n|-resisted|p2a: Groudon\n|-damage|p2a: Groudon|0 fnt\n|faint|p2a: Groudon\n|-weather|none\n|\n|upkeep\n|\n|t:|1653512856\n|switch|p2a: Mewtwo|Mewtwo|100\/100\n|-ability|p2a: Mewtwo|Unnerve\n|turn|18\n|\n|t:|1653512860\n|detailschange|p2a: Mewtwo|Mewtwo-Mega-Y\n|-mega|p2a: Mewtwo|Mewtwo|Mewtwonite Y\n|move|p2a: Mewtwo|Psystrike|p1a: Xerneas\n|-damage|p1a: Xerneas|0 fnt\n|faint|p1a: Xerneas\n|\n|upkeep\n|\n|t:|1653512865\n|switch|p1a: Arceus|Arceus-Ghost|100\/100\n|-damage|p1a: Arceus|88\/100|[from] Stealth Rock\n|turn|19\n|\n|t:|1653512870\n|move|p2a: Mewtwo|Psystrike|p1a: Arceus\n|-damage|p1a: Arceus|30\/100\n|move|p1a: Arceus|Shadow Force||[still]\n|-prepare|p1a: Arceus|Shadow Force\n|\n|upkeep\n|turn|20\n|\n|t:|1653512881\n|switch|p2a: Arceus|Arceus-Ghost|10\/100\n|move|p1a: Arceus|Shadow Force|p2a: Arceus|[from]lockedmove\n|-supereffective|p2a: Arceus\n|-damage|p2a: Arceus|0 fnt\n|faint|p2a: Arceus\n|\n|upkeep\n|inactive|Raph369 has 270 seconds left.\n|inactive|Raph369 has 240 seconds left.\n|inactive|Raph369 has 210 seconds left.\n|\n|t:|1653512967\n|switch|p2a: Mewtwo|Mewtwo-Mega-Y|100\/100\n|turn|21\n|\n|t:|1653512982\n|move|p1a: Arceus|Extreme Speed|p2a: Mewtwo\n|-damage|p2a: Mewtwo|64\/100\n|move|p2a: Mewtwo|Psystrike|p1a: Arceus\n|-damage|p1a: Arceus|0 fnt\n|faint|p1a: Arceus\n|\n|upkeep\n|\n|t:|1653512984\n|switch|p1a: Mewtwo|Mewtwo|100\/100\n|-damage|p1a: Mewtwo|88\/100|[from] Stealth Rock\n|-ability|p1a: Mewtwo|Pressure\n|turn|22\n|inactive|ckw has 270 seconds left.\n|\n|t:|1653513014\n|detailschange|p1a: Mewtwo|Mewtwo-Mega-Y\n|-mega|p1a: Mewtwo|Mewtwo|Mewtwonite Y\n|move|p2a: Mewtwo|Ice Beam|p1a: Mewtwo\n|-damage|p1a: Mewtwo|55\/100\n|move|p1a: Mewtwo|Psystrike|p2a: Mewtwo\n|-resisted|p2a: Mewtwo\n|-damage|p2a: Mewtwo|21\/100\n|\n|upkeep\n|turn|23\n|inactive|Raph369 has 240 seconds left.\n|\n|t:|1653513022\n|move|p2a: Mewtwo|Psystrike|p1a: Mewtwo\n|-resisted|p1a: Mewtwo\n|-damage|p1a: Mewtwo|11\/100\n|move|p1a: Mewtwo|Psystrike|p2a: Mewtwo\n|-resisted|p2a: Mewtwo\n|-damage|p2a: Mewtwo|0 fnt\n|faint|p2a: Mewtwo\n|\n|upkeep\n|\n|t:|1653513024\n|switch|p2a: Xerneas|Xerneas|100\/100\n|-ability|p2a: Xerneas|Fairy Aura\n|turn|24\n|\n|t:|1653513026\n|move|p1a: Mewtwo|Taunt|p2a: Xerneas\n|-start|p2a: Xerneas|move: Taunt\n|cant|p2a: Xerneas|move: Taunt|Geomancy\n|\n|upkeep\n|turn|25\n|\n|t:|1653513028\n|move|p1a: Mewtwo|Psystrike|p2a: Xerneas\n|-damage|p2a: Xerneas|39\/100\n|move|p2a: Xerneas|Moonblast|p1a: Mewtwo\n|-damage|p1a: Mewtwo|0 fnt\n|faint|p1a: Mewtwo\n|\n|upkeep\n|\n|t:|1653513030\n|switch|p1a: Groudon|Groudon|100\/100\n|-damage|p1a: Groudon|94\/100|[from] Stealth Rock\n|detailschange|p1a: Groudon|Groudon-Primal\n|-primal|p1a: Groudon\n|-weather|DesolateLand|[from] ability: Desolate Land|[of] p1a: Groudon\n|turn|26\n|\n|t:|1653513032\n|move|p2a: Xerneas|Moonblast|p1a: Groudon\n|-resisted|p1a: Groudon\n|-damage|p1a: Groudon|61\/100\n|-unboost|p1a: Groudon|spa|1\n|move|p1a: Groudon|Fire Punch|p2a: Xerneas\n|-damage|p2a: Xerneas|0 fnt\n|faint|p2a: Xerneas\n|\n|win|ckw\n|c|\u2606ckw|gg\n|c|\u2606Raph369|gg\n","uploadtime":1653513033,"views":342,"p1id":"ckw","p2id":"raph369","formatid":"gen6ubers","rating":0,"private":0,"password":null}