{"id":"smogtours-gen8doublesou-656093","p1":"ratpacker","p2":"EVERYOPPSHOT","format":"gen8doublesou","log":"|inactive|Battle timer is ON: inactive players will automatically lose when time's up.\n|t:|1666380906\n|gametype|doubles\n|player|p1|ratpacker|twins|\n|player|p2|EVERYOPPSHOT|wallace-gen3|\n|teamsize|p1|6\n|teamsize|p2|6\n|gen|8\n|tier|[Gen 8] Doubles OU\n|rule|Species Clause: Limit one of each Pok\u00e9mon\n|rule|OHKO Clause: OHKO moves are banned\n|rule|Evasion Moves Clause: Evasion moves are banned\n|rule|Gravity Sleep Clause: The combination of sleep-inducing moves with imperfect accuracy and Gravity or Gigantamax Orbeetle are banned\n|rule|Endless Battle Clause: Forcing endless battles is banned\n|rule|HP Percentage Mod: HP is shown in percentages\n|rule|Dynamax Clause: You cannot dynamax\n|rule|Swagger Clause: Swagger is banned\n|clearpoke\n|poke|p1|Tapu Fini|\n|poke|p1|Porygon2|\n|poke|p1|Incineroar, F|\n|poke|p1|Zygarde|\n|poke|p1|Mew|\n|poke|p1|Lurantis, F|\n|poke|p2|Ninetales-Alola, M|\n|poke|p2|Kyurem-Black|\n|poke|p2|Mew|\n|poke|p2|Tapu Koko|\n|poke|p2|Regieleki|\n|poke|p2|Tsareena, F|\n|teampreview\n|c|\u2606EVERYOPPSHOT|gl\n|c|\u2606ratpacker|gl\n|inactive|ratpacker has 270 seconds left.\n|inactive|EVERYOPPSHOT has 270 seconds left.\n|inactive|ratpacker has 240 seconds left.\n|inactive|ratpacker has 210 seconds left.\n|c|+Lemurro|majors?\n|c|\u2606ratpacker|y\n|inactive|ratpacker has 180 seconds left.\n|inactive|ratpacker has 150 seconds left.\n|\n|t:|1666381072\n|start\n|switch|p1a: Breathing in|Incineroar, F|100\/100\n|switch|p1b: In technolife|Porygon2|100\/100\n|switch|p2a: Mew|Mew|100\/100\n|switch|p2b: Tsareena|Tsareena, F|100\/100\n|-ability|p1a: Breathing in|Intimidate|boost\n|-unboost|p2a: Mew|atk|1\n|-unboost|p2b: Tsareena|atk|1\n|-ability|p1b: In technolife|Download|boost\n|-boost|p1b: In technolife|spa|1\n|turn|1\n|inactive|ratpacker has 210 seconds left.\n|inactive|EVERYOPPSHOT has 270 seconds left.\n|inactive|ratpacker has 180 seconds left.\n|\n|t:|1666381126\n|switch|p2a: Tapu Koko|Tapu Koko|100\/100\n|-fieldstart|move: Electric Terrain|[from] ability: Electric Surge|[of] p2a: Tapu Koko\n|switch|p1b: Luranium|Lurantis, F|100\/100\n|move|p2b: Tsareena|Taunt|p1b: Luranium\n|-start|p1b: Luranium|move: Taunt\n|move|p1a: Breathing in|Flare Blitz|p2b: Tsareena\n|-supereffective|p2b: Tsareena\n|-damage|p2b: Tsareena|0 fnt\n|faint|p2b: Tsareena\n|-damage|p1a: Breathing in|71\/100|[from] Recoil\n|\n|upkeep\n|inactive|EVERYOPPSHOT has 270 seconds left.\n|\n|t:|1666381136\n|switch|p2b: Regieleki|Regieleki|100\/100\n|turn|2\n|inactive|EVERYOPPSHOT has 270 seconds left.\n|\n|t:|1666381160\n|move|p2b: Regieleki|Rising Voltage|p1b: Luranium\n|-hint|Rising Voltage's BP doubled on grounded target.\n|-resisted|p1b: Luranium\n|-damage|p1b: Luranium|4\/100\n|move|p2a: Tapu Koko|U-turn|p1b: Luranium\n|-supereffective|p1b: Luranium\n|-damage|p1b: Luranium|0 fnt\n|faint|p1b: Luranium\n|inactive|EVERYOPPSHOT has 270 seconds left.\n|\n|t:|1666381167\n|switch|p2a: Mew|Mew|100\/100|[from]move: U-turn\n|move|p1a: Breathing in|Parting Shot|p2a: Mew\n|-unboost|p2a: Mew|atk|1\n|-unboost|p2a: Mew|spa|1\n|inactive|ratpacker has 180 seconds left.\n|\n|t:|1666381186\n|switch|p1a: In technolife|Porygon2|100\/100|[from]move: Parting Shot\n|-ability|p1a: In technolife|Download|boost\n|-boost|p1a: In technolife|spa|1\n|\n|upkeep\n|inactive|ratpacker has 180 seconds left.\n|\n|t:|1666381194\n|switch|p1b: Moan|Mew|100\/100\n|turn|3\n|\n|t:|1666381206\n|move|p1b: Moan|Fake Out|p2b: Regieleki\n|-damage|p2b: Regieleki|84\/100\n|move|p2a: Mew|Fake Out|p1b: Moan\n|-damage|p1b: Moan|95\/100\n|cant|p2b: Regieleki|flinch\n|move|p1a: In technolife|Ice Beam|p2b: Regieleki\n|-damage|p2b: Regieleki|7\/100\n|\n|upkeep\n|turn|4\n|inactive|ratpacker has 210 seconds left.\n|\n|t:|1666381232\n|switch|p2b: Kyurem|Kyurem-Black|100\/100\n|-ability|p2b: Kyurem|Teravolt\n|switch|p2a: Ninetales|Ninetales-Alola, M|100\/100\n|-weather|Hail|[from] ability: Snow Warning|[of] p2a: Ninetales\n|move|p1b: Moan|Psychic|p2b: Kyurem\n|-damage|p2b: Kyurem|65\/100\n|move|p1a: In technolife|Trick Room|p1a: In technolife\n|-fieldstart|move: Trick Room|[of] p1a: In technolife\n|\n|-weather|Hail|[upkeep]\n|-damage|p1a: In technolife|94\/100|[from] Hail\n|-damage|p1b: Moan|89\/100|[from] Hail\n|upkeep\n|turn|5\n|inactive|ratpacker has 210 seconds left.\n|\n|t:|1666381264\n|move|p1a: In technolife|Ice Beam|p2b: Kyurem\n|-damage|p2b: Kyurem|26\/100\n|move|p2b: Kyurem|Blizzard|p1b: Moan|[spread] p1a,p1b\n|-damage|p1a: In technolife|65\/100\n|-damage|p1b: Moan|47\/100\n|-enditem|p1b: Moan|Sitrus Berry|[eat]\n|-heal|p1b: Moan|72\/100|[from] item: Sitrus Berry\n|move|p1b: Moan|Spikes|p2a: Ninetales\n|-sidestart|p2: EVERYOPPSHOT|Spikes\n|move|p2a: Ninetales|Aurora Veil|p2a: Ninetales\n|-sidestart|p2: EVERYOPPSHOT|move: Aurora Veil\n|\n|-weather|Hail|[upkeep]\n|-damage|p1a: In technolife|59\/100|[from] Hail\n|-damage|p1b: Moan|66\/100|[from] Hail\n|-fieldend|move: Electric Terrain\n|upkeep\n|turn|6\n|inactive|ratpacker has 210 seconds left.\n|\n|t:|1666381293\n|move|p2b: Kyurem|Protect|p2b: Kyurem\n|-singleturn|p2b: Kyurem|Protect\n|move|p1a: In technolife|Recover|p1a: In technolife\n|-heal|p1a: In technolife|100\/100\n|move|p1b: Moan|Psychic|p2b: Kyurem\n|-activate|p2b: Kyurem|move: Protect\n|move|p2a: Ninetales|Blizzard|p1a: In technolife|[spread] p1a,p1b\n|-damage|p1a: In technolife|82\/100\n|-damage|p1b: Moan|36\/100\n|\n|-weather|Hail|[upkeep]\n|-damage|p1a: In technolife|76\/100|[from] Hail\n|-damage|p1b: Moan|30\/100|[from] Hail\n|upkeep\n|turn|7\n|\n|t:|1666381310\n|switch|p2b: Regieleki|Regieleki|7\/100\n|-damage|p2b: Regieleki|0 fnt|[from] Spikes\n|faint|p2b: Regieleki\n|move|p1a: In technolife|Ice Beam|p2a: Ninetales\n|-resisted|p2a: Ninetales\n|-damage|p2a: Ninetales|85\/100\n|move|p1b: Moan|Psychic|p2a: Ninetales\n|-damage|p2a: Ninetales|56\/100\n|move|p2a: Ninetales|Blizzard|p1b: Moan|[spread] p1a,p1b\n|-damage|p1a: In technolife|55\/100\n|-damage|p1b: Moan|0 fnt\n|faint|p1b: Moan\n|\n|-weather|Hail|[upkeep]\n|-damage|p1a: In technolife|49\/100|[from] Hail\n|upkeep\n|\n|t:|1666381333\n|switch|p1b: Breathing in|Incineroar, F|71\/100\n|switch|p2b: Mew|Mew|100\/100\n|-ability|p1b: Breathing in|Intimidate|boost\n|-unboost|p2a: Ninetales|atk|1\n|-unboost|p2b: Mew|atk|1\n|-damage|p2b: Mew|88\/100|[from] Spikes\n|turn|8\n|inactive|ratpacker has 240 seconds left.\n|\n|t:|1666381349\n|move|p2a: Ninetales|Protect|p2a: Ninetales\n|-singleturn|p2a: Ninetales|Protect\n|move|p1b: Breathing in|Fake Out|p2b: Mew\n|-damage|p2b: Mew|81\/100\n|cant|p2b: Mew|flinch\n|move|p1a: In technolife|Recover|p1a: In technolife\n|-heal|p1a: In technolife|99\/100\n|\n|-weather|none\n|-fieldend|move: Trick Room\n|upkeep\n|turn|9\n|\n|t:|1666381360\n|move|p2a: Ninetales|Encore|p1b: Breathing in\n|-start|p1b: Breathing in|Encore\n|move|p2b: Mew|Earth Power|p1b: Breathing in\n|-supereffective|p1b: Breathing in\n|-damage|p1b: Breathing in|34\/100\n|move|p1b: Breathing in|Fake Out||[still]\n|-hint|Fake Out only works on your first turn out.\n|-fail|p1b: Breathing in\n|move|p1a: In technolife|Trick Room|p1a: In technolife\n|-fieldstart|move: Trick Room|[of] p1a: In technolife\n|\n|upkeep\n|turn|10\n|\n|t:|1666381379\n|switch|p1b: The extreme|Tapu Fini|100\/100\n|-fieldstart|move: Misty Terrain|[from] ability: Misty Surge|[of] p1b: The extreme\n|move|p1a: In technolife|Thunderbolt|p2a: Ninetales\n|-damage|p2a: Ninetales|23\/100\n|move|p2b: Mew|Psychic|p1b: The extreme\n|-damage|p1b: The extreme|70\/100\n|move|p2a: Ninetales|Encore|p1a: In technolife\n|-start|p1a: In technolife|Encore\n|\n|-heal|p1b: The extreme|76\/100|[from] item: Leftovers\n|upkeep\n|turn|11\n|inactive|ratpacker has 270 seconds left.\n|\n|t:|1666381397\n|switch|p2a: Tapu Koko|Tapu Koko|100\/100\n|-damage|p2a: Tapu Koko|88\/100|[from] Spikes\n|-fieldstart|move: Electric Terrain|[from] ability: Electric Surge|[of] p2a: Tapu Koko\n|move|p1a: In technolife|Thunderbolt|p2a: Tapu Koko\n|-resisted|p2a: Tapu Koko\n|-damage|p2a: Tapu Koko|62\/100\n|move|p1b: The extreme|Calm Mind|p1b: The extreme\n|-boost|p1b: The extreme|spa|1\n|-boost|p1b: The extreme|spd|1\n|move|p2b: Mew|Psychic|p1b: The extreme\n|-damage|p1b: The extreme|56\/100\n|\n|-heal|p1b: The extreme|62\/100|[from] item: Leftovers\n|upkeep\n|turn|12\n|\n|t:|1666381413\n|move|p1a: In technolife|Thunderbolt|p2a: Tapu Koko\n|-resisted|p2a: Tapu Koko\n|-damage|p2a: Tapu Koko|36\/100\n|move|p1b: The extreme|Moonblast|p2a: Tapu Koko\n|-damage|p2a: Tapu Koko|0 fnt\n|faint|p2a: Tapu Koko\n|move|p2b: Mew|Psychic|p1a: In technolife\n|-damage|p1a: In technolife|79\/100\n|\n|-heal|p1b: The extreme|68\/100|[from] item: Leftovers\n|-sideend|p2: EVERYOPPSHOT|move: Aurora Veil\n|upkeep\n|\n|t:|1666381423\n|switch|p2a: Kyurem|Kyurem-Black|26\/100\n|-damage|p2a: Kyurem|14\/100|[from] Spikes\n|-ability|p2a: Kyurem|Teravolt\n|turn|13\n|c|\u2606EVERYOPPSHOT|gg\n|-message|EVERYOPPSHOT forfeited.\n|\n|win|ratpacker\n|c|\u2606ratpacker|gg\n|player|p2|EVERYOPPSHOT|wallace-gen3\n|player|p2|\n","uploadtime":1666381434,"views":23,"p1id":"ratpacker","p2id":"everyoppshot","formatid":"gen8doublesou","rating":0,"private":0,"password":null}