{"id":"smogtours-gen8lc-598500","p1":"tolstoy","p2":"robjr","format":"gen8lc","log":"|inactive|Battle timer is ON: inactive players will automatically lose when time's up.\n|t:|1639937853\n|gametype|singles\n|player|p1|tolstoy|dawn|\n|player|p2|robjr|lance|\n|teamsize|p1|6\n|teamsize|p2|6\n|gen|8\n|tier|[Gen 8] LC\n|rule|Sleep Clause Mod: Limit one foe put to sleep\n|rule|Species Clause: Limit one of each Pok\u00e9mon\n|rule|OHKO Clause: OHKO moves are banned\n|rule|Evasion Moves Clause: Evasion moves are banned\n|rule|Endless Battle Clause: Forcing endless battles is banned\n|rule|HP Percentage Mod: HP is shown in percentages\n|rule|Dynamax Clause: You cannot dynamax\n|clearpoke\n|poke|p1|Mienfoo, L5, F|\n|poke|p1|Pawniard, L5, F|\n|poke|p1|Porygon, L5|\n|poke|p1|Natu, L5, M|\n|poke|p1|Diglett, L5, F|\n|poke|p1|Mareanie, L5, F|\n|poke|p2|Mienfoo, L5, M|\n|poke|p2|Mudbray, L5, F|\n|poke|p2|Staryu, L5|\n|poke|p2|Koffing, L5, F|\n|poke|p2|Natu, L5, M|\n|poke|p2|Carvanha, L5, M|\n|teampreview\n|c|\u2606robjr|Hf\n|c|\u2606tolstoy|u2\n|inactive|tolstoy has 270 seconds left.\n|inactive|robjr has 270 seconds left.\n|\n|t:|1639937884\n|start\n|switch|p1a: Mareanie|Mareanie, L5, F|100\/100\n|switch|p2a: Koffing|Koffing, L5, F|100\/100\n|-ability|p2a: Koffing|Neutralizing Gas\n|turn|1\n|inactive|robjr has 270 seconds left.\n|\n|t:|1639937921\n|move|p2a: Koffing|Thunderbolt|p1a: Mareanie\n|-supereffective|p1a: Mareanie\n|-crit|p1a: Mareanie\n|-damage|p1a: Mareanie|31\/100\n|-status|p1a: Mareanie|par\n|move|p1a: Mareanie|Knock Off|p2a: Koffing\n|-damage|p2a: Koffing|87\/100\n|-enditem|p2a: Koffing|Eviolite|[from] move: Knock Off|[of] p1a: Mareanie\n|\n|upkeep\n|turn|2\n|inactive|robjr has 270 seconds left.\n|\n|t:|1639937947\n|switch|p1a: Diglett|Diglett, L5, F|100\/100\n|move|p2a: Koffing|Thunderbolt|p1a: Diglett\n|-immune|p1a: Diglett\n|\n|upkeep\n|turn|3\n|\n|t:|1639937966\n|-end|p2a: Koffing|ability: Neutralizing Gas\n|switch|p2a: Natu|Natu, L5, M|100\/100\n|move|p1a: Diglett|Beat Up|p2a: Natu\n|-supereffective|p2a: Natu\n|-damage|p2a: Natu|91\/100\n|-supereffective|p2a: Natu\n|-damage|p2a: Natu|81\/100\n|-supereffective|p2a: Natu\n|-damage|p2a: Natu|72\/100\n|-supereffective|p2a: Natu\n|-damage|p2a: Natu|62\/100\n|-supereffective|p2a: Natu\n|-damage|p2a: Natu|53\/100\n|-hitcount|p2a: Natu|5\n|\n|upkeep\n|turn|4\n|\n|t:|1639937981\n|move|p1a: Diglett|Beat Up|p2a: Natu\n|-supereffective|p2a: Natu\n|-damage|p2a: Natu|34\/100\n|-supereffective|p2a: Natu\n|-damage|p2a: Natu|15\/100\n|-supereffective|p2a: Natu\n|-damage|p2a: Natu|5\/100\n|-supereffective|p2a: Natu\n|-damage|p2a: Natu|0 fnt\n|faint|p2a: Natu\n|-hitcount|p2: Natu|4\n|\n|upkeep\n|c|\u2606tolstoy|huh\n|inactive|robjr has 240 seconds left.\n|c|\u2606tolstoy|wtf just happened\n|\n|t:|1639938003\n|switch|p2a: Staryu|Staryu, L5|100\/100\n|turn|5\n|inactive|tolstoy has 270 seconds left.\n|\n|t:|1639938059\n|move|p1a: Diglett|Final Gambit|p2a: Staryu\n|-damage|p2a: Staryu|0 fnt\n|faint|p1a: Diglett\n|faint|p2a: Staryu\n|\n|upkeep\n|inactive|robjr has 240 seconds left.\n|\n|t:|1639938071\n|switch|p1a: Porygon|Porygon, L5|100\/100\n|switch|p2a: Mienfoo|Mienfoo, L5, M|100\/100\n|-ability|p1a: Porygon|Download|boost\n|-boost|p1a: Porygon|spa|1\n|turn|6\n|inactive|robjr has 240 seconds left.\n|inactive|tolstoy has 240 seconds left.\n|\n|t:|1639938098\n|move|p1a: Porygon|Psychic|p2a: Mienfoo\n|-supereffective|p2a: Mienfoo\n|-damage|p2a: Mienfoo|0 fnt\n|faint|p2a: Mienfoo\n|\n|upkeep\n|\n|t:|1639938102\n|switch|p2a: Carvanha|Carvanha, L5, M|100\/100\n|turn|7\n|\n|t:|1639938107\n|switch|p1a: Mareanie|Mareanie, L5, F|31\/100 par\n|move|p2a: Carvanha|Liquidation|p1a: Mareanie\n|-resisted|p1a: Mareanie\n|-crit|p1a: Mareanie\n|-damage|p1a: Mareanie|0 fnt\n|faint|p1a: Mareanie\n|-damage|p2a: Carvanha|95\/100|[from] item: Life Orb\n|\n|upkeep\n|\n|t:|1639938117\n|switch|p1a: Mienfoo|Mienfoo, L5, F|100\/100\n|turn|8\n|\n|t:|1639938121\n|switch|p2a: Koffing|Koffing, L5, F|87\/100\n|-ability|p2a: Koffing|Neutralizing Gas\n|move|p1a: Mienfoo|U-turn|p2a: Koffing\n|-resisted|p2a: Koffing\n|-damage|p2a: Koffing|78\/100\n|\n|t:|1639938123\n|switch|p1a: Porygon|Porygon, L5|100\/100|[from]move: U-turn\n|\n|upkeep\n|turn|9\n|\n|t:|1639938130\n|move|p1a: Porygon|Tri Attack|p2a: Koffing\n|-damage|p2a: Koffing|19\/100\n|move|p2a: Koffing|Sludge Bomb|p1a: Porygon\n|-damage|p1a: Porygon|57\/100\n|\n|upkeep\n|turn|10\n|\n|t:|1639938135\n|move|p1a: Porygon|Tri Attack|p2a: Koffing\n|-damage|p2a: Koffing|0 fnt\n|faint|p2a: Koffing\n|-end|p2a: Koffing|ability: Neutralizing Gas\n|\n|upkeep\n|\n|t:|1639938139\n|switch|p2a: Mudbray|Mudbray, L5, F|100\/100\n|turn|11\n|\n|t:|1639938143\n|switch|p1a: Natu|Natu, L5, M|100\/100\n|move|p2a: Mudbray|Close Combat|p1a: Natu\n|-resisted|p1a: Natu\n|-damage|p1a: Natu|90\/100\n|-unboost|p2a: Mudbray|def|1\n|-unboost|p2a: Mudbray|spd|1\n|\n|upkeep\n|turn|12\n|\n|t:|1639938147\n|move|p1a: Natu|U-turn|p2a: Mudbray\n|-damage|p2a: Mudbray|84\/100\n|-ability|p2a: Mudbray|Stamina|boost\n|-boost|p2a: Mudbray|def|1\n|\n|t:|1639938149\n|switch|p1a: Mienfoo|Mienfoo, L5, F|100\/100|[from]move: U-turn\n|move|p2a: Mudbray|Rock Slide|p1a: Mienfoo\n|-resisted|p1a: Mienfoo\n|-damage|p1a: Mienfoo|86\/100\n|\n|upkeep\n|turn|13\n|\n|t:|1639938154\n|move|p1a: Mienfoo|U-turn|p2a: Mudbray\n|-damage|p2a: Mudbray|64\/100\n|-ability|p2a: Mudbray|Stamina|boost\n|-boost|p2a: Mudbray|def|1\n|\n|t:|1639938156\n|switch|p1a: Natu|Natu, L5, M|90\/100|[from]move: U-turn\n|move|p2a: Mudbray|High Horsepower|p1a: Natu\n|-immune|p1a: Natu\n|\n|upkeep\n|turn|14\n|\n|t:|1639938165\n|move|p1a: Natu|U-turn|p2a: Mudbray\n|-damage|p2a: Mudbray|57\/100\n|-ability|p2a: Mudbray|Stamina|boost\n|-boost|p2a: Mudbray|def|1\n|\n|t:|1639938168\n|switch|p1a: Mienfoo|Mienfoo, L5, F|100\/100|[from]move: U-turn\n|move|p2a: Mudbray|Rock Slide|p1a: Mienfoo\n|-resisted|p1a: Mienfoo\n|-damage|p1a: Mienfoo|86\/100\n|\n|upkeep\n|turn|15\n|\n|t:|1639938176\n|move|p1a: Mienfoo|Knock Off|p2a: Mudbray\n|-damage|p2a: Mudbray|44\/100\n|-ability|p2a: Mudbray|Stamina|boost\n|-boost|p2a: Mudbray|def|1\n|-enditem|p2a: Mudbray|Eviolite|[from] move: Knock Off|[of] p1a: Mienfoo\n|move|p2a: Mudbray|Rock Slide|p1a: Mienfoo\n|-resisted|p1a: Mienfoo\n|-damage|p1a: Mienfoo|77\/100\n|\n|upkeep\n|turn|16\n|\n|t:|1639938181\n|move|p1a: Mienfoo|U-turn|p2a: Mudbray\n|-damage|p2a: Mudbray|32\/100\n|-ability|p2a: Mudbray|Stamina|boost\n|-boost|p2a: Mudbray|def|1\n|\n|t:|1639938183\n|switch|p1a: Natu|Natu, L5, M|90\/100|[from]move: U-turn\n|move|p2a: Mudbray|Rock Slide|p1a: Natu\n|-supereffective|p1a: Natu\n|-damage|p1a: Natu|30\/100\n|\n|upkeep\n|turn|17\n|\n|t:|1639938188\n|move|p1a: Natu|Psychic|p2a: Mudbray\n|-damage|p2a: Mudbray|0 fnt\n|faint|p2a: Mudbray\n|\n|upkeep\n|\n|t:|1639938191\n|switch|p2a: Carvanha|Carvanha, L5, M|95\/100\n|turn|18\n|\n|t:|1639938196\n|move|p2a: Carvanha|Protect|p2a: Carvanha\n|-singleturn|p2a: Carvanha|Protect\n|move|p1a: Natu|U-turn|p2a: Carvanha\n|-activate|p2a: Carvanha|move: Protect\n|\n|upkeep\n|turn|19\n|\n|t:|1639938197\n|move|p1a: Natu|U-turn|p2a: Carvanha\n|-supereffective|p2a: Carvanha\n|-damage|p2a: Carvanha|32\/100\n|-damage|p1a: Natu|20\/100|[from] ability: Rough Skin|[of] p2a: Carvanha\n|c|\u2606tolstoy|.\n|c|\u2606tolstoy|star?\n|\n|t:|1639938204\n|switch|p1a: Porygon|Porygon, L5|57\/100|[from]move: U-turn\n|-ability|p1a: Porygon|Download|boost\n|-boost|p1a: Porygon|spa|1\n|move|p2a: Carvanha|Liquidation|p1a: Porygon\n|-damage|p1a: Porygon|0 fnt\n|faint|p1a: Porygon\n|-damage|p2a: Carvanha|27\/100|[from] item: Life Orb\n|\n|upkeep\n|\n|t:|1639938207\n|switch|p1a: Mienfoo|Mienfoo, L5, F|100\/100\n|turn|20\n|c|+starmaster|i don\u2019t make the teams lol.\n|\n|t:|1639938216\n|move|p1a: Mienfoo|U-turn|p2a: Carvanha\n|-supereffective|p2a: Carvanha\n|-crit|p2a: Carvanha\n|-damage|p2a: Carvanha|0 fnt\n|-damage|p1a: Mienfoo|91\/100|[from] ability: Rough Skin|[of] p2a: Carvanha\n|faint|p2a: Carvanha\n|\n|win|tolstoy\n|c|\u2606tolstoy|gg\n|c|\u2606robjr|gg\n","uploadtime":1639938217,"views":148,"p1id":"tolstoy","p2id":"robjr","formatid":"gen8lc","rating":0,"private":0,"password":null}