{"id":"smogtours-gen5ou-554850","p1":"Goootzinho","p2":"airfare!?","format":"gen5ou","log":"|inactive|Battle timer is ON: inactive players will automatically lose when time's up.\n|t:|1618081811\n|gametype|singles\n|player|p1|Goootzinho|galacticgrunt|\n|player|p2|airfare!?|shelly|\n|teamsize|p1|6\n|teamsize|p2|6\n|gen|5\n|tier|[Gen 5] OU\n|clearpoke\n|poke|p1|Alakazam, F|item\n|poke|p1|Tyranitar, M|item\n|poke|p1|Skarmory, M|item\n|poke|p1|Gastrodon, F|item\n|poke|p1|Gliscor, M|item\n|poke|p1|Reuniclus, F|item\n|poke|p2|Politoed, M|item\n|poke|p2|Tentacruel, F|item\n|poke|p2|Ferrothorn, F|item\n|poke|p2|Mamoswine, F|item\n|poke|p2|Tornadus, M|item\n|poke|p2|Latios, M|item\n|rule|Species Clause: Limit one of each Pok\u00e9mon\n|rule|OHKO Clause: OHKO moves are banned\n|rule|Moody Clause: Moody is banned\n|rule|Evasion Moves Clause: Evasion moves are banned\n|rule|Endless Battle Clause: Forcing endless battles is banned\n|rule|HP Percentage Mod: HP is shown in percentages\n|rule|Evasion Abilities Clause: Evasion abilities are banned\n|rule|Baton Pass Clause: Limit one Baton Passer, can't pass Spe and other stats simultaneously\n|rule|Sleep Clause: Sleep-inducing moves are banned\n|rule|Swagger Clause: Swagger is banned\n|teampreview\n|c|\u2606airfare!?|hf\n|c|\u2606Goootzinho|hf\n|inactive|Goootzinho has 270 seconds left.\n|inactive|Goootzinho has 240 seconds left.\n|inactive|Goootzinho has 210 seconds left.\n|inactive|Goootzinho has 180 seconds left.\n|\n|t:|1618081958\n|start\n|switch|p1a: Gliscor|Gliscor, M|100\/100\n|switch|p2a: Howdy!!!|Ferrothorn, F|100\/100\n|turn|1\n|\n|t:|1618081967\n|move|p1a: Gliscor|Protect|p1a: Gliscor\n|-singleturn|p1a: Gliscor|Protect\n|move|p2a: Howdy!!!|Knock Off|p1a: Gliscor\n|-activate|p1a: Gliscor|move: Protect\n|\n|-status|p1a: Gliscor|tox|[from] item: Toxic Orb\n|upkeep\n|turn|2\n|\n|t:|1618081970\n|move|p1a: Gliscor|Knock Off|p2a: Howdy!!!\n|-resisted|p2a: Howdy!!!\n|-damage|p2a: Howdy!!!|99\/100\n|-damage|p1a: Gliscor|88\/100 tox|[from] ability: Iron Barbs|[of] p2a: Howdy!!!\n|-enditem|p2a: Howdy!!!|Leftovers|[from] move: Knock Off|[of] p1a: Gliscor\n|move|p2a: Howdy!!!|Stealth Rock|p1a: Gliscor\n|-sidestart|p1: Goootzinho|move: Stealth Rock\n|\n|-heal|p1a: Gliscor|100\/100 tox|[from] ability: Poison Heal\n|upkeep\n|turn|3\n|\n|t:|1618081983\n|move|p1a: Gliscor|Stealth Rock|p2a: Howdy!!!\n|-sidestart|p2: airfare!?|move: Stealth Rock\n|move|p2a: Howdy!!!|Spikes|p1a: Gliscor\n|-sidestart|p1: Goootzinho|Spikes\n|\n|upkeep\n|turn|4\n|inactive|Goootzinho has 240 seconds left.\n|\n|t:|1618082001\n|switch|p1a: Reuniclus|Reuniclus, F|100\/100\n|move|p2a: Howdy!!!|Knock Off|p1a: Reuniclus\n|-supereffective|p1a: Reuniclus\n|-damage|p1a: Reuniclus|94\/100\n|-enditem|p1a: Reuniclus|Leftovers|[from] move: Knock Off|[of] p2a: Howdy!!!\n|\n|upkeep\n|turn|5\n|\n|t:|1618082018\n|switch|p2a: Wonderful idea|Politoed, M|100\/100\n|-damage|p2a: Wonderful idea|88\/100|[from] Stealth Rock\n|-weather|RainDance|[from] ability: Drizzle|[of] p2a: Wonderful idea\n|move|p1a: Reuniclus|Psyshock|p2a: Wonderful idea\n|-damage|p2a: Wonderful idea|50\/100\n|\n|-weather|RainDance|[upkeep]\n|-heal|p2a: Wonderful idea|56\/100|[from] item: Leftovers\n|upkeep\n|turn|6\n|inactive|Goootzinho has 210 seconds left.\n|\n|t:|1618082048\n|move|p2a: Wonderful idea|Protect|p2a: Wonderful idea\n|-singleturn|p2a: Wonderful idea|Protect\n|move|p1a: Reuniclus|Psyshock|p2a: Wonderful idea\n|-activate|p2a: Wonderful idea|move: Protect\n|\n|-weather|RainDance|[upkeep]\n|-heal|p2a: Wonderful idea|62\/100|[from] item: Leftovers\n|upkeep\n|turn|7\n|inactive|Goootzinho has 210 seconds left.\n|\n|t:|1618082061\n|switch|p2a: Howdy!!!|Ferrothorn, F|99\/100\n|-damage|p2a: Howdy!!!|93\/100|[from] Stealth Rock\n|move|p1a: Reuniclus|Thunder|p2a: Howdy!!!\n|-resisted|p2a: Howdy!!!\n|-damage|p2a: Howdy!!!|82\/100\n|\n|-weather|RainDance|[upkeep]\n|upkeep\n|turn|8\n|\n|t:|1618082073\n|switch|p2a: Karmic Retribution|Latios, M|100\/100\n|-damage|p2a: Karmic Retribution|88\/100|[from] Stealth Rock\n|move|p1a: Reuniclus|Calm Mind|p1a: Reuniclus\n|-boost|p1a: Reuniclus|spa|1\n|-boost|p1a: Reuniclus|spd|1\n|\n|-weather|RainDance|[upkeep]\n|upkeep\n|turn|9\n|inactive|Goootzinho has 210 seconds left.\n|\n|t:|1618082114\n|switch|p2a: It's a bad time!|Mamoswine, F|100\/100\n|-damage|p2a: It's a bad time!|88\/100|[from] Stealth Rock\n|switch|p1a: Tyranitar|Tyranitar, M|100\/100\n|-damage|p1a: Tyranitar|88\/100|[from] Stealth Rock\n|-damage|p1a: Tyranitar|76\/100|[from] Spikes\n|-weather|Sandstorm|[from] ability: Sand Stream|[of] p1a: Tyranitar\n|\n|-weather|Sandstorm|[upkeep]\n|-heal|p2a: It's a bad time!|94\/100|[from] item: Leftovers\n|upkeep\n|turn|10\n|inactive|Goootzinho has 180 seconds left.\n|\n|t:|1618082132\n|switch|p1a: Gastrodon|Gastrodon, F|100\/100\n|-damage|p1a: Gastrodon|94\/100|[from] Stealth Rock\n|-damage|p1a: Gastrodon|82\/100|[from] Spikes\n|switch|p2a: Wonderful idea|Politoed, M|62\/100\n|-damage|p2a: Wonderful idea|50\/100|[from] Stealth Rock\n|-weather|RainDance|[from] ability: Drizzle|[of] p2a: Wonderful idea\n|\n|-weather|RainDance|[upkeep]\n|-heal|p2a: Wonderful idea|56\/100|[from] item: Leftovers\n|-heal|p1a: Gastrodon|88\/100|[from] item: Leftovers\n|upkeep\n|turn|11\n|inactive|Goootzinho has 180 seconds left.\n|\n|t:|1618082152\n|switch|p1a: Reuniclus|Reuniclus, F|94\/100\n|move|p2a: Wonderful idea|Protect||[still]\n|-fail|p2a: Wonderful idea\n|\n|-weather|RainDance|[upkeep]\n|-heal|p2a: Wonderful idea|62\/100|[from] item: Leftovers\n|upkeep\n|turn|12\n|inactive|Goootzinho has 180 seconds left.\n|\n|t:|1618082174\n|switch|p2a: Karmic Retribution|Latios, M|88\/100\n|-damage|p2a: Karmic Retribution|76\/100|[from] Stealth Rock\n|move|p1a: Reuniclus|Thunder|p2a: Karmic Retribution\n|-resisted|p2a: Karmic Retribution\n|-damage|p2a: Karmic Retribution|58\/100\n|\n|-weather|RainDance|[upkeep]\n|upkeep\n|turn|13\n|inactive|Goootzinho has 180 seconds left.\n|\n|t:|1618082196\n|switch|p1a: Skarmory|Skarmory, M|100\/100\n|-damage|p1a: Skarmory|88\/100|[from] Stealth Rock\n|move|p2a: Karmic Retribution|Surf|p1a: Skarmory\n|-damage|p1a: Skarmory|40\/100\n|\n|-weather|RainDance|[upkeep]\n|-heal|p1a: Skarmory|46\/100|[from] item: Leftovers\n|upkeep\n|turn|14\n|\n|t:|1618082225\n|switch|p2a: Wing Ding G.|Tornadus, M|100\/100\n|-damage|p2a: Wing Ding G.|76\/100|[from] Stealth Rock\n|switch|p1a: Gastrodon|Gastrodon, F|88\/100\n|-damage|p1a: Gastrodon|76\/100|[from] Spikes\n|-damage|p1a: Gastrodon|70\/100|[from] Stealth Rock\n|\n|-weather|RainDance|[upkeep]\n|-heal|p2a: Wing Ding G.|82\/100|[from] item: Leftovers\n|-heal|p1a: Gastrodon|76\/100|[from] item: Leftovers\n|upkeep\n|turn|15\n|inactive|Goootzinho has 150 seconds left.\n|inactive|airfare!? has 270 seconds left.\n|inactive|Goootzinho has 120 seconds left.\n|\n|t:|1618082275\n|move|p2a: Wing Ding G.|Hidden Power|p1a: Gastrodon\n|-supereffective|p1a: Gastrodon\n|-damage|p1a: Gastrodon|0 fnt\n|faint|p1a: Gastrodon\n|\n|-weather|RainDance|[upkeep]\n|-heal|p2a: Wing Ding G.|88\/100|[from] item: Leftovers\n|upkeep\n|inactive|Goootzinho has 90 seconds left.\n|\n|t:|1618082309\n|switch|p1a: Tyranitar|Tyranitar, M|76\/100\n|-damage|p1a: Tyranitar|64\/100|[from] Stealth Rock\n|-damage|p1a: Tyranitar|51\/100|[from] Spikes\n|-weather|Sandstorm|[from] ability: Sand Stream|[of] p1a: Tyranitar\n|turn|16\n|inactive|Goootzinho has 90 seconds left.\n|\n|t:|1618082326\n|switch|p1a: Reuniclus|Reuniclus, F|94\/100\n|switch|p2a: Howdy!!!|Ferrothorn, F|82\/100\n|-damage|p2a: Howdy!!!|75\/100|[from] Stealth Rock\n|\n|-weather|Sandstorm|[upkeep]\n|upkeep\n|turn|17\n|inactive|Goootzinho has 90 seconds left.\n|inactive|airfare!? has 270 seconds left.\n|\n|t:|1618082351\n|switch|p2a: It's a bad time!|Mamoswine, F|94\/100\n|-damage|p2a: It's a bad time!|82\/100|[from] Stealth Rock\n|move|p1a: Reuniclus|Psyshock|p2a: It's a bad time!\n|-damage|p2a: It's a bad time!|46\/100\n|\n|-weather|Sandstorm|[upkeep]\n|-heal|p2a: It's a bad time!|52\/100|[from] item: Leftovers\n|upkeep\n|turn|18\n|inactive|Goootzinho has 60 seconds left.\n|\n|t:|1618082377\n|move|p2a: It's a bad time!|Icicle Crash|p1a: Reuniclus\n|-damage|p1a: Reuniclus|64\/100\n|move|p1a: Reuniclus|Psyshock|p2a: It's a bad time!\n|-damage|p2a: It's a bad time!|17\/100\n|\n|-weather|Sandstorm|[upkeep]\n|-heal|p2a: It's a bad time!|23\/100|[from] item: Leftovers\n|upkeep\n|turn|19\n|inactive|Goootzinho has 60 seconds left.\n|\n|t:|1618082401\n|move|p2a: It's a bad time!|Icicle Crash|p1a: Reuniclus\n|-damage|p1a: Reuniclus|31\/100\n|cant|p1a: Reuniclus|flinch\n|\n|-weather|Sandstorm|[upkeep]\n|-heal|p2a: It's a bad time!|29\/100|[from] item: Leftovers\n|upkeep\n|turn|20\n|inactive|Goootzinho has 60 seconds left.\n|\n|t:|1618082425\n|move|p2a: It's a bad time!|Icicle Crash|p1a: Reuniclus\n|-damage|p1a: Reuniclus|2\/100\n|move|p1a: Reuniclus|Recover|p1a: Reuniclus\n|-heal|p1a: Reuniclus|52\/100\n|\n|-weather|Sandstorm|[upkeep]\n|-heal|p2a: It's a bad time!|35\/100|[from] item: Leftovers\n|upkeep\n|turn|21\n|\n|t:|1618082447\n|move|p2a: It's a bad time!|Icicle Crash|p1a: Reuniclus\n|-damage|p1a: Reuniclus|22\/100\n|move|p1a: Reuniclus|Recover|p1a: Reuniclus\n|-heal|p1a: Reuniclus|72\/100\n|\n|-weather|Sandstorm|[upkeep]\n|-heal|p2a: It's a bad time!|41\/100|[from] item: Leftovers\n|upkeep\n|turn|22\n|\n|t:|1618082454\n|move|p2a: It's a bad time!|Icicle Crash|p1a: Reuniclus\n|-damage|p1a: Reuniclus|40\/100\n|move|p1a: Reuniclus|Recover|p1a: Reuniclus\n|-heal|p1a: Reuniclus|90\/100\n|\n|-weather|Sandstorm|[upkeep]\n|-heal|p2a: It's a bad time!|48\/100|[from] item: Leftovers\n|upkeep\n|turn|23\n|\n|t:|1618082458\n|move|p2a: It's a bad time!|Earthquake|p1a: Reuniclus\n|-damage|p1a: Reuniclus|55\/100\n|move|p1a: Reuniclus|Psyshock|p2a: It's a bad time!\n|-damage|p2a: It's a bad time!|7\/100\n|\n|-weather|Sandstorm|[upkeep]\n|-heal|p2a: It's a bad time!|14\/100|[from] item: Leftovers\n|upkeep\n|turn|24\n|\n|t:|1618082465\n|move|p2a: It's a bad time!|Icicle Crash|p1a: Reuniclus\n|-damage|p1a: Reuniclus|24\/100\n|cant|p1a: Reuniclus|flinch\n|\n|-weather|Sandstorm|[upkeep]\n|-heal|p2a: It's a bad time!|20\/100|[from] item: Leftovers\n|upkeep\n|turn|25\n|inactive|Goootzinho has 90 seconds left.\n|\n|t:|1618082486\n|switch|p1a: Skarmory|Skarmory, M|46\/100\n|-damage|p1a: Skarmory|34\/100|[from] Stealth Rock\n|move|p2a: It's a bad time!|Icicle Crash|p1a: Skarmory\n|-crit|p1a: Skarmory\n|-damage|p1a: Skarmory|0 fnt\n|faint|p1a: Skarmory\n|\n|-weather|Sandstorm|[upkeep]\n|-heal|p2a: It's a bad time!|26\/100|[from] item: Leftovers\n|upkeep\n|inactive|Goootzinho has 60 seconds left.\n|\n|t:|1618082524\n|switch|p1a: Tyranitar|Tyranitar, M|51\/100\n|-damage|p1a: Tyranitar|39\/100|[from] Stealth Rock\n|-damage|p1a: Tyranitar|27\/100|[from] Spikes\n|turn|26\n|\n|t:|1618082552\n|switch|p2a: Wonderful idea|Politoed, M|62\/100\n|-damage|p2a: Wonderful idea|49\/100|[from] Stealth Rock\n|-weather|RainDance|[from] ability: Drizzle|[of] p2a: Wonderful idea\n|move|p1a: Tyranitar|Crunch|p2a: Wonderful idea\n|-damage|p2a: Wonderful idea|1\/100\n|\n|-weather|RainDance|[upkeep]\n|-heal|p2a: Wonderful idea|7\/100|[from] item: Leftovers\n|upkeep\n|turn|27\n|inactive|Goootzinho has 30 seconds left.\n|\n|t:|1618082584\n|switch|p1a: Reuniclus|Reuniclus, F|24\/100\n|move|p2a: Wonderful idea|Scald|p1a: Reuniclus\n|-damage|p1a: Reuniclus|0 fnt\n|faint|p1a: Reuniclus\n|\n|-weather|RainDance|[upkeep]\n|-heal|p2a: Wonderful idea|13\/100|[from] item: Leftovers\n|upkeep\n|inactive|Goootzinho has 30 seconds left.\n|\n|t:|1618082596\n|switch|p1a: Alakazam|Alakazam, F|100\/100\n|turn|28\n|\n|t:|1618082611\n|switch|p2a: Spaghetti Monster|Tentacruel, F|100\/100\n|-damage|p2a: Spaghetti Monster|88\/100|[from] Stealth Rock\n|move|p1a: Alakazam|Psychic|p2a: Spaghetti Monster\n|-supereffective|p2a: Spaghetti Monster\n|-damage|p2a: Spaghetti Monster|16\/100\n|\n|-weather|RainDance|[upkeep]\n|-heal|p2a: Spaghetti Monster|23\/100|[from] ability: Rain Dish\n|-heal|p2a: Spaghetti Monster|29\/100|[from] item: Black Sludge\n|upkeep\n|turn|29\n|\n|t:|1618082619\n|move|p1a: Alakazam|Psychic|p2a: Spaghetti Monster\n|-supereffective|p2a: Spaghetti Monster\n|-crit|p2a: Spaghetti Monster\n|-damage|p2a: Spaghetti Monster|0 fnt\n|faint|p2a: Spaghetti Monster\n|\n|-weather|RainDance|[upkeep]\n|upkeep\n|inactive|airfare!? has 270 seconds left.\n|\n|t:|1618082663\n|switch|p2a: Karmic Retribution|Latios, M|58\/100\n|-damage|p2a: Karmic Retribution|45\/100|[from] Stealth Rock\n|turn|30\n|inactive|Goootzinho has 30 seconds left.\n|inactive|Goootzinho has 20 seconds left.\n|\n|t:|1618082700\n|switch|p1a: Tyranitar|Tyranitar, M|27\/100\n|-damage|p1a: Tyranitar|15\/100|[from] Stealth Rock\n|-damage|p1a: Tyranitar|2\/100|[from] Spikes\n|-weather|Sandstorm|[from] ability: Sand Stream|[of] p1a: Tyranitar\n|move|p2a: Karmic Retribution|Surf|p1a: Tyranitar\n|-supereffective|p1a: Tyranitar\n|-damage|p1a: Tyranitar|0 fnt\n|faint|p1a: Tyranitar\n|\n|-weather|Sandstorm|[upkeep]\n|-damage|p2a: Karmic Retribution|39\/100|[from] Sandstorm\n|upkeep\n|inactive|Goootzinho has 25 seconds left this turn.\n|\n|t:|1618082703\n|switch|p1a: Gliscor|Gliscor, M|100\/100 tox\n|-damage|p1a: Gliscor|88\/100 tox|[from] Stealth Rock\n|turn|31\n|inactive|Goootzinho has 30 seconds left.\n|inactive|airfare!? has 270 seconds left.\n|inactive|Goootzinho has 20 seconds left.\n|inactive|Goootzinho has 15 seconds left.\n|inactive|Goootzinho has 10 seconds left.\n|inactive|Goootzinho has 5 seconds left.\n|\n|t:|1618082736\n|switch|p2a: Wonderful idea|Politoed, M|13\/100\n|-damage|p2a: Wonderful idea|1\/100|[from] Stealth Rock\n|-weather|RainDance|[from] ability: Drizzle|[of] p2a: Wonderful idea\n|switch|p1a: Alakazam|Alakazam, F|100\/100\n|\n|-weather|RainDance|[upkeep]\n|-heal|p2a: Wonderful idea|7\/100|[from] item: Leftovers\n|upkeep\n|turn|32\n|inactive|Goootzinho has 15 seconds left this turn.\n|\n|t:|1618082742\n|move|p1a: Alakazam|Psychic|p2a: Wonderful idea\n|-damage|p2a: Wonderful idea|0 fnt\n|faint|p2a: Wonderful idea\n|\n|-weather|RainDance|[upkeep]\n|upkeep\n|inactive|Goootzinho has 20 seconds left this turn.\n|inactive|airfare!? has 240 seconds left.\n|inactive|airfare!? has 210 seconds left.\n|inactive|airfare!? has 180 seconds left.\n|\n|t:|1618082843\n|switch|p2a: It's a bad time!|Mamoswine, F|26\/100\n|-damage|p2a: It's a bad time!|13\/100|[from] Stealth Rock\n|turn|33\n|inactive|Goootzinho has 30 seconds left this turn.\n|inactive|Goootzinho has 20 seconds left.\n|\n|t:|1618082855\n|move|p2a: It's a bad time!|Ice Shard|p1a: Alakazam\n|-damage|p1a: Alakazam|48\/100\n|move|p1a: Alakazam|Psychic|p2a: It's a bad time!\n|-damage|p2a: It's a bad time!|0 fnt\n|faint|p2a: It's a bad time!\n|\n|-weather|RainDance|[upkeep]\n|upkeep\n|inactive|Goootzinho has 25 seconds left this turn.\n|\n|t:|1618082857\n|switch|p2a: Karmic Retribution|Latios, M|39\/100\n|-damage|p2a: Karmic Retribution|27\/100|[from] Stealth Rock\n|turn|34\n|\n|t:|1618082861\n|move|p2a: Karmic Retribution|Surf|p1a: Alakazam\n|-damage|p1a: Alakazam|0 fnt\n|faint|p1a: Alakazam\n|\n|-weather|RainDance|[upkeep]\n|upkeep\n|\n|t:|1618082863\n|switch|p1a: Gliscor|Gliscor, M|88\/100 tox\n|-damage|p1a: Gliscor|76\/100 tox|[from] Stealth Rock\n|turn|35\n|\n|t:|1618082866\n|move|p1a: Gliscor|Protect|p1a: Gliscor\n|-singleturn|p1a: Gliscor|Protect\n|move|p2a: Karmic Retribution|Surf|p1a: Gliscor\n|-activate|p1a: Gliscor|move: Protect\n|\n|-weather|RainDance|[upkeep]\n|-heal|p1a: Gliscor|88\/100 tox|[from] ability: Poison Heal\n|upkeep\n|turn|36\n|\n|t:|1618082870\n|move|p2a: Karmic Retribution|Surf|p1a: Gliscor\n|-supereffective|p1a: Gliscor\n|-damage|p1a: Gliscor|0 fnt\n|faint|p1a: Gliscor\n|\n|win|airfare!?\n|c|\u2606airfare!?|gg\n|c|\u2606Goootzinho|gg\n|player|p2|airfare!?|shelly\n","uploadtime":1618082871,"views":103,"p1id":"goootzinho","p2id":"airfare","formatid":"gen5ou","rating":0,"private":0,"password":null}