{"id":"smogtours-gen7ou-651348","p1":"Laroxyl","p2":"Sage","format":"gen7ou","log":"|inactive|Battle timer is ON: inactive players will automatically lose when time's up.\n|t:|1664160877\n|gametype|singles\n|player|p1|Laroxyl|#scl1spartans|\n|player|p2|Sage|hexmaniac-gen6|\n|teamsize|p1|6\n|teamsize|p2|6\n|gen|7\n|tier|[Gen 7] OU\n|rule|Sleep Clause Mod: Limit one foe put to sleep\n|rule|Species Clause: Limit one of each Pok\u00e9mon\n|rule|OHKO Clause: OHKO moves are banned\n|rule|Moody Clause: Moody is banned\n|rule|Evasion Items Clause: Evasion items are banned\n|rule|Evasion Moves Clause: Evasion moves are banned\n|rule|Endless Battle Clause: Forcing endless battles is banned\n|rule|HP Percentage Mod: HP is shown in percentages\n|clearpoke\n|poke|p1|Toxapex, F|item\n|poke|p1|Gliscor, F|item\n|poke|p1|Ferrothorn, M|item\n|poke|p1|Ditto|item\n|poke|p1|Latias, F|item\n|poke|p1|Celesteela|item\n|poke|p2|Diancie|item\n|poke|p2|Serperior, M|item\n|poke|p2|Volcarona, F|item\n|poke|p2|Thundurus-Therian, M|item\n|poke|p2|Kommo-o, M|item\n|poke|p2|Magearna|item\n|teampreview\n|c|\u2606Sage|hf\n|c|\u2606Laroxyl|hf\n|inactive|Laroxyl has 270 seconds left.\n|inactive|Sage has 270 seconds left.\n|\n|t:|1664160933\n|start\n|switch|p1a: Ditto|Ditto|100\/100\n|switch|p2a: High Beams|Diancie|100\/100\n|-transform|p1a: Ditto|p2a: High Beams|[from] ability: Imposter\n|turn|1\n|inactive|Sage has 270 seconds left.\n|inactive|Sage has 240 seconds left.\n|inactive|Sage has 210 seconds left.\n|inactive|Laroxyl has 270 seconds left.\n|\n|t:|1664161045\n|switch|p1a: Gliscor|Gliscor, F|100\/100\n|detailschange|p2a: High Beams|Diancie-Mega\n|-mega|p2a: High Beams|Diancie|Diancite\n|move|p2a: High Beams|Diamond Storm|p1a: Gliscor\n|-damage|p1a: Gliscor|60\/100\n|-boost|p2a: High Beams|def|2\n|\n|-status|p1a: Gliscor|tox|[from] item: Toxic Orb\n|upkeep\n|turn|2\n|inactive|Laroxyl has 270 seconds left.\n|\n|t:|1664161074\n|move|p2a: High Beams|Stealth Rock|p1a: Gliscor\n|-sidestart|p1: Laroxyl|move: Stealth Rock\n|move|p1a: Gliscor|Roost|p1a: Gliscor\n|-heal|p1a: Gliscor|100\/100 tox\n|-singleturn|p1a: Gliscor|move: Roost\n|\n|upkeep\n|turn|3\n|\n|t:|1664161079\n|switch|p2a: Syrup|Thundurus-Therian, M|100\/100\n|move|p1a: Gliscor|Earthquake|p2a: Syrup\n|-immune|p2a: Syrup\n|\n|upkeep\n|turn|4\n|\n|t:|1664161097\n|switch|p1a: Latias|Latias, F|100\/100\n|-damage|p1a: Latias|88\/100|[from] Stealth Rock\n|move|p2a: Syrup|Nasty Plot|p2a: Syrup\n|-boost|p2a: Syrup|spa|2\n|\n|upkeep\n|turn|5\n|\n|t:|1664161103\n|detailschange|p1a: Latias|Latias-Mega, F\n|-mega|p1a: Latias|Latias|Latiasite\n|move|p1a: Latias|Ice Beam|p2a: Syrup\n|-supereffective|p2a: Syrup\n|-damage|p2a: Syrup|25\/100\n|-enditem|p2a: Syrup|Sitrus Berry|[eat]\n|-heal|p2a: Syrup|50\/100|[from] item: Sitrus Berry\n|move|p2a: Syrup|Hidden Power|p1a: Latias\n|-supereffective|p1a: Latias\n|-damage|p1a: Latias|33\/100\n|\n|upkeep\n|turn|6\n|inactive|Sage has 240 seconds left.\n|\n|t:|1664161128\n|move|p1a: Latias|Roost|p1a: Latias\n|-heal|p1a: Latias|83\/100\n|-singleturn|p1a: Latias|move: Roost\n|move|p2a: Syrup|Hidden Power|p1a: Latias\n|-supereffective|p1a: Latias\n|-damage|p1a: Latias|22\/100\n|\n|upkeep\n|turn|7\n|\n|t:|1664161143\n|switch|p2a: Kim|Volcarona, F|100\/100\n|move|p1a: Latias|Surf|p2a: Kim\n|-supereffective|p2a: Kim\n|-damage|p2a: Kim|43\/100\n|\n|-heal|p2a: Kim|49\/100|[from] item: Leftovers\n|upkeep\n|turn|8\n|inactive|Laroxyl has 240 seconds left.\n|\n|t:|1664161177\n|switch|p2a: Eden|Magearna|100\/100\n|move|p1a: Latias|Roost|p1a: Latias\n|-heal|p1a: Latias|72\/100\n|-singleturn|p1a: Latias|move: Roost\n|\n|upkeep\n|turn|9\n|\n|t:|1664161195\n|switch|p1a: Toxapex|Toxapex, F|100\/100\n|-damage|p1a: Toxapex|88\/100|[from] Stealth Rock\n|switch|p2a: Kim|Volcarona, F|49\/100\n|\n|-heal|p2a: Kim|56\/100|[from] item: Leftovers\n|-heal|p1a: Toxapex|94\/100|[from] item: Black Sludge\n|upkeep\n|turn|10\n|inactive|Sage has 240 seconds left.\n|\n|t:|1664161213\n|switch|p2a: High Beams|Diancie-Mega|100\/100\n|move|p1a: Toxapex|Scald|p2a: High Beams\n|-supereffective|p2a: High Beams\n|-damage|p2a: High Beams|66\/100\n|-status|p2a: High Beams|brn\n|\n|-heal|p1a: Toxapex|100\/100|[from] item: Black Sludge\n|-damage|p2a: High Beams|60\/100 brn|[from] brn\n|upkeep\n|turn|11\n|\n|t:|1664161227\n|switch|p2a: Cashmere|Serperior, M|100\/100\n|move|p1a: Toxapex|Scald|p2a: Cashmere\n|-resisted|p2a: Cashmere\n|-damage|p2a: Cashmere|92\/100\n|\n|upkeep\n|turn|12\n|inactive|Laroxyl has 210 seconds left.\n|\n|t:|1664161260\n|switch|p1a: Celesteela|Celesteela, shiny|100\/100\n|-damage|p1a: Celesteela|88\/100|[from] Stealth Rock\n|move|p2a: Cashmere|Glare|p1a: Celesteela\n|-status|p1a: Celesteela|par\n|\n|-heal|p1a: Celesteela|94\/100 par|[from] item: Leftovers\n|upkeep\n|turn|13\n|inactive|Laroxyl has 210 seconds left.\n|inactive|Sage has 240 seconds left.\n|\n|t:|1664161293\n|switch|p2a: Kim|Volcarona, F|56\/100\n|cant|p1a: Celesteela|par\n|\n|-heal|p2a: Kim|62\/100|[from] item: Leftovers\n|-heal|p1a: Celesteela|99\/100 par|[from] item: Leftovers\n|upkeep\n|turn|14\n|\n|t:|1664161300\n|switch|p1a: Toxapex|Toxapex, F|100\/100\n|-damage|p1a: Toxapex|88\/100|[from] Stealth Rock\n|move|p2a: Kim|Flamethrower|p1a: Toxapex\n|-resisted|p1a: Toxapex\n|-damage|p1a: Toxapex|72\/100\n|\n|-heal|p2a: Kim|68\/100|[from] item: Leftovers\n|-heal|p1a: Toxapex|78\/100|[from] item: Black Sludge\n|upkeep\n|turn|15\n|inactive|Laroxyl has 210 seconds left.\n|\n|t:|1664161312\n|switch|p2a: Eden|Magearna|100\/100\n|move|p1a: Toxapex|Scald|p2a: Eden\n|-damage|p2a: Eden|83\/100\n|\n|-heal|p2a: Eden|89\/100|[from] item: Leftovers\n|-heal|p1a: Toxapex|85\/100|[from] item: Black Sludge\n|upkeep\n|turn|16\n|inactive|Laroxyl has 210 seconds left.\n|\n|t:|1664161326\n|move|p2a: Eden|Calm Mind|p2a: Eden\n|-boost|p2a: Eden|spa|1\n|-boost|p2a: Eden|spd|1\n|move|p1a: Toxapex|Scald|p2a: Eden\n|-damage|p2a: Eden|78\/100\n|\n|-heal|p2a: Eden|84\/100|[from] item: Leftovers\n|-heal|p1a: Toxapex|91\/100|[from] item: Black Sludge\n|upkeep\n|turn|17\n|\n|t:|1664161330\n|move|p2a: Eden|Thunderbolt|p1a: Toxapex\n|-supereffective|p1a: Toxapex\n|-damage|p1a: Toxapex|26\/100\n|move|p1a: Toxapex|Haze|p1a: Toxapex\n|-clearallboost\n|\n|-heal|p2a: Eden|90\/100|[from] item: Leftovers\n|-heal|p1a: Toxapex|32\/100|[from] item: Black Sludge\n|upkeep\n|turn|18\n|\n|t:|1664161341\n|switch|p2a: Onto Me|Kommo-o, M|100\/100\n|switch|p1a: Ferrothorn|Ferrothorn, M|100\/100\n|-damage|p1a: Ferrothorn|94\/100|[from] Stealth Rock\n|\n|-heal|p1a: Ferrothorn|100\/100|[from] item: Leftovers\n|upkeep\n|turn|19\n|inactive|Laroxyl has 210 seconds left.\n|\n|t:|1664161382\n|move|p2a: Onto Me|Dragon Dance|p2a: Onto Me\n|-boost|p2a: Onto Me|atk|1\n|-boost|p2a: Onto Me|spe|1\n|move|p1a: Ferrothorn|Leech Seed|p2a: Onto Me\n|-start|p2a: Onto Me|move: Leech Seed\n|\n|-damage|p2a: Onto Me|88\/100|[from] Leech Seed|[of] p1a: Ferrothorn\n|upkeep\n|turn|20\n|inactive|Sage has 270 seconds left.\n|inactive|Laroxyl has 180 seconds left.\n|\n|t:|1664161409\n|switch|p1a: Celesteela|Celesteela, shiny|99\/100 par\n|-damage|p1a: Celesteela|88\/100 par|[from] Stealth Rock\n|move|p2a: Onto Me|Close Combat|p1a: Celesteela\n|-damage|p1a: Celesteela|16\/100 par\n|-unboost|p2a: Onto Me|def|1\n|-unboost|p2a: Onto Me|spd|1\n|\n|-heal|p1a: Celesteela|22\/100 par|[from] item: Leftovers\n|-damage|p2a: Onto Me|76\/100|[from] Leech Seed|[of] p1a: Celesteela\n|-heal|p1a: Celesteela|31\/100 par|[silent]\n|upkeep\n|turn|21\n|inactive|Laroxyl has 180 seconds left.\n|\n|t:|1664161427\n|cant|p1a: Celesteela|par\n|move|p2a: Onto Me|Close Combat|p1a: Celesteela\n|-crit|p1a: Celesteela\n|-damage|p1a: Celesteela|0 fnt\n|-unboost|p2a: Onto Me|def|1\n|-unboost|p2a: Onto Me|spd|1\n|faint|p1a: Celesteela\n|\n|upkeep\n|\n|t:|1664161439\n|switch|p1a: Ditto|Ditto|100\/100\n|-damage|p1a: Ditto|88\/100|[from] Stealth Rock\n|-transform|p1a: Ditto|p2a: Onto Me|[from] ability: Imposter\n|turn|22\n|inactive|Sage has 240 seconds left.\n|\n|t:|1664161488\n|switch|p2a: Syrup|Thundurus-Therian, M|50\/100\n|move|p1a: Ditto|Close Combat|p2a: Syrup\n|-resisted|p2a: Syrup\n|-damage|p2a: Syrup|0 fnt\n|-unboost|p1a: Ditto|def|1\n|-unboost|p1a: Ditto|spd|1\n|faint|p2a: Syrup\n|\n|upkeep\n|inactive|Sage has 210 seconds left.\n|inactive|Sage has 180 seconds left.\n|\n|t:|1664161539\n|switch|p2a: Eden|Magearna|90\/100\n|turn|23\n|inactive|Laroxyl has 180 seconds left.\n|\n|t:|1664161547\n|switch|p1a: Ferrothorn|Ferrothorn, M|100\/100\n|-damage|p1a: Ferrothorn|94\/100|[from] Stealth Rock\n|move|p2a: Eden|Fleur Cannon|p1a: Ferrothorn\n|-resisted|p1a: Ferrothorn\n|-damage|p1a: Ferrothorn|68\/100\n|-unboost|p2a: Eden|spa|2\n|\n|-heal|p2a: Eden|96\/100|[from] item: Leftovers\n|-heal|p1a: Ferrothorn|75\/100|[from] item: Leftovers\n|upkeep\n|turn|24\n|inactive|Laroxyl has 180 seconds left.\n|\n|t:|1664161579\n|switch|p2a: Cashmere|Serperior, M|92\/100\n|switch|p1a: Toxapex|Toxapex, F|65\/100\n|-damage|p1a: Toxapex|53\/100|[from] Stealth Rock\n|\n|-heal|p1a: Toxapex|59\/100|[from] item: Black Sludge\n|upkeep\n|turn|25\n|\n|t:|1664161592\n|switch|p1a: Latias|Latias-Mega, F|72\/100\n|-damage|p1a: Latias|60\/100|[from] Stealth Rock\n|move|p2a: Cashmere|Taunt|p1a: Latias\n|-start|p1a: Latias|move: Taunt\n|\n|upkeep\n|turn|26\n|\n|t:|1664161610\n|switch|p2a: Eden|Magearna|96\/100\n|move|p1a: Latias|Hidden Power|p2a: Eden\n|-supereffective|p2a: Eden\n|-damage|p2a: Eden|60\/100\n|\n|-heal|p2a: Eden|66\/100|[from] item: Leftovers\n|upkeep\n|turn|27\n|inactive|Sage has 210 seconds left.\n|inactive|Laroxyl has 150 seconds left.\n|\n|t:|1664161626\n|switch|p1a: Ferrothorn|Ferrothorn, M|75\/100\n|-damage|p1a: Ferrothorn|68\/100|[from] Stealth Rock\n|move|p2a: Eden|Fleur Cannon|p1a: Ferrothorn|[miss]\n|-miss|p2a: Eden|p1a: Ferrothorn\n|\n|-heal|p2a: Eden|71\/100|[from] item: Leftovers\n|-heal|p1a: Ferrothorn|75\/100|[from] item: Leftovers\n|upkeep\n|turn|28\n|inactive|Laroxyl has 150 seconds left.\n|\n|t:|1664161665\n|switch|p2a: Kim|Volcarona, F|68\/100\n|switch|p1a: Latias|Latias-Mega, F|60\/100\n|-damage|p1a: Latias|47\/100|[from] Stealth Rock\n|\n|-heal|p2a: Kim|74\/100|[from] item: Leftovers\n|upkeep\n|turn|29\n|inactive|Laroxyl has 120 seconds left.\n|\n|t:|1664161683\n|move|p1a: Latias|Roost|p1a: Latias\n|-heal|p1a: Latias|97\/100\n|-singleturn|p1a: Latias|move: Roost\n|move|p2a: Kim|Bug Buzz|p1a: Latias\n|-supereffective|p1a: Latias\n|-damage|p1a: Latias|37\/100\n|\n|-heal|p2a: Kim|81\/100|[from] item: Leftovers\n|upkeep\n|turn|30\n|\n|t:|1664161689\n|move|p1a: Latias|Roost|p1a: Latias\n|-heal|p1a: Latias|88\/100\n|-singleturn|p1a: Latias|move: Roost\n|move|p2a: Kim|Bug Buzz|p1a: Latias\n|-supereffective|p1a: Latias\n|-crit|p1a: Latias\n|-damage|p1a: Latias|0 fnt\n|faint|p1a: Latias\n|\n|-heal|p2a: Kim|87\/100|[from] item: Leftovers\n|upkeep\n|inactive|Laroxyl has 120 seconds left.\n|\n|t:|1664161707\n|switch|p1a: Toxapex|Toxapex, F|92\/100\n|-damage|p1a: Toxapex|80\/100|[from] Stealth Rock\n|turn|31\n|inactive|Laroxyl has 120 seconds left.\n|\n|t:|1664161715\n|switch|p2a: High Beams|Diancie-Mega|60\/100 brn\n|move|p1a: Toxapex|Scald|p2a: High Beams\n|-supereffective|p2a: High Beams\n|-damage|p2a: High Beams|24\/100 brn\n|\n|-heal|p1a: Toxapex|86\/100|[from] item: Black Sludge\n|-damage|p2a: High Beams|18\/100 brn|[from] brn\n|upkeep\n|turn|32\n|\n|t:|1664161722\n|move|p2a: High Beams|Endeavor|p1a: Toxapex\n|-damage|p1a: Toxapex|18\/100\n|move|p1a: Toxapex|Recover|p1a: Toxapex\n|-heal|p1a: Toxapex|68\/100\n|\n|-heal|p1a: Toxapex|74\/100|[from] item: Black Sludge\n|-damage|p2a: High Beams|12\/100 brn|[from] brn\n|upkeep\n|turn|33\n|\n|t:|1664161728\n|move|p2a: High Beams|Endeavor|p1a: Toxapex\n|-damage|p1a: Toxapex|12\/100\n|move|p1a: Toxapex|Recover|p1a: Toxapex\n|-heal|p1a: Toxapex|62\/100\n|\n|-heal|p1a: Toxapex|68\/100|[from] item: Black Sludge\n|-damage|p2a: High Beams|6\/100 brn|[from] brn\n|upkeep\n|turn|34\n|\n|t:|1664161732\n|switch|p2a: Cashmere|Serperior, M|92\/100\n|move|p1a: Toxapex|Baneful Bunker||[still]\n|-fail|p1a: Toxapex\n|\n|-heal|p1a: Toxapex|75\/100|[from] item: Black Sludge\n|upkeep\n|turn|35\n|\n|t:|1664161750\n|move|p1a: Toxapex|Baneful Bunker|p1a: Toxapex\n|-singleturn|p1a: Toxapex|move: Protect\n|move|p2a: Cashmere|Leaf Storm|p1a: Toxapex\n|-activate|p1a: Toxapex|move: Protect\n|\n|-heal|p1a: Toxapex|81\/100|[from] item: Black Sludge\n|upkeep\n|turn|36\n|\n|t:|1664161764\n|move|p2a: Cashmere|Leaf Storm|p1a: Toxapex\n|-damage|p1a: Toxapex|57\/100\n|-boost|p2a: Cashmere|spa|2\n|move|p1a: Toxapex|Recover|p1a: Toxapex\n|-heal|p1a: Toxapex|100\/100\n|\n|upkeep\n|turn|37\n|\n|t:|1664161775\n|move|p1a: Toxapex|Baneful Bunker|p1a: Toxapex\n|-singleturn|p1a: Toxapex|move: Protect\n|move|p2a: Cashmere|Taunt|p1a: Toxapex\n|-activate|p1a: Toxapex|move: Protect\n|\n|upkeep\n|turn|38\n|\n|t:|1664161788\n|move|p2a: Cashmere|Leaf Storm|p1a: Toxapex\n|-damage|p1a: Toxapex|53\/100\n|-boost|p2a: Cashmere|spa|2\n|move|p1a: Toxapex|Haze|p1a: Toxapex\n|-clearallboost\n|\n|-heal|p1a: Toxapex|59\/100|[from] item: Black Sludge\n|upkeep\n|turn|39\n|\n|t:|1664161796\n|move|p1a: Toxapex|Baneful Bunker|p1a: Toxapex\n|-singleturn|p1a: Toxapex|move: Protect\n|move|p2a: Cashmere|Glare|p1a: Toxapex\n|-activate|p1a: Toxapex|move: Protect\n|\n|-heal|p1a: Toxapex|65\/100|[from] item: Black Sludge\n|upkeep\n|turn|40\n|\n|t:|1664161807\n|move|p2a: Cashmere|Glare|p1a: Toxapex\n|-status|p1a: Toxapex|par\n|move|p1a: Toxapex|Recover|p1a: Toxapex\n|-heal|p1a: Toxapex|100\/100 par\n|\n|upkeep\n|turn|41\n|\n|t:|1664161819\n|move|p2a: Cashmere|Taunt|p1a: Toxapex\n|-start|p1a: Toxapex|move: Taunt\n|cant|p1a: Toxapex|par\n|\n|upkeep\n|turn|42\n|\n|t:|1664161833\n|switch|p2a: Eden|Magearna|71\/100\n|cant|p1a: Toxapex|par\n|\n|-heal|p2a: Eden|77\/100|[from] item: Leftovers\n|upkeep\n|turn|43\n|\n|t:|1664161843\n|switch|p1a: Ferrothorn|Ferrothorn, M|75\/100\n|-damage|p1a: Ferrothorn|68\/100|[from] Stealth Rock\n|move|p2a: Eden|Calm Mind|p2a: Eden\n|-boost|p2a: Eden|spa|1\n|-boost|p2a: Eden|spd|1\n|\n|-heal|p2a: Eden|83\/100|[from] item: Leftovers\n|-heal|p1a: Ferrothorn|75\/100|[from] item: Leftovers\n|upkeep\n|turn|44\n|inactive|Laroxyl has 150 seconds left.\n|\n|t:|1664161853\n|move|p2a: Eden|Fleur Cannon|p1a: Ferrothorn\n|-resisted|p1a: Ferrothorn\n|-damage|p1a: Ferrothorn|39\/100\n|-unboost|p2a: Eden|spa|2\n|move|p1a: Ferrothorn|Leech Seed|p2a: Eden\n|-start|p2a: Eden|move: Leech Seed\n|\n|-heal|p2a: Eden|89\/100|[from] item: Leftovers\n|-heal|p1a: Ferrothorn|45\/100|[from] item: Leftovers\n|-damage|p2a: Eden|77\/100|[from] Leech Seed|[of] p1a: Ferrothorn\n|-heal|p1a: Ferrothorn|56\/100|[silent]\n|upkeep\n|turn|45\n|inactive|Laroxyl has 150 seconds left.\n|\n|t:|1664161882\n|switch|p2a: Cashmere|Serperior, M|92\/100\n|switch|p1a: Toxapex|Toxapex, F|100\/100 par\n|-damage|p1a: Toxapex|88\/100 par|[from] Stealth Rock\n|\n|-heal|p1a: Toxapex|94\/100 par|[from] item: Black Sludge\n|upkeep\n|turn|46\n|\n|t:|1664161888\n|move|p2a: Cashmere|Taunt|p1a: Toxapex\n|-start|p1a: Toxapex|move: Taunt\n|move|p1a: Toxapex|Scald|p2a: Cashmere\n|-resisted|p2a: Cashmere\n|-damage|p2a: Cashmere|84\/100\n|\n|-heal|p1a: Toxapex|100\/100 par|[from] item: Black Sludge\n|upkeep\n|turn|47\n|\n|t:|1664161895\n|switch|p2a: Eden|Magearna|77\/100\n|move|p1a: Toxapex|Scald|p2a: Eden\n|-damage|p2a: Eden|60\/100\n|\n|-heal|p2a: Eden|66\/100|[from] item: Leftovers\n|upkeep\n|turn|48\n|inactive|Laroxyl has 150 seconds left.\n|\n|t:|1664161904\n|switch|p1a: Ferrothorn|Ferrothorn, M|56\/100\n|-damage|p1a: Ferrothorn|49\/100|[from] Stealth Rock\n|move|p2a: Eden|Thunderbolt|p1a: Ferrothorn\n|-resisted|p1a: Ferrothorn\n|-damage|p1a: Ferrothorn|38\/100\n|\n|-heal|p2a: Eden|72\/100|[from] item: Leftovers\n|-heal|p1a: Ferrothorn|44\/100|[from] item: Leftovers\n|upkeep\n|turn|49\n|\n|t:|1664161914\n|move|p2a: Eden|Fleur Cannon|p1a: Ferrothorn\n|-resisted|p1a: Ferrothorn\n|-damage|p1a: Ferrothorn|19\/100\n|-unboost|p2a: Eden|spa|2\n|move|p1a: Ferrothorn|Spikes|p2a: Eden\n|-sidestart|p2: Sage|Spikes\n|\n|-heal|p2a: Eden|78\/100|[from] item: Leftovers\n|-heal|p1a: Ferrothorn|25\/100|[from] item: Leftovers\n|upkeep\n|turn|50\n|\n|t:|1664161928\n|switch|p2a: Cashmere|Serperior, M|84\/100\n|-damage|p2a: Cashmere|72\/100|[from] Spikes\n|move|p1a: Ferrothorn|Spikes|p2a: Cashmere\n|-sidestart|p2: Sage|Spikes\n|\n|-heal|p1a: Ferrothorn|31\/100|[from] item: Leftovers\n|upkeep\n|turn|51\n|\n|t:|1664161934\n|move|p1a: Ferrothorn|Protect|p1a: Ferrothorn\n|-singleturn|p1a: Ferrothorn|Protect\n|move|p2a: Cashmere|Leaf Storm|p1a: Ferrothorn\n|-activate|p1a: Ferrothorn|move: Protect\n|\n|-heal|p1a: Ferrothorn|38\/100|[from] item: Leftovers\n|upkeep\n|turn|52\n|\n|t:|1664161942\n|switch|p1a: Toxapex|Toxapex, F|100\/100 par\n|-damage|p1a: Toxapex|88\/100 par|[from] Stealth Rock\n|move|p2a: Cashmere|Glare|p1a: Toxapex\n|-fail|p1a: Toxapex|par\n|\n|-heal|p1a: Toxapex|94\/100 par|[from] item: Black Sludge\n|upkeep\n|turn|53\n|\n|t:|1664161953\n|move|p1a: Toxapex|Baneful Bunker|p1a: Toxapex\n|-singleturn|p1a: Toxapex|move: Protect\n|move|p2a: Cashmere|Defog|p1a: Toxapex\n|-activate|p1a: Toxapex|move: Protect\n|\n|-heal|p1a: Toxapex|100\/100 par|[from] item: Black Sludge\n|upkeep\n|turn|54\n|\n|t:|1664161972\n|move|p2a: Cashmere|Defog|p1a: Toxapex\n|-unboost|p1a: Toxapex|evasion|1\n|-sideend|p1: Laroxyl|Stealth Rock|[from] move: Defog|[of] p2a: Cashmere\n|-sideend|p2: Sage|Spikes|[from] move: Defog|[of] p2a: Cashmere\n|move|p1a: Toxapex|Scald|p2a: Cashmere\n|-resisted|p2a: Cashmere\n|-damage|p2a: Cashmere|64\/100\n|\n|upkeep\n|turn|55\n|\n|t:|1664161981\n|switch|p2a: Eden|Magearna|78\/100\n|cant|p1a: Toxapex|par\n|\n|-heal|p2a: Eden|84\/100|[from] item: Leftovers\n|upkeep\n|turn|56\n|\n|t:|1664161988\n|switch|p1a: Ferrothorn|Ferrothorn, M|38\/100\n|move|p2a: Eden|Calm Mind|p2a: Eden\n|-boost|p2a: Eden|spa|1\n|-boost|p2a: Eden|spd|1\n|\n|-heal|p2a: Eden|90\/100|[from] item: Leftovers\n|-heal|p1a: Ferrothorn|44\/100|[from] item: Leftovers\n|upkeep\n|turn|57\n|\n|t:|1664161993\n|switch|p1a: Toxapex|Toxapex, F|100\/100 par\n|move|p2a: Eden|Fleur Cannon|p1a: Toxapex\n|-resisted|p1a: Toxapex\n|-damage|p1a: Toxapex|66\/100 par\n|-unboost|p2a: Eden|spa|2\n|\n|-heal|p2a: Eden|96\/100|[from] item: Leftovers\n|-heal|p1a: Toxapex|73\/100 par|[from] item: Black Sludge\n|upkeep\n|turn|58\n|inactive|Laroxyl has 180 seconds left.\n|\n|t:|1664162004\n|switch|p2a: Onto Me|Kommo-o, M|76\/100\n|switch|p1a: Ferrothorn|Ferrothorn, M|44\/100\n|\n|-heal|p1a: Ferrothorn|50\/100|[from] item: Leftovers\n|upkeep\n|turn|59\n|\n|t:|1664162011\n|switch|p1a: Toxapex|Toxapex, F|100\/100 par\n|-zpower|p2a: Onto Me\n|move|p2a: Onto Me|Clangorous Soulblaze|p1a: Toxapex|[zeffect]\n|-damage|p1a: Toxapex|53\/100 par\n|-boost|p2a: Onto Me|atk|1\n|-boost|p2a: Onto Me|def|1\n|-boost|p2a: Onto Me|spa|1\n|-boost|p2a: Onto Me|spd|1\n|-boost|p2a: Onto Me|spe|1\n|\n|-heal|p1a: Toxapex|59\/100 par|[from] item: Black Sludge\n|upkeep\n|turn|60\n|inactive|Laroxyl has 180 seconds left.\n|\n|t:|1664162041\n|move|p2a: Onto Me|Clanging Scales|p1a: Toxapex\n|-damage|p1a: Toxapex|20\/100 par\n|-unboost|p2a: Onto Me|def|1\n|move|p1a: Toxapex|Recover|p1a: Toxapex\n|-heal|p1a: Toxapex|70\/100 par\n|\n|-heal|p1a: Toxapex|76\/100 par|[from] item: Black Sludge\n|upkeep\n|turn|61\n|\n|t:|1664162053\n|move|p2a: Onto Me|Clanging Scales|p1a: Toxapex\n|-damage|p1a: Toxapex|33\/100 par\n|-unboost|p2a: Onto Me|def|1\n|move|p1a: Toxapex|Haze|p1a: Toxapex\n|-clearallboost\n|\n|-heal|p1a: Toxapex|39\/100 par|[from] item: Black Sludge\n|upkeep\n|turn|62\n|\n|t:|1664162060\n|move|p2a: Onto Me|Clanging Scales|p1a: Toxapex\n|-damage|p1a: Toxapex|13\/100 par\n|-unboost|p2a: Onto Me|def|1\n|cant|p1a: Toxapex|par\n|\n|-heal|p1a: Toxapex|19\/100 par|[from] item: Black Sludge\n|upkeep\n|turn|63\n|\n|t:|1664162071\n|switch|p1a: Gliscor|Gliscor, F|100\/100 tox\n|move|p2a: Onto Me|Clanging Scales|p1a: Gliscor\n|-damage|p1a: Gliscor|60\/100 tox\n|-unboost|p2a: Onto Me|def|1\n|\n|-heal|p1a: Gliscor|73\/100 tox|[from] ability: Poison Heal\n|upkeep\n|turn|64\n|inactive|Laroxyl has 150 seconds left.\n|\n|t:|1664162102\n|switch|p2a: Kim|Volcarona, F|87\/100\n|move|p1a: Gliscor|Earthquake|p2a: Kim\n|-damage|p2a: Kim|37\/100\n|\n|-heal|p2a: Kim|43\/100|[from] item: Leftovers\n|-heal|p1a: Gliscor|85\/100 tox|[from] ability: Poison Heal\n|upkeep\n|turn|65\n|\n|t:|1664162112\n|move|p2a: Kim|Flamethrower|p1a: Gliscor\n|-damage|p1a: Gliscor|35\/100 tox\n|move|p1a: Gliscor|Earthquake|p2a: Kim\n|-damage|p2a: Kim|0 fnt\n|faint|p2a: Kim\n|\n|-heal|p1a: Gliscor|48\/100 tox|[from] ability: Poison Heal\n|upkeep\n|\n|t:|1664162122\n|switch|p2a: Cashmere|Serperior, M|64\/100\n|turn|66\n|\n|t:|1664162139\n|switch|p1a: Ferrothorn|Ferrothorn, M|50\/100\n|move|p2a: Cashmere|Leaf Storm|p1a: Ferrothorn\n|-resisted|p1a: Ferrothorn\n|-damage|p1a: Ferrothorn|44\/100\n|-boost|p2a: Cashmere|spa|2\n|\n|-heal|p1a: Ferrothorn|50\/100|[from] item: Leftovers\n|upkeep\n|turn|67\n|\n|t:|1664162146\n|move|p1a: Ferrothorn|Protect|p1a: Ferrothorn\n|-singleturn|p1a: Ferrothorn|Protect\n|move|p2a: Cashmere|Glare|p1a: Ferrothorn\n|-activate|p1a: Ferrothorn|move: Protect\n|\n|-heal|p1a: Ferrothorn|57\/100|[from] item: Leftovers\n|upkeep\n|turn|68\n|\n|t:|1664162164\n|move|p2a: Cashmere|Leaf Storm|p1a: Ferrothorn\n|-resisted|p1a: Ferrothorn\n|-damage|p1a: Ferrothorn|45\/100\n|-boost|p2a: Cashmere|spa|2\n|move|p1a: Ferrothorn|Power Whip|p2a: Cashmere\n|-resisted|p2a: Cashmere\n|-damage|p2a: Cashmere|43\/100\n|-damage|p1a: Ferrothorn|28\/100|[from] item: Rocky Helmet|[of] p2a: Cashmere\n|\n|-heal|p1a: Ferrothorn|35\/100|[from] item: Leftovers\n|upkeep\n|turn|69\n|\n|t:|1664162173\n|move|p1a: Ferrothorn|Protect|p1a: Ferrothorn\n|-singleturn|p1a: Ferrothorn|Protect\n|move|p2a: Cashmere|Taunt|p1a: Ferrothorn\n|-activate|p1a: Ferrothorn|move: Protect\n|\n|-heal|p1a: Ferrothorn|41\/100|[from] item: Leftovers\n|upkeep\n|turn|70\n|inactive|Laroxyl has 150 seconds left.\n|\n|t:|1664162209\n|move|p2a: Cashmere|Leaf Storm|p1a: Ferrothorn\n|-resisted|p1a: Ferrothorn\n|-damage|p1a: Ferrothorn|20\/100\n|-boost|p2a: Cashmere|spa|2\n|move|p1a: Ferrothorn|Spikes|p2a: Cashmere\n|-sidestart|p2: Sage|Spikes\n|\n|-heal|p1a: Ferrothorn|26\/100|[from] item: Leftovers\n|upkeep\n|turn|71\n|\n|t:|1664162217\n|move|p1a: Ferrothorn|Protect|p1a: Ferrothorn\n|-singleturn|p1a: Ferrothorn|Protect\n|move|p2a: Cashmere|Leaf Storm|p1a: Ferrothorn\n|-activate|p1a: Ferrothorn|move: Protect\n|\n|-heal|p1a: Ferrothorn|33\/100|[from] item: Leftovers\n|upkeep\n|turn|72\n|c|\u2606Sage|gg\n|-message|Sage forfeited.\n|\n|win|Laroxyl\n|c|\u2606Laroxyl|gg\n","uploadtime":1664162225,"views":96,"p1id":"laroxyl","p2id":"sage","formatid":"gen7ou","rating":0,"private":0,"password":null}