{"id":"smogtours-gen8ubers-651566","p1":"Raph369","p2":"March Fires","format":"gen8ubers","log":"|inactive|Battle timer is ON: inactive players will automatically lose when time's up.\n|t:|1664452567\n|gametype|singles\n|player|p1|Raph369|archer|\n|player|p2|March Fires|pokemonranger-gen6|\n|teamsize|p1|6\n|teamsize|p2|6\n|gen|8\n|tier|[Gen 8] Ubers\n|rule|Sleep Clause Mod: Limit one foe put to sleep\n|rule|Species Clause: Limit one of each Pok\u00e9mon\n|rule|OHKO Clause: OHKO moves are banned\n|rule|Evasion Items Clause: Evasion items are banned\n|rule|Evasion Moves Clause: Evasion moves are banned\n|rule|Endless Battle Clause: Forcing endless battles is banned\n|rule|HP Percentage Mod: HP is shown in percentages\n|rule|Dynamax Clause: You cannot dynamax\n|clearpoke\n|poke|p1|Necrozma-Dusk-Mane|\n|poke|p1|Landorus-Therian, M|\n|poke|p1|Eternatus|\n|poke|p1|Calyrex-Shadow|\n|poke|p1|Yveltal|\n|poke|p1|Darmanitan-Galar, F|\n|poke|p2|Necrozma-Dusk-Mane|\n|poke|p2|Eternatus|\n|poke|p2|Yveltal|\n|poke|p2|Xerneas-*|\n|poke|p2|Landorus-Therian, M|\n|poke|p2|Marshadow|\n|teampreview\n|c|\u2606March Fires|hf\n|c|\u2606Raph369|hf\n|\n|t:|1664452597\n|start\n|switch|p1a: Yveltal|Yveltal|100\/100\n|switch|p2a: LOAM|Landorus-Therian, M|100\/100\n|-ability|p1a: Yveltal|Dark Aura\n|-ability|p2a: LOAM|Intimidate|boost\n|-unboost|p1a: Yveltal|atk|1\n|turn|1\n|\n|t:|1664452610\n|switch|p2a: NECROMANCER|Yveltal|100\/100\n|-ability|p2a: NECROMANCER|Dark Aura\n|move|p1a: Yveltal|Knock Off|p2a: NECROMANCER\n|-resisted|p2a: NECROMANCER\n|-damage|p2a: NECROMANCER|86\/100\n|-enditem|p2a: NECROMANCER|Heavy-Duty Boots|[from] move: Knock Off|[of] p1a: Yveltal\n|\n|upkeep\n|turn|2\n|\n|t:|1664452617\n|switch|p1a: Eternatus|Eternatus|100\/100\n|-ability|p1a: Eternatus|Pressure\n|move|p2a: NECROMANCER|Knock Off|p1a: Eternatus\n|-damage|p1a: Eternatus|67\/100\n|-enditem|p1a: Eternatus|Sitrus Berry|[from] move: Knock Off|[of] p2a: NECROMANCER\n|\n|upkeep\n|turn|3\n|\n|t:|1664452630\n|switch|p2a: A NEW DAY|Necrozma-Dusk-Mane|100\/100\n|move|p1a: Eternatus|Toxic|p2a: A NEW DAY\n|-immune|p2a: A NEW DAY\n|\n|upkeep\n|turn|4\n|\n|t:|1664452642\n|switch|p1a: Landorus|Landorus-Therian, M|100\/100\n|-ability|p1a: Landorus|Intimidate|boost\n|-unboost|p2a: A NEW DAY|atk|1\n|move|p2a: A NEW DAY|Knock Off|p1a: Landorus\n|-damage|p1a: Landorus|84\/100\n|-enditem|p1a: Landorus|Leftovers|[from] move: Knock Off|[of] p2a: A NEW DAY\n|\n|upkeep\n|turn|5\n|\n|t:|1664452650\n|switch|p2a: LOAM|Landorus-Therian, M|100\/100\n|-ability|p2a: LOAM|Intimidate|boost\n|-unboost|p1a: Landorus|atk|1\n|move|p1a: Landorus|Stealth Rock|p2a: LOAM\n|-sidestart|p2: March Fires|move: Stealth Rock\n|\n|upkeep\n|turn|6\n|\n|t:|1664452658\n|move|p1a: Landorus|Toxic|p2a: LOAM\n|-status|p2a: LOAM|tox\n|move|p2a: LOAM|Stealth Rock|p1a: Landorus\n|-sidestart|p1: Raph369|move: Stealth Rock\n|\n|-damage|p2a: LOAM|94\/100 tox|[from] psn\n|upkeep\n|turn|7\n|\n|t:|1664452666\n|move|p1a: Landorus|U-turn|p2a: LOAM\n|-resisted|p2a: LOAM\n|-damage|p2a: LOAM|89\/100 tox\n|\n|t:|1664452669\n|switch|p1a: Yveltal|Yveltal|100\/100|[from]move: U-turn\n|-ability|p1a: Yveltal|Dark Aura\n|move|p2a: LOAM|Toxic|p1a: Yveltal\n|-status|p1a: Yveltal|tox\n|\n|-heal|p2a: LOAM|95\/100 tox|[from] item: Leftovers\n|-damage|p1a: Yveltal|94\/100 tox|[from] psn\n|-damage|p2a: LOAM|83\/100 tox|[from] psn\n|upkeep\n|turn|8\n|\n|t:|1664452680\n|switch|p2a: NECROMANCER|Yveltal|86\/100\n|-damage|p2a: NECROMANCER|61\/100|[from] Stealth Rock\n|-ability|p2a: NECROMANCER|Dark Aura\n|move|p1a: Yveltal|Knock Off|p2a: NECROMANCER\n|-resisted|p2a: NECROMANCER\n|-damage|p2a: NECROMANCER|47\/100\n|\n|-damage|p1a: Yveltal|82\/100 tox|[from] psn\n|upkeep\n|turn|9\n|\n|t:|1664452690\n|switch|p1a: Eternatus|Eternatus|67\/100\n|-damage|p1a: Eternatus|54\/100|[from] Stealth Rock\n|-ability|p1a: Eternatus|Pressure\n|move|p2a: NECROMANCER|Roost|p2a: NECROMANCER\n|-heal|p2a: NECROMANCER|97\/100\n|-singleturn|p2a: NECROMANCER|move: Roost\n|\n|upkeep\n|turn|10\n|\n|t:|1664452699\n|switch|p2a: A NEW DAY|Necrozma-Dusk-Mane|100\/100\n|-damage|p2a: A NEW DAY|94\/100|[from] Stealth Rock\n|move|p1a: Eternatus|Recover|p1a: Eternatus\n|-heal|p1a: Eternatus|100\/100\n|\n|-heal|p2a: A NEW DAY|100\/100|[from] item: Leftovers\n|upkeep\n|turn|11\n|\n|t:|1664452706\n|switch|p1a: Landorus|Landorus-Therian, M|84\/100\n|-damage|p1a: Landorus|72\/100|[from] Stealth Rock\n|-ability|p1a: Landorus|Intimidate|boost\n|-unboost|p2a: A NEW DAY|atk|1\n|move|p2a: A NEW DAY|Dragon Dance|p2a: A NEW DAY\n|-boost|p2a: A NEW DAY|atk|1\n|-boost|p2a: A NEW DAY|spe|1\n|\n|upkeep\n|turn|12\n|\n|t:|1664452715\n|move|p2a: A NEW DAY|Sunsteel Strike|p1a: Landorus\n|-damage|p1a: Landorus|34\/100\n|move|p1a: Landorus|Earthquake|p2a: A NEW DAY\n|-supereffective|p2a: A NEW DAY\n|-damage|p2a: A NEW DAY|52\/100\n|\n|-heal|p2a: A NEW DAY|58\/100|[from] item: Leftovers\n|upkeep\n|turn|13\n|\n|t:|1664452725\n|move|p2a: A NEW DAY|Sunsteel Strike|p1a: Landorus\n|-damage|p1a: Landorus|0 fnt\n|faint|p1a: Landorus\n|\n|-heal|p2a: A NEW DAY|64\/100|[from] item: Leftovers\n|upkeep\n|\n|t:|1664452730\n|switch|p1a: Calyrex|Calyrex-Shadow|100\/100\n|-ability|p1a: Calyrex|As One\n|-ability|p1a: Calyrex|Unnerve\n|-damage|p1a: Calyrex|88\/100|[from] Stealth Rock\n|turn|14\n|\n|t:|1664452738\n|switch|p1a: Eternatus|Eternatus|100\/100\n|-damage|p1a: Eternatus|88\/100|[from] Stealth Rock\n|-ability|p1a: Eternatus|Pressure\n|switch|p2a: NECROMANCER|Yveltal|97\/100\n|-damage|p2a: NECROMANCER|72\/100|[from] Stealth Rock\n|-ability|p2a: NECROMANCER|Dark Aura\n|\n|upkeep\n|turn|15\n|\n|t:|1664452748\n|move|p1a: Eternatus|Dynamax Cannon|p2a: NECROMANCER\n|-damage|p2a: NECROMANCER|37\/100\n|move|p2a: NECROMANCER|Defog|p1a: Eternatus\n|-unboost|p1a: Eternatus|evasion|1\n|-sideend|p1: Raph369|Stealth Rock|[from] move: Defog|[of] p2a: NECROMANCER\n|-sideend|p2: March Fires|Stealth Rock|[from] move: Defog|[of] p2a: NECROMANCER\n|\n|upkeep\n|turn|16\n|\n|t:|1664452755\n|move|p1a: Eternatus|Toxic|p2a: NECROMANCER\n|-status|p2a: NECROMANCER|tox\n|move|p2a: NECROMANCER|Roost|p2a: NECROMANCER\n|-heal|p2a: NECROMANCER|87\/100 tox\n|-singleturn|p2a: NECROMANCER|move: Roost\n|\n|-damage|p2a: NECROMANCER|81\/100 tox|[from] psn\n|upkeep\n|turn|17\n|\n|t:|1664452763\n|switch|p1a: Calyrex|Calyrex-Shadow|88\/100\n|-ability|p1a: Calyrex|As One\n|-ability|p1a: Calyrex|Unnerve\n|switch|p2a: A NEW DAY|Necrozma-Dusk-Mane|64\/100\n|\n|-heal|p2a: A NEW DAY|70\/100|[from] item: Leftovers\n|upkeep\n|turn|18\n|\n|t:|1664452774\n|switch|p2a: NECROMANCER|Yveltal|81\/100 tox\n|-ability|p2a: NECROMANCER|Dark Aura\n|move|p1a: Calyrex|Astral Barrage|p2a: NECROMANCER\n|-resisted|p2a: NECROMANCER\n|-damage|p2a: NECROMANCER|44\/100 tox\n|\n|-damage|p2a: NECROMANCER|38\/100 tox|[from] psn\n|upkeep\n|turn|19\n|inactive|Raph369 has 270 seconds left.\n|\n|t:|1664452812\n|switch|p1a: Eternatus|Eternatus|88\/100\n|-ability|p1a: Eternatus|Pressure\n|move|p2a: NECROMANCER|Roost|p2a: NECROMANCER\n|-heal|p2a: NECROMANCER|88\/100 tox\n|-singleturn|p2a: NECROMANCER|move: Roost\n|\n|-damage|p2a: NECROMANCER|76\/100 tox|[from] psn\n|upkeep\n|turn|20\n|\n|t:|1664452822\n|switch|p1a: Calyrex|Calyrex-Shadow|88\/100\n|-ability|p1a: Calyrex|As One\n|-ability|p1a: Calyrex|Unnerve\n|switch|p2a: A NEW DAY|Necrozma-Dusk-Mane|70\/100\n|\n|-heal|p2a: A NEW DAY|76\/100|[from] item: Leftovers\n|upkeep\n|turn|21\n|inactive|March Fires has 270 seconds left.\n|\n|t:|1664452854\n|switch|p2a: EARNEST|Eternatus|100\/100\n|-ability|p2a: EARNEST|Pressure\n|move|p1a: Calyrex|Astral Barrage|p2a: EARNEST\n|-damage|p2a: EARNEST|27\/100\n|\n|upkeep\n|turn|22\n|inactive|March Fires has 270 seconds left.\n|\n|t:|1664452864\n|move|p1a: Calyrex|Astral Barrage|p2a: EARNEST\n|-damage|p2a: EARNEST|0 fnt\n|faint|p2a: EARNEST\n|-ability|p1a: Calyrex|Grim Neigh|boost\n|-boost|p1a: Calyrex|spa|1\n|\n|upkeep\n|inactive|March Fires has 270 seconds left.\n|\n|t:|1664452871\n|switch|p2a: SPECULATIVE|Marshadow|100\/100\n|turn|23\n|\n|t:|1664452877\n|switch|p1a: Eternatus|Eternatus|88\/100\n|-ability|p1a: Eternatus|Pressure\n|switch|p2a: LOAM|Landorus-Therian, M|83\/100 tox\n|-ability|p2a: LOAM|Intimidate|boost\n|-unboost|p1a: Eternatus|atk|1\n|\n|-heal|p2a: LOAM|89\/100 tox|[from] item: Leftovers\n|-damage|p2a: LOAM|83\/100 tox|[from] psn\n|upkeep\n|turn|24\n|\n|t:|1664452887\n|switch|p1a: Darmanitan|Darmanitan-Galar, F|100\/100\n|move|p2a: LOAM|Stealth Rock|p1a: Darmanitan\n|-sidestart|p1: Raph369|move: Stealth Rock\n|\n|-heal|p2a: LOAM|89\/100 tox|[from] item: Leftovers\n|-damage|p2a: LOAM|77\/100 tox|[from] psn\n|upkeep\n|turn|25\n|\n|t:|1664452900\n|move|p2a: LOAM|Protect|p2a: LOAM\n|-singleturn|p2a: LOAM|Protect\n|move|p1a: Darmanitan|Belly Drum|p1a: Darmanitan\n|-damage|p1a: Darmanitan|50\/100\n|-setboost|p1a: Darmanitan|atk|6|[from] move: Belly Drum\n|\n|-heal|p2a: LOAM|83\/100 tox|[from] item: Leftovers\n|-damage|p2a: LOAM|65\/100 tox|[from] psn\n|-formechange|p1a: Darmanitan|Darmanitan-Galar-Zen|\n|upkeep\n|turn|26\n|\n|t:|1664452914\n|move|p1a: Darmanitan|Substitute|p1a: Darmanitan\n|-start|p1a: Darmanitan|Substitute\n|-damage|p1a: Darmanitan|25\/100\n|-enditem|p1a: Darmanitan|Salac Berry|[eat]\n|-boost|p1a: Darmanitan|spe|1|[from] item: Salac Berry\n|move|p2a: LOAM|Earthquake|p1a: Darmanitan\n|-supereffective|p1a: Darmanitan\n|-end|p1a: Darmanitan|Substitute\n|\n|-heal|p2a: LOAM|71\/100 tox|[from] item: Leftovers\n|-damage|p2a: LOAM|47\/100 tox|[from] psn\n|upkeep\n|turn|27\n|\n|t:|1664452928\n|move|p1a: Darmanitan|Icicle Crash|p2a: LOAM\n|-supereffective|p2a: LOAM\n|-damage|p2a: LOAM|0 fnt\n|faint|p2a: LOAM\n|\n|upkeep\n|\n|t:|1664452932\n|switch|p2a: SPECULATIVE|Marshadow|100\/100\n|turn|28\n|\n|t:|1664452944\n|move|p2a: SPECULATIVE|Shadow Sneak|p1a: Darmanitan\n|-damage|p1a: Darmanitan|0 fnt\n|faint|p1a: Darmanitan\n|-damage|p2a: SPECULATIVE|91\/100|[from] item: Life Orb\n|\n|upkeep\n|\n|t:|1664452947\n|switch|p1a: Yveltal|Yveltal|82\/100 tox\n|-ability|p1a: Yveltal|Dark Aura\n|turn|29\n|\n|t:|1664452952\n|switch|p2a: ALCHEMY|Xerneas|100\/100\n|-ability|p2a: ALCHEMY|Fairy Aura\n|switch|p1a: Calyrex|Calyrex-Shadow|88\/100\n|-ability|p1a: Calyrex|As One\n|-ability|p1a: Calyrex|Unnerve\n|-damage|p1a: Calyrex|76\/100|[from] Stealth Rock\n|\n|upkeep\n|turn|30\n|\n|t:|1664452970\n|move|p2a: ALCHEMY|Moonblast|p1a: Calyrex\n|-damage|p1a: Calyrex|17\/100\n|-unboost|p1a: Calyrex|spa|1\n|move|p1a: Calyrex|Astral Barrage|p2a: ALCHEMY\n|-damage|p2a: ALCHEMY|38\/100\n|\n|upkeep\n|turn|31\n|\n|t:|1664452979\n|switch|p2a: NECROMANCER|Yveltal|76\/100 tox\n|-ability|p2a: NECROMANCER|Dark Aura\n|switch|p1a: Necrozma|Necrozma-Dusk-Mane|100\/100\n|-damage|p1a: Necrozma|94\/100|[from] Stealth Rock\n|\n|-heal|p1a: Necrozma|100\/100|[from] item: Leftovers\n|-damage|p2a: NECROMANCER|70\/100 tox|[from] psn\n|upkeep\n|turn|32\n|\n|t:|1664452993\n|move|p2a: NECROMANCER|Knock Off|p1a: Necrozma\n|-supereffective|p1a: Necrozma\n|-damage|p1a: Necrozma|43\/100\n|-enditem|p1a: Necrozma|Leftovers|[from] move: Knock Off|[of] p2a: NECROMANCER\n|move|p1a: Necrozma|Dragon Dance|p1a: Necrozma\n|-boost|p1a: Necrozma|atk|1\n|-boost|p1a: Necrozma|spe|1\n|\n|-damage|p2a: NECROMANCER|58\/100 tox|[from] psn\n|upkeep\n|turn|33\n|\n|t:|1664453001\n|move|p1a: Necrozma|Morning Sun|p1a: Necrozma\n|-heal|p1a: Necrozma|93\/100\n|move|p2a: NECROMANCER|Foul Play|p1a: Necrozma\n|-supereffective|p1a: Necrozma\n|-damage|p1a: Necrozma|0 fnt\n|faint|p1a: Necrozma\n|\n|-damage|p2a: NECROMANCER|40\/100 tox|[from] psn\n|upkeep\n|\n|t:|1664453008\n|switch|p1a: Eternatus|Eternatus|88\/100\n|-damage|p1a: Eternatus|76\/100|[from] Stealth Rock\n|-ability|p1a: Eternatus|Pressure\n|turn|34\n|\n|t:|1664453013\n|switch|p2a: A NEW DAY|Necrozma-Dusk-Mane|76\/100\n|move|p1a: Eternatus|Flamethrower|p2a: A NEW DAY\n|-supereffective|p2a: A NEW DAY\n|-damage|p2a: A NEW DAY|49\/100\n|\n|-heal|p2a: A NEW DAY|56\/100|[from] item: Leftovers\n|upkeep\n|turn|35\n|\n|t:|1664453026\n|switch|p1a: Calyrex|Calyrex-Shadow|17\/100\n|-ability|p1a: Calyrex|As One\n|-ability|p1a: Calyrex|Unnerve\n|-damage|p1a: Calyrex|4\/100|[from] Stealth Rock\n|move|p2a: A NEW DAY|Morning Sun|p2a: A NEW DAY\n|-heal|p2a: A NEW DAY|100\/100\n|\n|upkeep\n|turn|36\n|\n|t:|1664453039\n|switch|p2a: NECROMANCER|Yveltal|40\/100 tox\n|-ability|p2a: NECROMANCER|Dark Aura\n|move|p1a: Calyrex|Astral Barrage|p2a: NECROMANCER\n|-resisted|p2a: NECROMANCER\n|-damage|p2a: NECROMANCER|0 fnt\n|faint|p2a: NECROMANCER\n|-ability|p1a: Calyrex|Grim Neigh|boost\n|-boost|p1a: Calyrex|spa|1\n|\n|upkeep\n|\n|t:|1664453049\n|switch|p2a: ALCHEMY|Xerneas|38\/100\n|-ability|p2a: ALCHEMY|Fairy Aura\n|turn|37\n|\n|t:|1664453059\n|move|p2a: ALCHEMY|Moonblast|p1a: Calyrex\n|-damage|p1a: Calyrex|0 fnt\n|faint|p1a: Calyrex\n|\n|upkeep\n|\n|t:|1664453061\n|switch|p1a: Eternatus|Eternatus|76\/100\n|-damage|p1a: Eternatus|64\/100|[from] Stealth Rock\n|-ability|p1a: Eternatus|Pressure\n|turn|38\n|\n|t:|1664453067\n|switch|p2a: A NEW DAY|Necrozma-Dusk-Mane|100\/100\n|move|p1a: Eternatus|Flamethrower|p2a: A NEW DAY\n|-supereffective|p2a: A NEW DAY\n|-damage|p2a: A NEW DAY|73\/100\n|\n|-heal|p2a: A NEW DAY|79\/100|[from] item: Leftovers\n|upkeep\n|turn|39\n|\n|t:|1664453074\n|move|p1a: Eternatus|Flamethrower|p2a: A NEW DAY\n|-supereffective|p2a: A NEW DAY\n|-damage|p2a: A NEW DAY|53\/100\n|move|p2a: A NEW DAY|Dragon Dance|p2a: A NEW DAY\n|-boost|p2a: A NEW DAY|atk|1\n|-boost|p2a: A NEW DAY|spe|1\n|\n|-heal|p2a: A NEW DAY|59\/100|[from] item: Leftovers\n|upkeep\n|turn|40\n|\n|t:|1664453082\n|move|p1a: Eternatus|Flamethrower|p2a: A NEW DAY\n|-supereffective|p2a: A NEW DAY\n|-damage|p2a: A NEW DAY|33\/100\n|move|p2a: A NEW DAY|Sunsteel Strike|p1a: Eternatus\n|-damage|p1a: Eternatus|9\/100\n|\n|-heal|p2a: A NEW DAY|39\/100|[from] item: Leftovers\n|upkeep\n|turn|41\n|\n|t:|1664453091\n|move|p1a: Eternatus|Flamethrower|p2a: A NEW DAY\n|-supereffective|p2a: A NEW DAY\n|-damage|p2a: A NEW DAY|11\/100\n|move|p2a: A NEW DAY|Dragon Dance|p2a: A NEW DAY\n|-boost|p2a: A NEW DAY|atk|1\n|-boost|p2a: A NEW DAY|spe|1\n|\n|-heal|p2a: A NEW DAY|17\/100|[from] item: Leftovers\n|upkeep\n|turn|42\n|\n|t:|1664453099\n|move|p2a: A NEW DAY|Sunsteel Strike|p1a: Eternatus\n|-damage|p1a: Eternatus|0 fnt\n|faint|p1a: Eternatus\n|\n|-heal|p2a: A NEW DAY|23\/100|[from] item: Leftovers\n|upkeep\n|\n|t:|1664453101\n|switch|p1a: Yveltal|Yveltal|82\/100 tox\n|-ability|p1a: Yveltal|Dark Aura\n|turn|43\n|\n|t:|1664453111\n|move|p1a: Yveltal|Sucker Punch||[still]\n|-fail|p1a: Yveltal\n|move|p2a: A NEW DAY|Morning Sun|p2a: A NEW DAY\n|-heal|p2a: A NEW DAY|73\/100\n|\n|-heal|p2a: A NEW DAY|79\/100|[from] item: Leftovers\n|-damage|p1a: Yveltal|76\/100 tox|[from] psn\n|upkeep\n|turn|44\n|\n|t:|1664453118\n|move|p1a: Yveltal|Sucker Punch|p2a: A NEW DAY\n|-supereffective|p2a: A NEW DAY\n|-damage|p2a: A NEW DAY|33\/100\n|move|p2a: A NEW DAY|Sunsteel Strike|p1a: Yveltal\n|-damage|p1a: Yveltal|0 fnt\n|faint|p1a: Yveltal\n|\n|win|March Fires\n|c|\u2606Raph369|gg\n|c|\u2606March Fires|gg\n","uploadtime":1664453119,"views":87,"p1id":"raph369","p2id":"marchfires","formatid":"gen8ubers","rating":0,"private":0,"password":null}