{"id":"smogtours-gen7ubers-643552","p1":"Kate","p2":"Skysolo \u2764","format":"gen7ubers","log":"|inactive|Battle timer is ON: inactive players will automatically lose when time's up.\n|t:|1660437487\n|gametype|singles\n|player|p1|Kate|#kate|\n|player|p2|Skysolo \u2764|#pspl2019ubers|\n|teamsize|p1|6\n|teamsize|p2|6\n|gen|7\n|tier|[Gen 7] Ubers\n|rule|Sleep Clause Mod: Limit one foe put to sleep\n|rule|Species Clause: Limit one of each Pok\u00e9mon\n|rule|OHKO Clause: OHKO moves are banned\n|rule|Moody Clause: Moody is banned\n|rule|Evasion Moves Clause: Evasion moves are banned\n|rule|Endless Battle Clause: Forcing endless battles is banned\n|rule|HP Percentage Mod: HP is shown in percentages\n|rule|Mega Rayquaza Clause: You cannot mega evolve Rayquaza\n|clearpoke\n|poke|p1|Yveltal|item\n|poke|p1|Kyogre|item\n|poke|p1|Groudon|item\n|poke|p1|Ferrothorn, M|item\n|poke|p1|Arceus-*|item\n|poke|p1|Salamence, M|item\n|poke|p2|Groudon|item\n|poke|p2|Marshadow|item\n|poke|p2|Necrozma-Dusk-Mane|item\n|poke|p2|Yveltal|item\n|poke|p2|Giratina-Origin|item\n|poke|p2|Arceus-*|item\n|teampreview\n|c|\u2606Kate|Hf\n|c|\u2606Skysolo \u2764|u2\n|inactive|Kate has 270 seconds left.\n|inactive|Skysolo \u2764 has 270 seconds left.\n|\n|t:|1660437533\n|start\n|switch|p1a: Arceus|Arceus-Fairy|100\/100\n|switch|p2a: Arceus|Arceus-Fairy|100\/100\n|turn|1\n|\n|t:|1660437544\n|switch|p1a: Groudon|Groudon|100\/100\n|detailschange|p1a: Groudon|Groudon-Primal\n|-primal|p1a: Groudon\n|-weather|DesolateLand|[from] ability: Desolate Land|[of] p1a: Groudon\n|move|p2a: Arceus|Toxic|p1a: Groudon\n|-status|p1a: Groudon|tox\n|\n|-weather|DesolateLand|[upkeep]\n|-damage|p1a: Groudon|94\/100 tox|[from] psn\n|upkeep\n|turn|2\n|\n|t:|1660437550\n|move|p2a: Arceus|Stealth Rock|p1a: Groudon\n|-sidestart|p1: Kate|move: Stealth Rock\n|move|p1a: Groudon|Stealth Rock|p2a: Arceus\n|-sidestart|p2: Skysolo \u2764|move: Stealth Rock\n|\n|-weather|DesolateLand|[upkeep]\n|-damage|p1a: Groudon|82\/100 tox|[from] psn\n|upkeep\n|turn|3\n|\n|t:|1660437555\n|switch|p2a: Giratina|Giratina-Origin|100\/100\n|-damage|p2a: Giratina|88\/100|[from] Stealth Rock\n|-weather|none\n|switch|p1a: Ferrothorn|Ferrothorn, M|100\/100\n|-damage|p1a: Ferrothorn|94\/100|[from] Stealth Rock\n|\n|-heal|p1a: Ferrothorn|100\/100|[from] item: Leftovers\n|upkeep\n|turn|4\n|\n|t:|1660437563\n|move|p2a: Giratina|Thunder Wave|p1a: Ferrothorn|[miss]\n|-miss|p2a: Giratina|p1a: Ferrothorn\n|move|p1a: Ferrothorn|Toxic|p2a: Giratina\n|-status|p2a: Giratina|tox\n|\n|-damage|p2a: Giratina|82\/100 tox|[from] psn\n|upkeep\n|turn|5\n|\n|t:|1660437575\n|move|p2a: Giratina|Thunder Wave|p1a: Ferrothorn\n|-status|p1a: Ferrothorn|par\n|move|p1a: Ferrothorn|Leech Seed|p2a: Giratina\n|-start|p2a: Giratina|move: Leech Seed\n|\n|-damage|p2a: Giratina|70\/100 tox|[from] Leech Seed|[of] p1a: Ferrothorn\n|-damage|p2a: Giratina|57\/100 tox|[from] psn\n|upkeep\n|turn|6\n|\n|t:|1660437586\n|move|p2a: Giratina|Hex|p1a: Ferrothorn\n|-damage|p1a: Ferrothorn|47\/100 par\n|move|p1a: Ferrothorn|Spikes|p2a: Giratina\n|-sidestart|p2: Skysolo \u2764|Spikes\n|\n|-heal|p1a: Ferrothorn|54\/100 par|[from] item: Leftovers\n|-damage|p2a: Giratina|45\/100 tox|[from] Leech Seed|[of] p1a: Ferrothorn\n|-heal|p1a: Ferrothorn|71\/100 par|[silent]\n|-damage|p2a: Giratina|27\/100 tox|[from] psn\n|upkeep\n|turn|7\n|\n|t:|1660437595\n|switch|p1a: Kyogre|Kyogre|100\/100\n|-damage|p1a: Kyogre|88\/100|[from] Stealth Rock\n|detailschange|p1a: Kyogre|Kyogre-Primal\n|-primal|p1a: Kyogre\n|-weather|PrimordialSea|[from] ability: Primordial Sea|[of] p1a: Kyogre\n|move|p2a: Giratina|Draco Meteor|p1a: Kyogre\n|-damage|p1a: Kyogre|43\/100\n|-unboost|p2a: Giratina|spa|2\n|\n|-weather|PrimordialSea|[upkeep]\n|-damage|p2a: Giratina|14\/100 tox|[from] Leech Seed|[of] p1a: Kyogre\n|-heal|p1a: Kyogre|58\/100|[silent]\n|-damage|p2a: Giratina|0 fnt|[from] psn\n|faint|p2a: Giratina\n|upkeep\n|\n|t:|1660437609\n|switch|p2a: Marshadow|Marshadow|100\/100\n|-damage|p2a: Marshadow|94\/100|[from] Stealth Rock\n|-damage|p2a: Marshadow|82\/100|[from] Spikes\n|turn|8\n|\n|t:|1660437616\n|-weather|none\n|switch|p1a: Yveltal|Yveltal|100\/100\n|-damage|p1a: Yveltal|76\/100|[from] Stealth Rock\n|-ability|p1a: Yveltal|Dark Aura\n|move|p2a: Marshadow|Low Kick|p1a: Yveltal\n|-damage|p1a: Yveltal|19\/100\n|\n|upkeep\n|turn|9\n|\n|t:|1660437623\n|switch|p2a: Yveltal|Yveltal|100\/100\n|-damage|p2a: Yveltal|76\/100|[from] Stealth Rock\n|-ability|p2a: Yveltal|Dark Aura\n|move|p1a: Yveltal|Toxic|p2a: Yveltal\n|-status|p2a: Yveltal|tox\n|\n|-damage|p2a: Yveltal|70\/100 tox|[from] psn\n|upkeep\n|turn|10\n|\n|t:|1660437630\n|switch|p1a: Arceus|Arceus-Fairy|100\/100\n|-damage|p1a: Arceus|88\/100|[from] Stealth Rock\n|move|p2a: Yveltal|Knock Off|p1a: Arceus\n|-resisted|p1a: Arceus\n|-damage|p1a: Arceus|77\/100\n|\n|-damage|p2a: Yveltal|57\/100 tox|[from] psn\n|upkeep\n|turn|11\n|\n|t:|1660437642\n|switch|p2a: Necrozma|Necrozma-Dusk-Mane|100\/100\n|-damage|p2a: Necrozma|94\/100|[from] Stealth Rock\n|-damage|p2a: Necrozma|82\/100|[from] Spikes\n|move|p1a: Arceus|Judgment|p2a: Necrozma\n|-resisted|p2a: Necrozma\n|-damage|p2a: Necrozma|63\/100\n|\n|upkeep\n|turn|12\n|\n|t:|1660437649\n|switch|p1a: Ferrothorn|Ferrothorn, M|71\/100 par\n|-damage|p1a: Ferrothorn|65\/100 par|[from] Stealth Rock\n|move|p2a: Necrozma|Morning Sun|p2a: Necrozma\n|-heal|p2a: Necrozma|100\/100\n|\n|-heal|p1a: Ferrothorn|71\/100 par|[from] item: Leftovers\n|upkeep\n|turn|13\n|\n|t:|1660437653\n|detailschange|p2a: Necrozma|Necrozma-Ultra\n|-burst|p2a: Necrozma|Necrozma|Ultranecrozium Z\n|move|p2a: Necrozma|Heat Wave|p1a: Ferrothorn\n|-supereffective|p1a: Ferrothorn\n|-damage|p1a: Ferrothorn|0 fnt\n|faint|p1a: Ferrothorn\n|\n|upkeep\n|\n|t:|1660437678\n|switch|p1a: Groudon|Groudon-Primal|82\/100 tox\n|-damage|p1a: Groudon|70\/100 tox|[from] Stealth Rock\n|-weather|DesolateLand|[from] ability: Desolate Land|[of] p1a: Groudon\n|turn|14\n|\n|t:|1660437689\n|move|p2a: Necrozma|Photon Geyser|p1a: Groudon\n|-damage|p1a: Groudon|29\/100 tox\n|move|p1a: Groudon|Roar|p2a: Necrozma\n|drag|p2a: Arceus|Arceus-Fairy|100\/100\n|-damage|p2a: Arceus|88\/100|[from] Stealth Rock\n|-damage|p2a: Arceus|76\/100|[from] Spikes\n|\n|-weather|DesolateLand|[upkeep]\n|-damage|p1a: Groudon|23\/100 tox|[from] psn\n|upkeep\n|turn|15\n|\n|t:|1660437697\n|move|p2a: Arceus|Recover|p2a: Arceus\n|-heal|p2a: Arceus|100\/100\n|move|p1a: Groudon|Overheat|p2a: Arceus\n|-damage|p2a: Arceus|35\/100\n|-unboost|p1a: Groudon|spa|2\n|\n|-weather|DesolateLand|[upkeep]\n|-damage|p1a: Groudon|11\/100 tox|[from] psn\n|upkeep\n|turn|16\n|\n|t:|1660437704\n|move|p2a: Arceus|Recover|p2a: Arceus\n|-heal|p2a: Arceus|86\/100\n|move|p1a: Groudon|Precipice Blades|p2a: Arceus\n|-damage|p2a: Arceus|49\/100\n|\n|-weather|DesolateLand|[upkeep]\n|-damage|p1a: Groudon|0 fnt|[from] psn\n|faint|p1a: Groudon\n|-weather|none\n|upkeep\n|\n|t:|1660437721\n|switch|p1a: Kyogre|Kyogre-Primal|58\/100\n|-damage|p1a: Kyogre|46\/100|[from] Stealth Rock\n|-weather|PrimordialSea|[from] ability: Primordial Sea|[of] p1a: Kyogre\n|turn|17\n|\n|t:|1660437728\n|move|p2a: Arceus|Recover|p2a: Arceus\n|-heal|p2a: Arceus|99\/100\n|move|p1a: Kyogre|Toxic|p2a: Arceus\n|-status|p2a: Arceus|tox\n|\n|-weather|PrimordialSea|[upkeep]\n|-damage|p2a: Arceus|94\/100 tox|[from] psn\n|upkeep\n|turn|18\n|\n|t:|1660437735\n|switch|p2a: Yveltal|Yveltal|57\/100 tox\n|-damage|p2a: Yveltal|32\/100 tox|[from] Stealth Rock\n|-ability|p2a: Yveltal|Dark Aura\n|move|p1a: Kyogre|Rest|p1a: Kyogre\n|-status|p1a: Kyogre|slp|[from] move: Rest\n|-heal|p1a: Kyogre|100\/100 slp|[silent]\n|\n|-weather|PrimordialSea|[upkeep]\n|-damage|p2a: Yveltal|26\/100 tox|[from] psn\n|upkeep\n|turn|19\n|\n|t:|1660437740\n|-weather|none\n|switch|p1a: Yveltal|Yveltal|19\/100\n|-damage|p1a: Yveltal|0 fnt|[from] Stealth Rock\n|faint|p1a: Yveltal\n|move|p2a: Yveltal|Knock Off|p1: Yveltal|[notarget]\n|-fail|p2a: Yveltal\n|\n|-damage|p2a: Yveltal|14\/100 tox|[from] psn\n|upkeep\n|\n|t:|1660437744\n|switch|p1a: Salamence|Salamence, M|100\/100\n|-damage|p1a: Salamence|75\/100|[from] Stealth Rock\n|-ability|p1a: Salamence|Intimidate|boost\n|-unboost|p2a: Yveltal|atk|1\n|turn|20\n|\n|t:|1660437756\n|detailschange|p1a: Salamence|Salamence-Mega, M\n|-mega|p1a: Salamence|Salamence|Salamencite\n|move|p1a: Salamence|Dragon Dance|p1a: Salamence\n|-boost|p1a: Salamence|atk|1\n|-boost|p1a: Salamence|spe|1\n|move|p2a: Yveltal|Toxic|p1a: Salamence\n|-status|p1a: Salamence|tox\n|\n|-damage|p1a: Salamence|69\/100 tox|[from] psn\n|-damage|p2a: Yveltal|0 fnt|[from] psn\n|faint|p2a: Yveltal\n|upkeep\n|\n|t:|1660437760\n|switch|p2a: Arceus|Arceus-Fairy|94\/100 tox\n|-damage|p2a: Arceus|81\/100 tox|[from] Stealth Rock\n|-damage|p2a: Arceus|69\/100 tox|[from] Spikes\n|turn|21\n|\n|t:|1660437766\n|move|p1a: Salamence|Frustration|p2a: Arceus\n|-damage|p2a: Arceus|6\/100 tox\n|move|p2a: Arceus|Judgment|p1a: Salamence\n|-supereffective|p1a: Salamence\n|-damage|p1a: Salamence|0 fnt\n|faint|p1a: Salamence\n|\n|-damage|p2a: Arceus|0 fnt|[from] psn\n|faint|p2a: Arceus\n|upkeep\n|inactive|Kate has 270 seconds left.\n|\n|t:|1660437798\n|switch|p1a: Kyogre|Kyogre-Primal|100\/100 slp\n|switch|p2a: Necrozma|Necrozma-Ultra|100\/100\n|-damage|p2a: Necrozma|88\/100|[from] Stealth Rock\n|-damage|p2a: Necrozma|76\/100|[from] Spikes\n|-damage|p1a: Kyogre|88\/100 slp|[from] Stealth Rock\n|-weather|PrimordialSea|[from] ability: Primordial Sea|[of] p1a: Kyogre\n|turn|22\n|\n|t:|1660437802\n|move|p2a: Necrozma|Photon Geyser|p1a: Kyogre\n|-damage|p1a: Kyogre|53\/100 slp\n|cant|p1a: Kyogre|slp\n|move|p1a: Kyogre|Sleep Talk|p1a: Kyogre\n|move|p1a: Kyogre|Rest||[from]move: Sleep Talk|[still]\n|-fail|p1a: Kyogre\n|\n|-weather|PrimordialSea|[upkeep]\n|upkeep\n|turn|23\n|\n|t:|1660437809\n|move|p2a: Necrozma|Photon Geyser|p1a: Kyogre\n|-damage|p1a: Kyogre|19\/100 slp\n|cant|p1a: Kyogre|slp\n|move|p1a: Kyogre|Sleep Talk|p1a: Kyogre\n|move|p1a: Kyogre|Rest||[from]move: Sleep Talk|[still]\n|-fail|p1a: Kyogre\n|\n|-weather|PrimordialSea|[upkeep]\n|upkeep\n|turn|24\n|\n|t:|1660437812\n|move|p2a: Necrozma|Photon Geyser|p1a: Kyogre\n|-damage|p1a: Kyogre|0 fnt\n|faint|p1a: Kyogre\n|-weather|none\n|\n|upkeep\n|\n|t:|1660437814\n|switch|p1a: Arceus|Arceus-Fairy|77\/100\n|-damage|p1a: Arceus|65\/100|[from] Stealth Rock\n|turn|25\n|\n|t:|1660437816\n|-zpower|p2a: Necrozma\n|move|p2a: Necrozma|Light That Burns the Sky|p1a: Arceus|[zeffect]\n|-damage|p1a: Arceus|0 fnt\n|faint|p1a: Arceus\n|\n|win|Skysolo \u2764\n|c|\u2606Skysolo \u2764|ggs\n","uploadtime":1660437817,"views":162,"p1id":"kate","p2id":"skysolo","formatid":"gen7ubers","rating":0,"private":0,"password":null}