{"id":"smogtours-gen8ubers-639871","p1":"sashh","p2":"Skysolo \u2764","format":"gen8ubers","log":"|inactive|Battle timer is ON: inactive players will automatically lose when time's up.\n|t:|1658606145\n|gametype|singles\n|player|p1|sashh|#ptpl3medicham|\n|player|p2|Skysolo \u2764|#pspl2019ubers|\n|teamsize|p1|6\n|teamsize|p2|6\n|gen|8\n|tier|[Gen 8] Ubers\n|rule|Sleep Clause Mod: Limit one foe put to sleep\n|rule|Species Clause: Limit one of each Pok\u00e9mon\n|rule|OHKO Clause: OHKO moves are banned\n|rule|Evasion Moves Clause: Evasion moves are banned\n|rule|Endless Battle Clause: Forcing endless battles is banned\n|rule|HP Percentage Mod: HP is shown in percentages\n|rule|Dynamax Clause: You cannot dynamax\n|clearpoke\n|poke|p1|Aerodactyl, F|\n|poke|p1|Weavile, M|\n|poke|p1|Yveltal|\n|poke|p1|Calyrex-Shadow|\n|poke|p1|Necrozma-Dusk-Mane|\n|poke|p1|Marshadow|\n|poke|p2|Marshadow|\n|poke|p2|Eternatus|\n|poke|p2|Yveltal|\n|poke|p2|Necrozma-Dusk-Mane|\n|poke|p2|Groudon|\n|poke|p2|Calyrex-Shadow|\n|teampreview\n|inactive|sashh also wants the timer to be on.\n|c|\u2606sashh|hf\n|c|\u2606Skysolo \u2764|u2\n|inactive|Skysolo \u2764 has 270 seconds left.\n|inactive|Skysolo \u2764 has 240 seconds left.\n|\n|t:|1658606207\n|start\n|switch|p1a: Aerodactyl|Aerodactyl, F|100\/100\n|switch|p2a: Calyrex|Calyrex-Shadow|100\/100\n|-ability|p2a: Calyrex|As One\n|-ability|p2a: Calyrex|Unnerve\n|-ability|p1a: Aerodactyl|Pressure\n|turn|1\n|\n|t:|1658606213\n|move|p2a: Calyrex|Substitute|p2a: Calyrex\n|-start|p2a: Calyrex|Substitute\n|-damage|p2a: Calyrex|76\/100\n|move|p1a: Aerodactyl|Rock Tomb|p2a: Calyrex\n|-end|p2a: Calyrex|Substitute\n|\n|-heal|p2a: Calyrex|82\/100|[from] item: Leftovers\n|upkeep\n|turn|2\n|\n|t:|1658606218\n|move|p2a: Calyrex|Leech Seed|p1a: Aerodactyl\n|-start|p1a: Aerodactyl|move: Leech Seed\n|move|p1a: Aerodactyl|Rock Tomb|p2a: Calyrex\n|-damage|p2a: Calyrex|55\/100\n|-unboost|p2a: Calyrex|spe|1\n|\n|-heal|p2a: Calyrex|61\/100|[from] item: Leftovers\n|-damage|p1a: Aerodactyl|88\/100|[from] Leech Seed|[of] p2a: Calyrex\n|-heal|p2a: Calyrex|72\/100|[silent]\n|upkeep\n|turn|3\n|\n|t:|1658606226\n|move|p1a: Aerodactyl|Stealth Rock|p2a: Calyrex\n|-sidestart|p2: Skysolo \u2764|move: Stealth Rock\n|move|p2a: Calyrex|Substitute|p2a: Calyrex\n|-start|p2a: Calyrex|Substitute\n|-damage|p2a: Calyrex|47\/100\n|\n|-heal|p2a: Calyrex|53\/100|[from] item: Leftovers\n|-damage|p1a: Aerodactyl|76\/100|[from] Leech Seed|[of] p2a: Calyrex\n|-heal|p2a: Calyrex|64\/100|[silent]\n|upkeep\n|turn|4\n|\n|t:|1658606235\n|move|p1a: Aerodactyl|Rock Tomb|p2a: Calyrex\n|-end|p2a: Calyrex|Substitute\n|move|p2a: Calyrex|Astral Barrage|p1a: Aerodactyl\n|-damage|p1a: Aerodactyl|0 fnt\n|faint|p1a: Aerodactyl\n|-ability|p2a: Calyrex|Grim Neigh|boost\n|-boost|p2a: Calyrex|spa|1\n|\n|-heal|p2a: Calyrex|70\/100|[from] item: Leftovers\n|upkeep\n|inactive|sashh has 270 seconds left.\n|\n|t:|1658606275\n|switch|p1a: Yveltal|Yveltal|100\/100\n|-ability|p1a: Yveltal|Dark Aura\n|turn|5\n|\n|t:|1658606303\n|switch|p2a: Eternatus|Eternatus|100\/100\n|-damage|p2a: Eternatus|88\/100|[from] Stealth Rock\n|-ability|p2a: Eternatus|Pressure\n|-item|p2a: Eternatus|Air Balloon\n|move|p1a: Yveltal|Knock Off|p2a: Eternatus\n|-damage|p2a: Eternatus|25\/100\n|-enditem|p2a: Eternatus|Air Balloon\n|\n|upkeep\n|turn|6\n|\n|t:|1658606312\n|move|p2a: Eternatus|Recover|p2a: Eternatus\n|-heal|p2a: Eternatus|75\/100\n|move|p1a: Yveltal|Taunt|p2a: Eternatus\n|-start|p2a: Eternatus|move: Taunt\n|\n|upkeep\n|turn|7\n|\n|t:|1658606317\n|move|p2a: Eternatus|Sludge Bomb|p1a: Yveltal\n|-damage|p1a: Yveltal|68\/100\n|move|p1a: Yveltal|Knock Off|p2a: Eternatus\n|-damage|p2a: Eternatus|38\/100\n|\n|upkeep\n|turn|8\n|\n|t:|1658606324\n|move|p2a: Eternatus|Sludge Bomb|p1a: Yveltal\n|-damage|p1a: Yveltal|33\/100\n|move|p1a: Yveltal|Knock Off|p2a: Eternatus\n|-damage|p2a: Eternatus|3\/100\n|\n|upkeep\n|turn|9\n|\n|t:|1658606331\n|move|p1a: Yveltal|Sucker Punch|p2a: Eternatus\n|-damage|p2a: Eternatus|0 fnt\n|faint|p2a: Eternatus\n|\n|upkeep\n|\n|t:|1658606343\n|switch|p2a: Marshadow|Marshadow|100\/100\n|-damage|p2a: Marshadow|94\/100|[from] Stealth Rock\n|turn|10\n|\n|t:|1658606365\n|move|p1a: Yveltal|Sucker Punch|p2a: Marshadow\n|-damage|p2a: Marshadow|16\/100\n|move|p2a: Marshadow|Low Kick|p1a: Yveltal\n|-damage|p1a: Yveltal|0 fnt\n|faint|p1a: Yveltal\n|\n|upkeep\n|c|+Aurora|is this homefield\n|c|\u2606sashh|y\n|inactive|sashh has 270 seconds left.\n|\n|t:|1658606421\n|switch|p1a: Calyrex|Calyrex-Shadow|100\/100\n|-ability|p1a: Calyrex|As One\n|-ability|p1a: Calyrex|Unnerve\n|turn|11\n|\n|t:|1658606426\n|switch|p2a: Yveltal|Yveltal|100\/100\n|-ability|p2a: Yveltal|Dark Aura\n|move|p1a: Calyrex|Astral Barrage|p2a: Yveltal\n|-resisted|p2a: Yveltal\n|-damage|p2a: Yveltal|71\/100\n|\n|upkeep\n|turn|12\n|\n|t:|1658606436\n|move|p1a: Calyrex|Nasty Plot|p1a: Calyrex\n|-boost|p1a: Calyrex|spa|2\n|move|p2a: Yveltal|Knock Off|p1a: Calyrex\n|-supereffective|p1a: Calyrex\n|-enditem|p1a: Calyrex|Focus Sash\n|-damage|p1a: Calyrex|1\/100\n|\n|upkeep\n|turn|13\n|\n|t:|1658606444\n|move|p1a: Calyrex|Nasty Plot|p1a: Calyrex\n|-boost|p1a: Calyrex|spa|2\n|move|p2a: Yveltal|Knock Off|p1a: Calyrex\n|-supereffective|p1a: Calyrex\n|-crit|p1a: Calyrex\n|-damage|p1a: Calyrex|0 fnt\n|faint|p1a: Calyrex\n|\n|upkeep\n|\n|t:|1658606470\n|switch|p1a: Marshadow|Marshadow|100\/100\n|turn|14\n|\n|t:|1658606475\n|move|p1a: Marshadow|Low Kick|p2a: Yveltal\n|-damage|p2a: Yveltal|1\/100\n|-damage|p1a: Marshadow|91\/100|[from] item: Life Orb\n|move|p2a: Yveltal|Knock Off|p1a: Marshadow\n|-damage|p1a: Marshadow|15\/100\n|-enditem|p1a: Marshadow|Life Orb|[from] move: Knock Off|[of] p2a: Yveltal\n|\n|upkeep\n|turn|15\n|\n|t:|1658606482\n|move|p1a: Marshadow|Shadow Sneak|p2a: Yveltal\n|-resisted|p2a: Yveltal\n|-damage|p2a: Yveltal|0 fnt\n|faint|p2a: Yveltal\n|\n|upkeep\n|\n|t:|1658606490\n|switch|p2a: Groudon|Groudon|100\/100\n|-damage|p2a: Groudon|94\/100|[from] Stealth Rock\n|-weather|SunnyDay|[from] ability: Drought|[of] p2a: Groudon\n|turn|16\n|inactive|sashh has 270 seconds left.\n|\n|t:|1658606501\n|move|p1a: Marshadow|Bulk Up|p1a: Marshadow\n|-boost|p1a: Marshadow|atk|1\n|-boost|p1a: Marshadow|def|1\n|move|p2a: Groudon|Precipice Blades|p1a: Marshadow\n|-damage|p1a: Marshadow|0 fnt\n|faint|p1a: Marshadow\n|\n|-weather|SunnyDay|[upkeep]\n|-heal|p2a: Groudon|100\/100|[from] item: Leftovers\n|upkeep\n|\n|t:|1658606502\n|switch|p1a: Necrozma|Necrozma-Dusk-Mane|100\/100\n|turn|17\n|\n|t:|1658606506\n|move|p1a: Necrozma|Dragon Dance|p1a: Necrozma\n|-boost|p1a: Necrozma|atk|1\n|-boost|p1a: Necrozma|spe|1\n|move|p2a: Groudon|Precipice Blades|p1a: Necrozma\n|-supereffective|p1a: Necrozma\n|-damage|p1a: Necrozma|25\/100\n|-enditem|p1a: Necrozma|Weakness Policy\n|-boost|p1a: Necrozma|atk|2|[from] item: Weakness Policy\n|-boost|p1a: Necrozma|spa|2|[from] item: Weakness Policy\n|\n|-weather|SunnyDay|[upkeep]\n|upkeep\n|turn|18\n|\n|t:|1658606512\n|move|p1a: Necrozma|Sunsteel Strike|p2a: Groudon\n|-damage|p2a: Groudon|20\/100\n|move|p2a: Groudon|Stealth Rock|p1a: Necrozma\n|-sidestart|p1: sashh|move: Stealth Rock\n|\n|-weather|SunnyDay|[upkeep]\n|-heal|p2a: Groudon|26\/100|[from] item: Leftovers\n|upkeep\n|turn|19\n|\n|t:|1658606517\n|move|p1a: Necrozma|Sunsteel Strike|p2a: Groudon\n|-damage|p2a: Groudon|0 fnt\n|faint|p2a: Groudon\n|\n|-weather|SunnyDay|[upkeep]\n|upkeep\n|inactive|Skysolo \u2764 has 270 seconds left.\n|\n|t:|1658606562\n|switch|p2a: Calyrex|Calyrex-Shadow|70\/100\n|-ability|p2a: Calyrex|As One\n|-ability|p2a: Calyrex|Unnerve\n|-damage|p2a: Calyrex|58\/100|[from] Stealth Rock\n|turn|20\n|\n|t:|1658606585\n|move|p2a: Calyrex|Astral Barrage|p1a: Necrozma\n|-supereffective|p1a: Necrozma\n|-damage|p1a: Necrozma|0 fnt\n|faint|p1a: Necrozma\n|-ability|p2a: Calyrex|Grim Neigh|boost\n|-boost|p2a: Calyrex|spa|1\n|\n|-weather|none\n|-heal|p2a: Calyrex|64\/100|[from] item: Leftovers\n|upkeep\n|\n|t:|1658606586\n|switch|p1a: Weavile|Weavile, M|100\/100\n|-damage|p1a: Weavile|76\/100|[from] Stealth Rock\n|-ability|p1a: Weavile|Pressure\n|turn|21\n|\n|t:|1658606588\n|move|p2a: Calyrex|Astral Barrage|p1a: Weavile\n|-resisted|p1a: Weavile\n|-damage|p1a: Weavile|0 fnt\n|faint|p1a: Weavile\n|\n|win|Skysolo \u2764\n|c|\u2606sashh|gg\n|c|\u2606Skysolo \u2764|gg\n","uploadtime":1658606589,"views":10,"p1id":"sashh","p2id":"skysolo","formatid":"gen8ubers","rating":0,"private":0,"password":null}