{"id":"smogtours-gen8ubers-660356","p1":"Ainzcrad","p2":"Skysolo \u2764","format":"gen8ubers","log":"|inactive|Battle timer is ON: inactive players will automatically lose when time's up.\n|t:|1668019134\n|gametype|singles\n|player|p1|Ainzcrad|winona-gen6|\n|player|p2|Skysolo \u2764|#pspl2019ubers|\n|teamsize|p1|6\n|teamsize|p2|6\n|gen|8\n|tier|[Gen 8] Ubers\n|rule|Sleep Clause Mod: Limit one foe put to sleep\n|rule|Species Clause: Limit one of each Pok\u00e9mon\n|rule|OHKO Clause: OHKO moves are banned\n|rule|Evasion Items Clause: Evasion items are banned\n|rule|Evasion Moves Clause: Evasion moves are banned\n|rule|Endless Battle Clause: Forcing endless battles is banned\n|rule|HP Percentage Mod: HP is shown in percentages\n|rule|Dynamax Clause: You cannot dynamax\n|clearpoke\n|poke|p1|Kyogre|\n|poke|p1|Landorus-Therian, M|\n|poke|p1|Necrozma-Dusk-Mane|\n|poke|p1|Yveltal|\n|poke|p1|Marshadow|\n|poke|p1|Eternatus|\n|poke|p2|Aerodactyl, F|\n|poke|p2|Xerneas-*|\n|poke|p2|Yveltal|\n|poke|p2|Necrozma-Dusk-Mane|\n|poke|p2|Calyrex-Shadow|\n|poke|p2|Kyurem-Black|\n|teampreview\n|c|\u2606Ainzcrad|hf\n|c|\u2606Skysolo \u2764|u2\n|\n|t:|1668019151\n|start\n|switch|p1a: Landorus|Landorus-Therian, M|100\/100\n|switch|p2a: Aerodactyl|Aerodactyl, F|100\/100\n|-ability|p2a: Aerodactyl|Pressure\n|-ability|p1a: Landorus|Intimidate|boost\n|-unboost|p2a: Aerodactyl|atk|1\n|turn|1\n|\n|t:|1668019157\n|move|p2a: Aerodactyl|Stealth Rock|p1a: Landorus\n|-sidestart|p1: Ainzcrad|move: Stealth Rock\n|move|p1a: Landorus|Stealth Rock|p2a: Aerodactyl\n|-sidestart|p2: Skysolo \u2764|move: Stealth Rock\n|\n|upkeep\n|turn|2\n|\n|t:|1668019168\n|move|p2a: Aerodactyl|Rock Blast|p1a: Landorus\n|-damage|p1a: Landorus|96\/100\n|-damage|p1a: Landorus|90\/100\n|-hitcount|p1a: Landorus|2\n|move|p1a: Landorus|U-turn|p2a: Aerodactyl\n|-resisted|p2a: Aerodactyl\n|-damage|p2a: Aerodactyl|82\/100\n|\n|t:|1668019170\n|switch|p1a: Marshadow|Marshadow|100\/100|[from]move: U-turn\n|-damage|p1a: Marshadow|94\/100|[from] Stealth Rock\n|\n|upkeep\n|turn|3\n|\n|t:|1668019174\n|move|p2a: Aerodactyl|Rock Blast|p1a: Marshadow\n|-resisted|p1a: Marshadow\n|-damage|p1a: Marshadow|90\/100\n|-resisted|p1a: Marshadow\n|-damage|p1a: Marshadow|84\/100\n|-hitcount|p1a: Marshadow|2\n|move|p1a: Marshadow|Spectral Thief|p2a: Aerodactyl\n|-damage|p2a: Aerodactyl|0 fnt\n|faint|p2a: Aerodactyl\n|\n|upkeep\n|inactive|Skysolo \u2764 has 270 seconds left.\n|\n|t:|1668019209\n|switch|p2a: Yveltal|Yveltal|100\/100\n|-damage|p2a: Yveltal|76\/100|[from] Stealth Rock\n|-ability|p2a: Yveltal|Dark Aura\n|turn|4\n|\n|t:|1668019219\n|switch|p1a: Landorus|Landorus-Therian, M|90\/100\n|-damage|p1a: Landorus|77\/100|[from] Stealth Rock\n|-ability|p1a: Landorus|Intimidate|boost\n|-unboost|p2a: Yveltal|atk|1\n|move|p2a: Yveltal|Dark Pulse|p1a: Landorus\n|-damage|p1a: Landorus|0 fnt\n|faint|p1a: Landorus\n|-damage|p2a: Yveltal|66\/100|[from] item: Life Orb\n|\n|upkeep\n|\n|t:|1668019221\n|switch|p1a: Eternatus|Eternatus|100\/100\n|-damage|p1a: Eternatus|88\/100|[from] Stealth Rock\n|-ability|p1a: Eternatus|Pressure\n|turn|5\n|\n|t:|1668019227\n|move|p1a: Eternatus|Meteor Beam||[still]\n|-prepare|p1a: Eternatus|Meteor Beam\n|-boost|p1a: Eternatus|spa|1\n|-enditem|p1a: Eternatus|Power Herb\n|-anim|p1a: Eternatus|Meteor Beam|p2a: Yveltal\n|-supereffective|p2a: Yveltal\n|-damage|p2a: Yveltal|0 fnt\n|faint|p2a: Yveltal\n|\n|upkeep\n|\n|t:|1668019244\n|switch|p2a: Necrozma|Necrozma-Dusk-Mane|100\/100\n|-damage|p2a: Necrozma|94\/100|[from] Stealth Rock\n|turn|6\n|\n|t:|1668019247\n|switch|p1a: Marshadow|Marshadow|84\/100\n|-damage|p1a: Marshadow|78\/100|[from] Stealth Rock\n|move|p2a: Necrozma|Dragon Dance|p2a: Necrozma\n|-boost|p2a: Necrozma|atk|1\n|-boost|p2a: Necrozma|spe|1\n|\n|upkeep\n|turn|7\n|\n|t:|1668019251\n|move|p2a: Necrozma|Sunsteel Strike|p1a: Marshadow\n|-damage|p1a: Marshadow|0 fnt\n|faint|p1a: Marshadow\n|\n|upkeep\n|\n|t:|1668019253\n|switch|p1a: Kyogre|Kyogre|100\/100\n|-damage|p1a: Kyogre|88\/100|[from] Stealth Rock\n|-weather|RainDance|[from] ability: Drizzle|[of] p1a: Kyogre\n|turn|8\n|\n|t:|1668019256\n|move|p2a: Necrozma|Earthquake|p1a: Kyogre\n|-damage|p1a: Kyogre|51\/100\n|move|p1a: Kyogre|Scald|p2a: Necrozma\n|-damage|p2a: Necrozma|43\/100\n|-status|p2a: Necrozma|brn\n|-enditem|p2a: Necrozma|Lum Berry|[eat]\n|-curestatus|p2a: Necrozma|brn|[msg]\n|\n|-weather|RainDance|[upkeep]\n|-heal|p1a: Kyogre|58\/100|[from] item: Leftovers\n|upkeep\n|turn|9\n|\n|t:|1668019260\n|move|p2a: Necrozma|Earthquake|p1a: Kyogre\n|-damage|p1a: Kyogre|21\/100\n|move|p1a: Kyogre|Scald|p2a: Necrozma\n|-damage|p2a: Necrozma|0 fnt\n|faint|p2a: Necrozma\n|\n|-weather|RainDance|[upkeep]\n|-heal|p1a: Kyogre|27\/100|[from] item: Leftovers\n|upkeep\n|\n|t:|1668019278\n|switch|p2a: Calyrex|Calyrex-Shadow|100\/100\n|-ability|p2a: Calyrex|As One\n|-ability|p2a: Calyrex|Unnerve\n|-damage|p2a: Calyrex|88\/100|[from] Stealth Rock\n|turn|10\n|\n|t:|1668019281\n|switch|p1a: Yveltal|Yveltal|100\/100\n|-ability|p1a: Yveltal|Dark Aura\n|move|p2a: Calyrex|Astral Barrage|p1a: Yveltal\n|-resisted|p1a: Yveltal\n|-damage|p1a: Yveltal|77\/100\n|\n|-weather|RainDance|[upkeep]\n|upkeep\n|turn|11\n|\n|t:|1668019284\n|move|p2a: Calyrex|Nasty Plot|p2a: Calyrex\n|-boost|p2a: Calyrex|spa|2\n|move|p1a: Yveltal|Knock Off|p2a: Calyrex\n|-supereffective|p2a: Calyrex\n|-damage|p2a: Calyrex|0 fnt\n|-enditem|p2a: Calyrex|Focus Sash|[from] move: Knock Off|[of] p1a: Yveltal\n|faint|p2a: Calyrex\n|\n|-weather|RainDance|[upkeep]\n|upkeep\n|\n|t:|1668019290\n|switch|p2a: Xerneas|Xerneas|100\/100\n|-damage|p2a: Xerneas|88\/100|[from] Stealth Rock\n|-ability|p2a: Xerneas|Fairy Aura\n|turn|12\n|\n|t:|1668019292\n|move|p2a: Xerneas|Geomancy||[still]\n|-prepare|p2a: Xerneas|Geomancy\n|-enditem|p2a: Xerneas|Power Herb\n|-anim|p2a: Xerneas|Geomancy|p2a: Xerneas\n|-boost|p2a: Xerneas|spa|2\n|-boost|p2a: Xerneas|spd|2\n|-boost|p2a: Xerneas|spe|2\n|move|p1a: Yveltal|U-turn|p2a: Xerneas\n|-resisted|p2a: Xerneas\n|-damage|p2a: Xerneas|81\/100\n|\n|t:|1668019294\n|switch|p1a: Necrozma|Necrozma-Dusk-Mane|100\/100|[from]move: U-turn\n|-damage|p1a: Necrozma|94\/100|[from] Stealth Rock\n|\n|-weather|none\n|-heal|p1a: Necrozma|100\/100|[from] item: Leftovers\n|upkeep\n|turn|13\n|\n|t:|1668019297\n|move|p2a: Xerneas|Thunder|p1a: Necrozma\n|-damage|p1a: Necrozma|28\/100\n|-status|p1a: Necrozma|par\n|move|p1a: Necrozma|Sunsteel Strike|p2a: Xerneas\n|-supereffective|p2a: Xerneas\n|-damage|p2a: Xerneas|0 fnt\n|faint|p2a: Xerneas\n|\n|-heal|p1a: Necrozma|34\/100 par|[from] item: Leftovers\n|upkeep\n|\n|t:|1668019306\n|switch|p2a: Kyurem|Kyurem-Black|100\/100\n|-damage|p2a: Kyurem|76\/100|[from] Stealth Rock\n|-ability|p2a: Kyurem|Teravolt\n|turn|14\n|\n|t:|1668019312\n|move|p2a: Kyurem|Dragon Dance|p2a: Kyurem\n|-boost|p2a: Kyurem|atk|1\n|-boost|p2a: Kyurem|spe|1\n|move|p1a: Necrozma|Sunsteel Strike|p2a: Kyurem\n|-supereffective|p2a: Kyurem\n|-damage|p2a: Kyurem|0 fnt\n|faint|p2a: Kyurem\n|\n|win|Ainzcrad\n","uploadtime":1668019313,"views":12,"p1id":"ainzcrad","p2id":"skysolo","formatid":"gen8ubers","rating":0,"private":0,"password":null}