{"id":"smogtours-gen7lc-615110","p1":"trace","p2":"Laroxyl","format":"gen7lc","log":"|inactive|Battle timer is ON: inactive players will automatically lose when time's up.\n|t:|1647955663\n|gametype|singles\n|player|p1|trace|#trace|\n|player|p2|Laroxyl|#scl1spartans|\n|teamsize|p1|6\n|teamsize|p2|6\n|gen|7\n|tier|[Gen 7] LC\n|rule|Sleep Clause Mod: Limit one foe put to sleep\n|rule|Species Clause: Limit one of each Pok\u00e9mon\n|rule|OHKO Clause: OHKO moves are banned\n|rule|Moody Clause: Moody is banned\n|rule|Evasion Moves Clause: Evasion moves are banned\n|rule|Endless Battle Clause: Forcing endless battles is banned\n|rule|HP Percentage Mod: HP is shown in percentages\n|rule|Swagger Clause: Swagger is banned\n|clearpoke\n|poke|p1|Mienfoo, L5, M|item\n|poke|p1|Vullaby, L5, F|item\n|poke|p1|Mareanie, L5, F|item\n|poke|p1|Pawniard, L5, F|item\n|poke|p1|Diglett, L5, F|item\n|poke|p1|Abra, L5, F|item\n|poke|p2|Mienfoo, L5, M|item\n|poke|p2|Pawniard, L5, F|item\n|poke|p2|Chespin, L5, F|item\n|poke|p2|Mareanie, L5, F|item\n|poke|p2|Diglett, L5, F|item\n|poke|p2|Abra, L5, M|item\n|teampreview\n|c|\u2606Laroxyl|hf\n|c|\u2606trace|hf\n|inactive|trace has 270 seconds left.\n|inactive|Laroxyl has 270 seconds left.\n|\n|t:|1647955708\n|start\n|switch|p1a: Mienfoo|Mienfoo, L5, M|100\/100\n|switch|p2a: Mareanie|Mareanie, L5, F|100\/100\n|turn|1\n|\n|t:|1647955715\n|move|p1a: Mienfoo|Fake Out|p2a: Mareanie\n|-damage|p2a: Mareanie|88\/100\n|cant|p2a: Mareanie|flinch\n|\n|upkeep\n|turn|2\n|\n|t:|1647955722\n|move|p1a: Mienfoo|U-turn|p2a: Mareanie\n|-resisted|p2a: Mareanie\n|-damage|p2a: Mareanie|80\/100\n|\n|t:|1647955724\n|switch|p1a: Mareanie|Mareanie, L5, F|100\/100|[from]move: U-turn\n|move|p2a: Mareanie|Knock Off|p1a: Mareanie\n|-damage|p1a: Mareanie|84\/100\n|-enditem|p1a: Mareanie|Eviolite|[from] move: Knock Off|[of] p2a: Mareanie\n|\n|upkeep\n|turn|3\n|\n|t:|1647955760\n|move|p2a: Mareanie|Scald|p1a: Mareanie\n|-resisted|p1a: Mareanie\n|-damage|p1a: Mareanie|67\/100\n|move|p1a: Mareanie|Scald|p2a: Mareanie\n|-resisted|p2a: Mareanie\n|-damage|p2a: Mareanie|67\/100\n|\n|upkeep\n|turn|4\n|inactive|Laroxyl has 270 seconds left.\n|\n|t:|1647955785\n|move|p2a: Mareanie|Scald|p1a: Mareanie\n|-resisted|p1a: Mareanie\n|-damage|p1a: Mareanie|50\/100\n|move|p1a: Mareanie|Knock Off|p2a: Mareanie\n|-damage|p2a: Mareanie|50\/100\n|-enditem|p2a: Mareanie|Eviolite|[from] move: Knock Off|[of] p1a: Mareanie\n|\n|upkeep\n|turn|5\n|inactive|Laroxyl has 270 seconds left.\n|inactive|trace has 270 seconds left.\n|\n|t:|1647955814\n|move|p1a: Mareanie|Scald|p2a: Mareanie\n|-resisted|p2a: Mareanie\n|-damage|p2a: Mareanie|34\/100\n|move|p2a: Mareanie|Recover|p2a: Mareanie\n|-heal|p2a: Mareanie|84\/100\n|\n|upkeep\n|turn|6\n|\n|t:|1647955824\n|move|p2a: Mareanie|Scald|p1a: Mareanie\n|-resisted|p1a: Mareanie\n|-damage|p1a: Mareanie|34\/100\n|-status|p1a: Mareanie|brn\n|move|p1a: Mareanie|Recover|p1a: Mareanie\n|-heal|p1a: Mareanie|84\/100 brn\n|\n|-damage|p1a: Mareanie|80\/100 brn|[from] brn\n|upkeep\n|turn|7\n|\n|t:|1647955839\n|move|p1a: Mareanie|Scald|p2a: Mareanie\n|-resisted|p2a: Mareanie\n|-damage|p2a: Mareanie|67\/100\n|-status|p2a: Mareanie|brn\n|move|p2a: Mareanie|Sludge Bomb|p1a: Mareanie\n|-resisted|p1a: Mareanie\n|-damage|p1a: Mareanie|63\/100 brn\n|\n|-damage|p2a: Mareanie|63\/100 brn|[from] brn\n|-damage|p1a: Mareanie|59\/100 brn|[from] brn\n|upkeep\n|turn|8\n|\n|t:|1647955863\n|move|p1a: Mareanie|Recover|p1a: Mareanie\n|-heal|p1a: Mareanie|100\/100 brn\n|move|p2a: Mareanie|Recover|p2a: Mareanie\n|-heal|p2a: Mareanie|100\/100 brn\n|\n|-damage|p2a: Mareanie|96\/100 brn|[from] brn\n|-damage|p1a: Mareanie|96\/100 brn|[from] brn\n|upkeep\n|turn|9\n|\n|t:|1647955880\n|move|p1a: Mareanie|Sludge Bomb|p2a: Mareanie\n|-resisted|p2a: Mareanie\n|-damage|p2a: Mareanie|75\/100 brn\n|move|p2a: Mareanie|Scald|p1a: Mareanie\n|-resisted|p1a: Mareanie\n|-damage|p1a: Mareanie|80\/100 brn\n|\n|-damage|p1a: Mareanie|75\/100 brn|[from] brn\n|-damage|p2a: Mareanie|71\/100 brn|[from] brn\n|upkeep\n|turn|10\n|\n|t:|1647955892\n|move|p1a: Mareanie|Scald|p2a: Mareanie\n|-resisted|p2a: Mareanie\n|-damage|p2a: Mareanie|55\/100 brn\n|move|p2a: Mareanie|Scald|p1a: Mareanie\n|-resisted|p1a: Mareanie\n|-damage|p1a: Mareanie|59\/100 brn\n|\n|-damage|p1a: Mareanie|55\/100 brn|[from] brn\n|-damage|p2a: Mareanie|50\/100 brn|[from] brn\n|upkeep\n|turn|11\n|inactive|trace has 270 seconds left.\n|inactive|Laroxyl has 240 seconds left.\n|inactive|trace has 240 seconds left.\n|\n|t:|1647955954\n|switch|p2a: Mienfoo|Mienfoo, L5, M|100\/100\n|move|p1a: Mareanie|Scald|p2a: Mienfoo\n|-damage|p2a: Mienfoo|67\/100\n|-status|p2a: Mienfoo|brn\n|\n|-damage|p2a: Mienfoo|62\/100 brn|[from] brn\n|-damage|p1a: Mareanie|50\/100 brn|[from] brn\n|upkeep\n|turn|12\n|\n|t:|1647955965\n|switch|p1a: Mienfoo|Mienfoo, L5, M|100\/100\n|move|p2a: Mienfoo|U-turn|p1a: Mienfoo\n|-resisted|p1a: Mienfoo\n|-damage|p1a: Mienfoo|96\/100\n|\n|t:|1647955974\n|switch|p2a: Abra|Abra, L5, M|100\/100|[from]move: U-turn\n|\n|upkeep\n|turn|13\n|inactive|Laroxyl has 210 seconds left.\n|inactive|Laroxyl has 180 seconds left.\n|inactive|Laroxyl has 150 seconds left.\n|\n|t:|1647956075\n|switch|p2a: Mienfoo|Mienfoo, L5, M|96\/100 brn\n|move|p1a: Mienfoo|Fake Out|p2a: Mienfoo\n|-crit|p2a: Mienfoo\n|-damage|p2a: Mienfoo|72\/100 brn\n|\n|-damage|p2a: Mienfoo|67\/100 brn|[from] brn\n|upkeep\n|turn|14\n|inactive|trace has 240 seconds left.\n|inactive|Laroxyl has 120 seconds left.\n|\n|t:|1647956135\n|switch|p2a: Mareanie|Mareanie, L5, F|84\/100 brn\n|switch|p1a: Vullaby|Vullaby, L5, F|100\/100\n|\n|-damage|p2a: Mareanie|80\/100 brn|[from] brn\n|upkeep\n|turn|15\n|inactive|trace has 240 seconds left.\n|inactive|Laroxyl has 90 seconds left.\n|inactive|trace has 210 seconds left.\n|inactive|Laroxyl has 60 seconds left.\n|\n|t:|1647956182\n|-zpower|p1a: Vullaby\n|move|p1a: Vullaby|Supersonic Skystrike|p2a: Mareanie|[zeffect]\n|-damage|p2a: Mareanie|0 fnt\n|faint|p2a: Mareanie\n|\n|upkeep\n|inactive|Laroxyl has 60 seconds left.\n|\n|t:|1647956194\n|switch|p2a: Pawniard|Pawniard, L5, F|100\/100\n|turn|16\n|inactive|Laroxyl has 60 seconds left.\n|inactive|trace has 210 seconds left.\n|\n|t:|1647956213\n|switch|p1a: Mienfoo|Mienfoo, L5, M|100\/100\n|-zpower|p2a: Pawniard\n|move|p2a: Pawniard|Corkscrew Crash|p1a: Mienfoo|[zeffect]\n|-damage|p1a: Mienfoo|24\/100\n|\n|upkeep\n|turn|17\n|inactive|trace has 210 seconds left.\n|inactive|Laroxyl has 30 seconds left.\n|\n|t:|1647956250\n|switch|p2a: Mienfoo|Mienfoo, L5, M|100\/100 brn\n|move|p1a: Mienfoo|High Jump Kick|p2a: Mienfoo\n|-crit|p2a: Mienfoo\n|-damage|p2a: Mienfoo|15\/100 brn\n|\n|-damage|p2a: Mienfoo|10\/100 brn|[from] brn\n|upkeep\n|turn|18\n|inactive|Laroxyl has 30 seconds left.\n|inactive|trace has 180 seconds left.\n|inactive|Laroxyl has 20 seconds left.\n|inactive|Laroxyl has 15 seconds left.\n|\n|t:|1647956278\n|switch|p2a: Pawniard|Pawniard, L5, F|100\/100\n|switch|p1a: Vullaby|Vullaby, L5, F|100\/100\n|\n|upkeep\n|turn|19\n|inactive|Laroxyl has 25 seconds left this turn.\n|inactive|trace has 180 seconds left.\n|inactive|Laroxyl has 20 seconds left.\n|inactive|Laroxyl has 15 seconds left.\n|\n|t:|1647956293\n|move|p2a: Pawniard|Stealth Rock|p1a: Vullaby\n|-sidestart|p1: trace|move: Stealth Rock\n|move|p1a: Vullaby|Heat Wave|p2a: Pawniard\n|-supereffective|p2a: Pawniard\n|-damage|p2a: Pawniard|24\/100\n|\n|upkeep\n|turn|20\n|inactive|Laroxyl has 25 seconds left this turn.\n|inactive|Laroxyl has 20 seconds left.\n|inactive|Laroxyl has 15 seconds left.\n|inactive|Laroxyl has 10 seconds left.\n|\n|t:|1647956308\n|move|p2a: Pawniard|Iron Head|p1a: Vullaby\n|-damage|p1a: Vullaby|59\/100\n|-ability|p1a: Vullaby|Weak Armor|boost\n|-unboost|p1a: Vullaby|def|1\n|-boost|p1a: Vullaby|spe|2\n|cant|p1a: Vullaby|flinch\n|\n|upkeep\n|turn|21\n|inactive|Laroxyl has 20 seconds left this turn.\n|inactive|Laroxyl has 15 seconds left.\n|inactive|trace has 180 seconds left.\n|inactive|Laroxyl has 10 seconds left.\n|\n|t:|1647956319\n|move|p2a: Pawniard|Sucker Punch|p1a: Vullaby\n|-resisted|p1a: Vullaby\n|-damage|p1a: Vullaby|30\/100\n|-ability|p1a: Vullaby|Weak Armor|boost\n|-unboost|p1a: Vullaby|def|1\n|-boost|p1a: Vullaby|spe|2\n|move|p1a: Vullaby|Heat Wave|p2a: Pawniard\n|-supereffective|p2a: Pawniard\n|-damage|p2a: Pawniard|0 fnt\n|faint|p2a: Pawniard\n|\n|upkeep\n|inactive|Laroxyl has 15 seconds left this turn.\n|inactive|Laroxyl has 10 seconds left.\n|inactive|Laroxyl has 5 seconds left.\n|\n|t:|1647956331\n|switch|p2a: Mienfoo|Mienfoo, L5, M|43\/100 brn\n|turn|22\n|inactive|Laroxyl has 15 seconds left this turn.\n|\n|t:|1647956336\n|move|p2a: Mienfoo|Fake Out|p1a: Vullaby\n|-damage|p1a: Vullaby|17\/100\n|-ability|p1a: Vullaby|Weak Armor|boost\n|-unboost|p1a: Vullaby|def|1\n|-boost|p1a: Vullaby|spe|2\n|cant|p1a: Vullaby|flinch\n|\n|-damage|p2a: Mienfoo|39\/100 brn|[from] brn\n|upkeep\n|turn|23\n|inactive|Laroxyl has 25 seconds left this turn.\n|inactive|Laroxyl has 20 seconds left.\n|inactive|Laroxyl has 15 seconds left.\n|inactive|Laroxyl has 10 seconds left.\n|\n|t:|1647956354\n|switch|p2a: Chespin|Chespin, L5, F|100\/100\n|move|p1a: Vullaby|Brave Bird|p2a: Chespin\n|-supereffective|p2a: Chespin\n|-damage|p2a: Chespin|14\/100\n|-damage|p1a: Vullaby|0 fnt|[from] Recoil\n|faint|p1a: Vullaby\n|\n|upkeep\n|inactive|Laroxyl has 15 seconds left this turn.\n|\n|t:|1647956370\n|switch|p1a: Diglett|Diglett, L5, F|100\/100\n|-damage|p1a: Diglett|95\/100|[from] Stealth Rock\n|-item|p1a: Diglett|Air Balloon\n|turn|24\n|inactive|Laroxyl has 25 seconds left this turn.\n|\n|t:|1647956374\n|move|p1a: Diglett|Beat Up|p2a: Chespin\n|-damage|p2a: Chespin|9\/100\n|-damage|p2a: Chespin|5\/100\n|-damage|p2a: Chespin|0 fnt\n|faint|p2a: Chespin\n|-hitcount|p2: Chespin|3\n|\n|upkeep\n|inactive|Laroxyl has 30 seconds left this turn.\n|\n|t:|1647956383\n|switch|p2a: Mienfoo|Mienfoo, L5, M|72\/100 brn\n|turn|25\n|inactive|Laroxyl has 30 seconds left.\n|\n|t:|1647956396\n|switch|p1a: Mareanie|Mareanie, L5, F|84\/100 brn\n|-damage|p1a: Mareanie|71\/100 brn|[from] Stealth Rock\n|move|p2a: Mienfoo|U-turn|p1a: Mareanie\n|-resisted|p1a: Mareanie\n|-damage|p1a: Mareanie|67\/100 brn\n|inactive|Laroxyl has 30 seconds left this turn.\n|inactive|Laroxyl has 20 seconds left.\n|\n|t:|1647956406\n|switch|p2a: Abra|Abra, L5, M|100\/100|[from]move: U-turn\n|\n|-damage|p1a: Mareanie|63\/100 brn|[from] brn\n|upkeep\n|turn|26\n|inactive|Laroxyl has 30 seconds left this turn.\n|inactive|Laroxyl has 20 seconds left.\n|inactive|Laroxyl has 15 seconds left.\n|\n|t:|1647956421\n|move|p2a: Abra|Psychic|p1a: Mareanie\n|-supereffective|p1a: Mareanie\n|-damage|p1a: Mareanie|0 fnt\n|faint|p1a: Mareanie\n|\n|upkeep\n|inactive|Laroxyl has 20 seconds left this turn.\n|\n|t:|1647956441\n|switch|p1a: Diglett|Diglett, L5, F|95\/100\n|-damage|p1a: Diglett|89\/100|[from] Stealth Rock\n|-item|p1a: Diglett|Air Balloon\n|turn|27\n|inactive|Laroxyl has 30 seconds left this turn.\n|\n|t:|1647956446\n|move|p1a: Diglett|Beat Up|p2a: Abra\n|-supereffective|p2a: Abra\n|-damage|p2a: Abra|79\/100\n|-supereffective|p2a: Abra\n|-damage|p2a: Abra|58\/100\n|-supereffective|p2a: Abra\n|-damage|p2a: Abra|37\/100\n|-supereffective|p2a: Abra\n|-damage|p2a: Abra|16\/100\n|-hitcount|p2a: Abra|4\n|move|p2a: Abra|Psychic|p1a: Diglett\n|-damage|p1a: Diglett|0 fnt\n|-enditem|p1a: Diglett|Air Balloon\n|faint|p1a: Diglett\n|\n|upkeep\n|inactive|trace has 210 seconds left.\n|\n|t:|1647956471\n|switch|p1a: Abra|Abra, L5, F|100\/100\n|turn|28\n|inactive|trace has 210 seconds left.\n|inactive|Laroxyl has 30 seconds left.\n|\n|t:|1647956496\n|move|p1a: Abra|Psychic|p2a: Abra\n|-resisted|p2a: Abra\n|-damage|p2a: Abra|0 fnt\n|faint|p2a: Abra\n|\n|upkeep\n|inactive|Laroxyl has 30 seconds left this turn.\n|inactive|Laroxyl has 20 seconds left.\n|inactive|Laroxyl has 15 seconds left.\n|inactive|Laroxyl has 10 seconds left.\n|inactive|Laroxyl has 5 seconds left.\n|\n|t:|1647956523\n|switch|p2a: Mienfoo|Mienfoo, L5, M|100\/100 brn\n|turn|29\n|inactive|Laroxyl has 15 seconds left this turn.\n|inactive|Laroxyl has 10 seconds left.\n|\n|t:|1647956530\n|move|p1a: Abra|Protect|p1a: Abra\n|-singleturn|p1a: Abra|Protect\n|move|p2a: Mienfoo|Fake Out|p1a: Abra\n|-activate|p1a: Abra|move: Protect\n|\n|-damage|p2a: Mienfoo|96\/100 brn|[from] brn\n|upkeep\n|turn|30\n|inactive|Laroxyl has 20 seconds left this turn.\n|\n|t:|1647956533\n|move|p1a: Abra|Psychic|p2a: Mienfoo\n|-supereffective|p2a: Mienfoo\n|-damage|p2a: Mienfoo|0 fnt\n|faint|p2a: Mienfoo\n|\n|upkeep\n|inactive|Laroxyl has 25 seconds left this turn.\n|\n|t:|1647956535\n|switch|p2a: Diglett|Diglett, L5, F|100\/100\n|turn|31\n|\n|t:|1647956537\n|move|p2a: Diglett|Earthquake|p1a: Abra\n|-enditem|p1a: Abra|Focus Sash\n|-damage|p1a: Abra|6\/100\n|move|p1a: Abra|Energy Ball|p2a: Diglett\n|-supereffective|p2a: Diglett\n|-damage|p2a: Diglett|0 fnt\n|faint|p2a: Diglett\n|\n|win|trace\n|c|\u2606Laroxyl|gg\n|c|\u2606trace|gg\n","uploadtime":1647956538,"views":183,"p1id":"trace","p2id":"laroxyl","formatid":"gen7lc","rating":0,"private":0,"password":null}