{"id":"smogtours-gen2uu-601910","p1":"tolstoy","p2":"hsa","format":"gen2uu","log":"|inactive|Battle timer is ON: inactive players will automatically lose when time's up.\n|t:|1641773943\n|gametype|singles\n|player|p1|tolstoy|102|\n|player|p2|hsa|steven|\n|teamsize|p1|6\n|teamsize|p2|6\n|gen|2\n|tier|[Gen 2] UU\n|rule|Sleep Clause Mod: Limit one foe put to sleep\n|rule|Freeze Clause Mod: Limit one foe frozen\n|rule|Species Clause: Limit one of each Pok\u00e9mon\n|rule|OHKO Clause: OHKO moves are banned\n|rule|Evasion Moves Clause: Evasion moves are banned\n|rule|Endless Battle Clause: Forcing endless battles is banned\n|rule|HP Percentage Mod: HP is shown in percentages\n|\n|t:|1641773943\n|start\n|switch|p1a: Qwilfish|Qwilfish, M|100\/100\n|switch|p2a: Hypno|Hypno, M|100\/100\n|turn|1\n|c|\u2606hsa|hf\n|c|\u2606tolstoy|u2\n|inactive|tolstoy has 270 seconds left.\n|\n|t:|1641773975\n|switch|p1a: Hypno|Hypno, M|100\/100\n|move|p2a: Hypno|Thunder Wave|p1a: Hypno\n|-status|p1a: Hypno|par\n|\n|upkeep\n|turn|2\n|\n|t:|1641773993\n|move|p2a: Hypno|Seismic Toss|p1a: Hypno\n|-damage|p1a: Hypno|74\/100 par\n|cant|p1a: Hypno|par\n|\n|-heal|p1a: Hypno|80\/100 par|[from] item: Leftovers\n|upkeep\n|turn|3\n|\n|t:|1641773998\n|move|p2a: Hypno|Seismic Toss|p1a: Hypno\n|-damage|p1a: Hypno|53\/100 par\n|move|p1a: Hypno|Thunder Wave|p2a: Hypno\n|-status|p2a: Hypno|par\n|\n|-heal|p1a: Hypno|59\/100 par|[from] item: Leftovers\n|upkeep\n|turn|4\n|\n|t:|1641774007\n|switch|p2a: Quagsire|Quagsire, M|100\/100\n|move|p1a: Hypno|Thunder Wave|p2a: Quagsire\n|-immune|p2a: Quagsire\n|\n|-heal|p1a: Hypno|65\/100 par|[from] item: Leftovers\n|upkeep\n|turn|5\n|c|\u2606tolstoy|oh\n|c|\u2606tolstoy|this guy is legal?\n|c|\u2606hsa|yes sir\n|\n|t:|1641774029\n|switch|p1a: poga snaga|Granbull, M|100\/100\n|move|p2a: Quagsire|Hidden Power|p1a: poga snaga\n|-damage|p1a: poga snaga|85\/100\n|\n|-heal|p1a: poga snaga|91\/100|[from] item: Leftovers\n|upkeep\n|turn|6\n|\n|t:|1641774033\n|switch|p2a: Magneton|Magneton|100\/100\n|move|p1a: poga snaga|Curse|p1a: poga snaga\n|-unboost|p1a: poga snaga|spe|1\n|-boost|p1a: poga snaga|atk|1\n|-boost|p1a: poga snaga|def|1\n|\n|-heal|p1a: poga snaga|97\/100|[from] item: Leftovers\n|upkeep\n|turn|7\n|\n|t:|1641774058\n|switch|p1a: Electabuzz|Electabuzz, M|100\/100\n|move|p2a: Magneton|Thunder|p1a: Electabuzz|[miss]\n|-miss|p2a: Magneton\n|\n|upkeep\n|turn|8\n|\n|t:|1641774064\n|switch|p2a: Hypno|Hypno, M|100\/100 par\n|move|p1a: Electabuzz|Psychic|p2a: Hypno\n|-crit|p2a: Hypno\n|-resisted|p2a: Hypno\n|-damage|p2a: Hypno|83\/100 par\n|\n|-heal|p2a: Hypno|90\/100 par|[from] item: Leftovers\n|upkeep\n|turn|9\n|\n|t:|1641774075\n|switch|p1a: Hypno|Hypno, M|65\/100 par\n|move|p2a: Hypno|Seismic Toss|p1a: Hypno\n|-damage|p1a: Hypno|39\/100 par\n|\n|-heal|p1a: Hypno|45\/100 par|[from] item: Leftovers\n|-heal|p2a: Hypno|96\/100 par|[from] item: Leftovers\n|upkeep\n|turn|10\n|\n|t:|1641774090\n|switch|p2a: Quagsire|Quagsire, M|100\/100\n|move|p1a: Hypno|Rest|p1a: Hypno\n|-status|p1a: Hypno|slp|[from] move: Rest\n|-heal|p1a: Hypno|100\/100 slp|[silent]\n|\n|upkeep\n|turn|11\n|\n|t:|1641774105\n|switch|p1a: poga snaga|Granbull, M|97\/100\n|move|p2a: Quagsire|Earthquake|p1a: poga snaga\n|-damage|p1a: poga snaga|64\/100\n|\n|-heal|p1a: poga snaga|70\/100|[from] item: Leftovers\n|upkeep\n|turn|12\n|\n|t:|1641774110\n|move|p1a: poga snaga|Frustration|p2a: Quagsire\n|-damage|p2a: Quagsire|58\/100\n|move|p2a: Quagsire|Earthquake|p1a: poga snaga\n|-damage|p1a: poga snaga|40\/100\n|\n|-heal|p1a: poga snaga|46\/100|[from] item: Leftovers\n|-heal|p2a: Quagsire|64\/100|[from] item: Leftovers\n|upkeep\n|turn|13\n|\n|t:|1641774118\n|switch|p2a: Magneton|Magneton|100\/100\n|move|p1a: poga snaga|Frustration|p2a: Magneton\n|-resisted|p2a: Magneton\n|-damage|p2a: Magneton|78\/100\n|\n|-heal|p2a: Magneton|84\/100|[from] item: Leftovers\n|-heal|p1a: poga snaga|52\/100|[from] item: Leftovers\n|upkeep\n|turn|14\n|\n|t:|1641774123\n|switch|p2a: Quagsire|Quagsire, M|64\/100\n|switch|p1a: Electabuzz|Electabuzz, M|100\/100\n|\n|-heal|p2a: Quagsire|71\/100|[from] item: Leftovers\n|upkeep\n|turn|15\n|\n|t:|1641774126\n|switch|p1a: poga snaga|Granbull, M|52\/100\n|switch|p2a: Hypno|Hypno, M|96\/100 par\n|\n|-heal|p1a: poga snaga|58\/100|[from] item: Leftovers\n|-heal|p2a: Hypno|100\/100 par|[from] item: Leftovers\n|upkeep\n|turn|16\n|\n|t:|1641774136\n|switch|p1a: Hypno|Hypno, M|100\/100 slp\n|switch|p2a: Magneton|Magneton|84\/100\n|\n|-heal|p2a: Magneton|90\/100|[from] item: Leftovers\n|upkeep\n|turn|17\n|\n|t:|1641774147\n|switch|p2a: Hypno|Hypno, M|100\/100 par\n|cant|p1a: Hypno|slp\n|move|p1a: Hypno|Sleep Talk|p1a: Hypno\n|move|p1a: Hypno|Thunder Wave|p2a: Hypno|[from]Sleep Talk\n|-fail|p2a: Hypno|par\n|\n|upkeep\n|turn|18\n|\n|t:|1641774154\n|cant|p1a: Hypno|slp\n|move|p1a: Hypno|Sleep Talk|p1a: Hypno\n|move|p1a: Hypno|Psychic|p2a: Hypno|[from]Sleep Talk\n|-resisted|p2a: Hypno\n|-damage|p2a: Hypno|90\/100 par\n|move|p2a: Hypno|Seismic Toss|p1a: Hypno\n|-damage|p1a: Hypno|74\/100 slp\n|\n|-heal|p1a: Hypno|80\/100 slp|[from] item: Leftovers\n|-heal|p2a: Hypno|96\/100 par|[from] item: Leftovers\n|upkeep\n|turn|19\n|\n|t:|1641774163\n|switch|p1a: poga snaga|Granbull, M|58\/100\n|cant|p2a: Hypno|par\n|\n|-heal|p1a: poga snaga|64\/100|[from] item: Leftovers\n|-heal|p2a: Hypno|100\/100 par|[from] item: Leftovers\n|upkeep\n|turn|20\n|\n|t:|1641774168\n|switch|p2a: Magneton|Magneton|90\/100\n|move|p1a: poga snaga|Frustration|p2a: Magneton\n|-resisted|p2a: Magneton\n|-damage|p2a: Magneton|67\/100\n|\n|-heal|p2a: Magneton|73\/100|[from] item: Leftovers\n|-heal|p1a: poga snaga|70\/100|[from] item: Leftovers\n|upkeep\n|turn|21\n|\n|t:|1641774172\n|switch|p1a: Electabuzz|Electabuzz, M|100\/100\n|move|p2a: Magneton|Thunder|p1a: Electabuzz|[miss]\n|-miss|p2a: Magneton\n|\n|-heal|p2a: Magneton|79\/100|[from] item: Leftovers\n|upkeep\n|turn|22\n|\n|t:|1641774177\n|switch|p2a: Hypno|Hypno, M|100\/100 par\n|move|p1a: Electabuzz|Psychic|p2a: Hypno\n|-resisted|p2a: Hypno\n|-damage|p2a: Hypno|93\/100 par\n|-unboost|p2a: Hypno|spd|1\n|\n|-heal|p2a: Hypno|99\/100 par|[from] item: Leftovers\n|upkeep\n|turn|23\n|\n|t:|1641774180\n|move|p1a: Electabuzz|Psychic|p2a: Hypno\n|-resisted|p2a: Hypno\n|-damage|p2a: Hypno|87\/100 par\n|move|p2a: Hypno|Thunder Wave|p1a: Electabuzz\n|-status|p1a: Electabuzz|par\n|\n|-heal|p2a: Hypno|93\/100 par|[from] item: Leftovers\n|upkeep\n|turn|24\n|\n|t:|1641774186\n|-activate|p2a: Hypno|move: Pursuit\n|move|p1a: Electabuzz|Pursuit|p2a: Hypno|[from]Pursuit\n|-supereffective|p2a: Hypno\n|-damage|p2a: Hypno|45\/100 par\n|switch|p2a: Magneton|Magneton|79\/100\n|\n|-heal|p2a: Magneton|85\/100|[from] item: Leftovers\n|upkeep\n|turn|25\n|\n|t:|1641774214\n|switch|p2a: Quagsire|Quagsire, M|71\/100\n|move|p1a: Electabuzz|Psychic|p2a: Quagsire\n|-damage|p2a: Quagsire|46\/100\n|\n|-heal|p2a: Quagsire|53\/100|[from] item: Leftovers\n|upkeep\n|turn|26\n|\n|t:|1641774219\n|switch|p1a: poga snaga|Granbull, M|70\/100\n|move|p2a: Quagsire|Earthquake|p1a: poga snaga\n|-damage|p1a: poga snaga|34\/100\n|\n|-heal|p1a: poga snaga|40\/100|[from] item: Leftovers\n|-heal|p2a: Quagsire|59\/100|[from] item: Leftovers\n|upkeep\n|turn|27\n|\n|t:|1641774223\n|switch|p2a: Magneton|Magneton|85\/100\n|move|p1a: poga snaga|Rest|p1a: poga snaga\n|-status|p1a: poga snaga|slp|[from] move: Rest\n|-heal|p1a: poga snaga|100\/100 slp|[silent]\n|\n|-heal|p2a: Magneton|91\/100|[from] item: Leftovers\n|upkeep\n|turn|28\n|\n|t:|1641774226\n|switch|p2a: Hypno|Hypno, M|45\/100 par\n|cant|p1a: poga snaga|slp\n|move|p1a: poga snaga|Sleep Talk|p1a: poga snaga\n|move|p1a: poga snaga|Curse|p1a: poga snaga|[from]Sleep Talk\n|-unboost|p1a: poga snaga|spe|1\n|-boost|p1a: poga snaga|atk|1\n|-boost|p1a: poga snaga|def|1\n|\n|-heal|p2a: Hypno|51\/100 par|[from] item: Leftovers\n|upkeep\n|turn|29\n|c|\u2606tolstoy|greed\n|\n|t:|1641774231\n|switch|p2a: Magneton|Magneton|91\/100\n|cant|p1a: poga snaga|slp\n|move|p1a: poga snaga|Sleep Talk|p1a: poga snaga\n|move|p1a: poga snaga|Curse|p1a: poga snaga|[from]Sleep Talk\n|-unboost|p1a: poga snaga|spe|1\n|-boost|p1a: poga snaga|atk|1\n|-boost|p1a: poga snaga|def|1\n|\n|-heal|p2a: Magneton|97\/100|[from] item: Leftovers\n|upkeep\n|turn|30\n|c|\u2606hsa|uh oh\n|\n|t:|1641774246\n|move|p2a: Magneton|Thunder|p1a: poga snaga\n|-damage|p1a: poga snaga|47\/100 slp\n|-curestatus|p1a: poga snaga|slp|[msg]\n|move|p1a: poga snaga|Frustration|p2a: Magneton\n|-resisted|p2a: Magneton\n|-damage|p2a: Magneton|52\/100\n|\n|-heal|p2a: Magneton|58\/100|[from] item: Leftovers\n|-heal|p1a: poga snaga|54\/100|[from] item: Leftovers\n|upkeep\n|turn|31\n|\n|t:|1641774252\n|switch|p1a: Electabuzz|Electabuzz, M|100\/100 par\n|move|p2a: Magneton|Thunder|p1a: Electabuzz|[miss]\n|-miss|p2a: Magneton\n|\n|-heal|p2a: Magneton|64\/100|[from] item: Leftovers\n|upkeep\n|turn|32\n|\n|t:|1641774260\n|switch|p2a: Quagsire|Quagsire, M|59\/100\n|switch|p1a: Hypno|Hypno, M|80\/100 slp\n|\n|-heal|p1a: Hypno|86\/100 slp|[from] item: Leftovers\n|-heal|p2a: Quagsire|65\/100|[from] item: Leftovers\n|upkeep\n|turn|33\n|\n|t:|1641774267\n|switch|p1a: Qwilfish|Qwilfish, M|100\/100\n|switch|p2a: Magneton|Magneton|64\/100\n|\n|-heal|p2a: Magneton|69\/100|[from] item: Leftovers\n|upkeep\n|turn|34\n|\n|t:|1641774274\n|switch|p1a: Electabuzz|Electabuzz, M|100\/100 par\n|move|p2a: Magneton|Thunder|p1a: Electabuzz\n|-resisted|p1a: Electabuzz\n|-damage|p1a: Electabuzz|76\/100 par\n|\n|-heal|p2a: Magneton|75\/100|[from] item: Leftovers\n|-heal|p1a: Electabuzz|82\/100 par|[from] item: Leftovers\n|upkeep\n|turn|35\n|\n|t:|1641774287\n|switch|p2a: Hypno|Hypno, M|51\/100 par\n|cant|p1a: Electabuzz|par\n|\n|-heal|p1a: Electabuzz|88\/100 par|[from] item: Leftovers\n|-heal|p2a: Hypno|58\/100 par|[from] item: Leftovers\n|upkeep\n|turn|36\n|\n|t:|1641774292\n|switch|p1a: Qwilfish|Qwilfish, M|100\/100\n|cant|p2a: Hypno|par\n|\n|-heal|p2a: Hypno|64\/100 par|[from] item: Leftovers\n|upkeep\n|turn|37\n|\n|t:|1641774296\n|move|p1a: Qwilfish|Spikes|p2a: Hypno\n|-sidestart|p2: hsa|Spikes\n|move|p2a: Hypno|Thunder Wave|p1a: Qwilfish\n|-status|p1a: Qwilfish|par\n|\n|-heal|p2a: Hypno|70\/100 par|[from] item: Leftovers\n|upkeep\n|turn|38\n|\n|t:|1641774301\n|switch|p1a: poga snaga|Granbull, M|54\/100\n|switch|p2a: Blastoise|Blastoise, M|100\/100\n|-damage|p2a: Blastoise|88\/100|[from] Spikes\n|\n|-heal|p2a: Blastoise|94\/100|[from] item: Leftovers\n|-heal|p1a: poga snaga|60\/100|[from] item: Leftovers\n|upkeep\n|turn|39\n|\n|t:|1641774306\n|switch|p1a: Qwilfish|Qwilfish, M|100\/100 par\n|move|p2a: Blastoise|Rapid Spin|p1a: Qwilfish\n|-damage|p1a: Qwilfish|95\/100 par\n|-sideend|p2: hsa|Spikes|[from] move: Rapid Spin|[of] p2a: Blastoise\n|\n|-heal|p2a: Blastoise|99\/100|[from] item: Leftovers\n|-heal|p1a: Qwilfish|100\/100 par|[from] item: Leftovers\n|upkeep\n|turn|40\n|\n|t:|1641774314\n|move|p2a: Blastoise|Surf|p1a: Qwilfish\n|-resisted|p1a: Qwilfish\n|-damage|p1a: Qwilfish|79\/100 par\n|move|p1a: Qwilfish|Spikes|p2a: Blastoise\n|-sidestart|p2: hsa|Spikes\n|\n|-heal|p2a: Blastoise|100\/100|[from] item: Leftovers\n|-heal|p1a: Qwilfish|85\/100 par|[from] item: Leftovers\n|upkeep\n|turn|41\n|\n|t:|1641774318\n|move|p2a: Blastoise|Rapid Spin|p1a: Qwilfish\n|-damage|p1a: Qwilfish|80\/100 par\n|-sideend|p2: hsa|Spikes|[from] move: Rapid Spin|[of] p2a: Blastoise\n|move|p1a: Qwilfish|Curse|p1a: Qwilfish\n|-unboost|p1a: Qwilfish|spe|1\n|-boost|p1a: Qwilfish|atk|1\n|-boost|p1a: Qwilfish|def|1\n|\n|-heal|p1a: Qwilfish|86\/100 par|[from] item: Leftovers\n|upkeep\n|turn|42\n|\n|t:|1641774326\n|switch|p2a: Magneton|Magneton|75\/100\n|move|p1a: Qwilfish|Spikes|p2a: Magneton\n|-sidestart|p2: hsa|Spikes\n|\n|-heal|p2a: Magneton|81\/100|[from] item: Leftovers\n|-heal|p1a: Qwilfish|92\/100 par|[from] item: Leftovers\n|upkeep\n|turn|43\n|\n|t:|1641774335\n|switch|p1a: Electabuzz|Electabuzz, M|88\/100 par\n|move|p2a: Magneton|Thunder|p1a: Electabuzz\n|-resisted|p1a: Electabuzz\n|-damage|p1a: Electabuzz|62\/100 par\n|\n|-heal|p2a: Magneton|87\/100|[from] item: Leftovers\n|-heal|p1a: Electabuzz|68\/100 par|[from] item: Leftovers\n|upkeep\n|turn|44\n|\n|t:|1641774342\n|move|p2a: Magneton|Hidden Power|p1a: Electabuzz\n|-crit|p1a: Electabuzz\n|-damage|p1a: Electabuzz|28\/100 par\n|move|p1a: Electabuzz|Rest|p1a: Electabuzz\n|-status|p1a: Electabuzz|slp|[from] move: Rest\n|-heal|p1a: Electabuzz|100\/100 slp|[silent]\n|\n|-heal|p2a: Magneton|93\/100|[from] item: Leftovers\n|upkeep\n|turn|45\n|\n|t:|1641774351\n|switch|p2a: Blastoise|Blastoise, M|100\/100\n|-damage|p2a: Blastoise|88\/100|[from] Spikes\n|cant|p1a: Electabuzz|slp\n|\n|-heal|p2a: Blastoise|94\/100|[from] item: Leftovers\n|upkeep\n|turn|46\n|\n|t:|1641774356\n|switch|p1a: Qwilfish|Qwilfish, M|92\/100 par\n|move|p2a: Blastoise|Rapid Spin|p1a: Qwilfish\n|-damage|p1a: Qwilfish|86\/100 par\n|-sideend|p2: hsa|Spikes|[from] move: Rapid Spin|[of] p2a: Blastoise\n|\n|-heal|p2a: Blastoise|99\/100|[from] item: Leftovers\n|-heal|p1a: Qwilfish|92\/100 par|[from] item: Leftovers\n|upkeep\n|turn|47\n|\n|t:|1641774363\n|switch|p2a: Magneton|Magneton|93\/100\n|move|p1a: Qwilfish|Spikes|p2a: Magneton\n|-sidestart|p2: hsa|Spikes\n|\n|-heal|p2a: Magneton|99\/100|[from] item: Leftovers\n|-heal|p1a: Qwilfish|98\/100 par|[from] item: Leftovers\n|upkeep\n|turn|48\n|\n|t:|1641774370\n|switch|p2a: Quagsire|Quagsire, M|65\/100\n|-damage|p2a: Quagsire|53\/100|[from] Spikes\n|switch|p1a: Electabuzz|Electabuzz, M|100\/100 slp\n|\n|-heal|p2a: Quagsire|59\/100|[from] item: Leftovers\n|upkeep\n|turn|49\n|\n|t:|1641774375\n|switch|p1a: poga snaga|Granbull, M|60\/100\n|move|p2a: Quagsire|Earthquake|p1a: poga snaga\n|-damage|p1a: poga snaga|25\/100\n|\n|-heal|p1a: poga snaga|31\/100|[from] item: Leftovers\n|-heal|p2a: Quagsire|65\/100|[from] item: Leftovers\n|upkeep\n|turn|50\n|\n|t:|1641774381\n|move|p1a: poga snaga|Rest|p1a: poga snaga\n|-status|p1a: poga snaga|slp|[from] move: Rest\n|-heal|p1a: poga snaga|100\/100 slp|[silent]\n|move|p2a: Quagsire|Earthquake|p1a: poga snaga\n|-damage|p1a: poga snaga|66\/100 slp\n|\n|-heal|p1a: poga snaga|72\/100 slp|[from] item: Leftovers\n|-heal|p2a: Quagsire|71\/100|[from] item: Leftovers\n|upkeep\n|turn|51\n|\n|t:|1641774386\n|switch|p2a: Magneton|Magneton|99\/100\n|-damage|p2a: Magneton|87\/100|[from] Spikes\n|cant|p1a: poga snaga|slp\n|move|p1a: poga snaga|Sleep Talk|p1a: poga snaga\n|move|p1a: poga snaga|Rest|p1a: poga snaga|[from]Sleep Talk\n|-status|p1a: poga snaga|slp|[from] move: Rest\n|-heal|p1a: poga snaga|100\/100 slp|[silent]\n|\n|-heal|p2a: Magneton|93\/100|[from] item: Leftovers\n|upkeep\n|turn|52\n|\n|t:|1641774397\n|move|p2a: Magneton|Thunder|p1a: poga snaga\n|-damage|p1a: poga snaga|42\/100 slp\n|cant|p1a: poga snaga|slp\n|move|p1a: poga snaga|Sleep Talk|p1a: poga snaga\n|move|p1a: poga snaga|Frustration|p2a: Magneton|[from]Sleep Talk\n|-resisted|p2a: Magneton\n|-damage|p2a: Magneton|69\/100\n|\n|-heal|p2a: Magneton|75\/100|[from] item: Leftovers\n|-heal|p1a: poga snaga|48\/100 slp|[from] item: Leftovers\n|upkeep\n|turn|53\n|\n|t:|1641774406\n|switch|p1a: Hypno|Hypno, M|86\/100 slp\n|move|p2a: Magneton|Thunder|p1a: Hypno\n|-damage|p1a: Hypno|50\/100 slp\n|\n|-heal|p2a: Magneton|81\/100|[from] item: Leftovers\n|-heal|p1a: Hypno|56\/100 slp|[from] item: Leftovers\n|upkeep\n|turn|54\n|\n|t:|1641774421\n|switch|p2a: Blastoise|Blastoise, M|99\/100\n|-damage|p2a: Blastoise|88\/100|[from] Spikes\n|-curestatus|p1a: Hypno|slp|[msg]\n|move|p1a: Hypno|Thunder Wave|p2a: Blastoise\n|-status|p2a: Blastoise|par\n|\n|-heal|p1a: Hypno|62\/100|[from] item: Leftovers\n|-heal|p2a: Blastoise|94\/100 par|[from] item: Leftovers\n|upkeep\n|turn|55\n|\n|t:|1641774426\n|switch|p1a: Qwilfish|Qwilfish, M|98\/100 par\n|move|p2a: Blastoise|Rapid Spin|p1a: Qwilfish\n|-damage|p1a: Qwilfish|93\/100 par\n|-sideend|p2: hsa|Spikes|[from] move: Rapid Spin|[of] p2a: Blastoise\n|\n|-heal|p1a: Qwilfish|99\/100 par|[from] item: Leftovers\n|-heal|p2a: Blastoise|99\/100 par|[from] item: Leftovers\n|upkeep\n|turn|56\n|\n|t:|1641774435\n|switch|p2a: Quagsire|Quagsire, M|71\/100\n|move|p1a: Qwilfish|Spikes|p2a: Quagsire\n|-sidestart|p2: hsa|Spikes\n|\n|-heal|p2a: Quagsire|78\/100|[from] item: Leftovers\n|-heal|p1a: Qwilfish|100\/100 par|[from] item: Leftovers\n|upkeep\n|turn|57\n|\n|t:|1641774445\n|switch|p1a: Hypno|Hypno, M|62\/100\n|move|p2a: Quagsire|Earthquake|p1a: Hypno\n|-damage|p1a: Hypno|27\/100\n|\n|-heal|p1a: Hypno|33\/100|[from] item: Leftovers\n|-heal|p2a: Quagsire|84\/100|[from] item: Leftovers\n|upkeep\n|turn|58\n|\n|t:|1641774452\n|move|p1a: Hypno|Rest|p1a: Hypno\n|-status|p1a: Hypno|slp|[from] move: Rest\n|-heal|p1a: Hypno|100\/100 slp|[silent]\n|move|p2a: Quagsire|Earthquake|p1a: Hypno\n|-damage|p1a: Hypno|67\/100 slp\n|\n|-heal|p1a: Hypno|73\/100 slp|[from] item: Leftovers\n|-heal|p2a: Quagsire|90\/100|[from] item: Leftovers\n|upkeep\n|turn|59\n|\n|t:|1641774456\n|switch|p2a: Blastoise|Blastoise, M|99\/100 par\n|-damage|p2a: Blastoise|87\/100 par|[from] Spikes\n|cant|p1a: Hypno|slp\n|move|p1a: Hypno|Sleep Talk|p1a: Hypno\n|move|p1a: Hypno|Thunder Wave|p2a: Blastoise|[from]Sleep Talk\n|-fail|p2a: Blastoise|par\n|\n|-heal|p1a: Hypno|79\/100 slp|[from] item: Leftovers\n|-heal|p2a: Blastoise|94\/100 par|[from] item: Leftovers\n|upkeep\n|turn|60\n|\n|t:|1641774460\n|switch|p1a: Qwilfish|Qwilfish, M|100\/100 par\n|move|p2a: Blastoise|Rapid Spin|p1a: Qwilfish\n|-crit|p1a: Qwilfish\n|-damage|p1a: Qwilfish|90\/100 par\n|-sideend|p2: hsa|Spikes|[from] move: Rapid Spin|[of] p2a: Blastoise\n|\n|-heal|p1a: Qwilfish|96\/100 par|[from] item: Leftovers\n|-heal|p2a: Blastoise|99\/100 par|[from] item: Leftovers\n|upkeep\n|turn|61\n|c|+pokemonisfun|LAX LAX TO THE MAX\n|\n|t:|1641774468\n|switch|p2a: Quagsire|Quagsire, M|90\/100\n|move|p1a: Qwilfish|Spikes|p2a: Quagsire\n|-sidestart|p2: hsa|Spikes\n|\n|-heal|p2a: Quagsire|96\/100|[from] item: Leftovers\n|-heal|p1a: Qwilfish|100\/100 par|[from] item: Leftovers\n|upkeep\n|turn|62\n|\n|t:|1641774476\n|switch|p1a: Hypno|Hypno, M|79\/100 slp\n|move|p2a: Quagsire|Earthquake|p1a: Hypno\n|-damage|p1a: Hypno|42\/100 slp\n|\n|-heal|p1a: Hypno|48\/100 slp|[from] item: Leftovers\n|-heal|p2a: Quagsire|100\/100|[from] item: Leftovers\n|upkeep\n|turn|63\n|\n|t:|1641774480\n|switch|p2a: Blastoise|Blastoise, M|99\/100 par\n|-damage|p2a: Blastoise|87\/100 par|[from] Spikes\n|cant|p1a: Hypno|slp\n|move|p1a: Hypno|Sleep Talk|p1a: Hypno\n|move|p1a: Hypno|Rest|p1a: Hypno|[from]Sleep Talk\n|-status|p1a: Hypno|slp|[from] move: Rest\n|-heal|p1a: Hypno|100\/100 slp|[silent]\n|\n|-heal|p2a: Blastoise|93\/100 par|[from] item: Leftovers\n|upkeep\n|turn|64\n|\n|t:|1641774490\n|switch|p1a: Qwilfish|Qwilfish, M|100\/100 par\n|cant|p2a: Blastoise|par\n|\n|-heal|p2a: Blastoise|99\/100 par|[from] item: Leftovers\n|upkeep\n|turn|65\n|\n|t:|1641774495\n|move|p1a: Qwilfish|Curse|p1a: Qwilfish\n|-unboost|p1a: Qwilfish|spe|1\n|-boost|p1a: Qwilfish|atk|1\n|-boost|p1a: Qwilfish|def|1\n|move|p2a: Blastoise|Rapid Spin|p1a: Qwilfish\n|-damage|p1a: Qwilfish|97\/100 par\n|-sideend|p2: hsa|Spikes|[from] move: Rapid Spin|[of] p2a: Blastoise\n|\n|-heal|p2a: Blastoise|100\/100 par|[from] item: Leftovers\n|-heal|p1a: Qwilfish|100\/100 par|[from] item: Leftovers\n|upkeep\n|turn|66\n|\n|t:|1641774504\n|switch|p2a: Magneton|Magneton|81\/100\n|move|p1a: Qwilfish|Spikes|p2a: Magneton\n|-sidestart|p2: hsa|Spikes\n|\n|-heal|p2a: Magneton|87\/100|[from] item: Leftovers\n|upkeep\n|turn|67\n|\n|t:|1641774511\n|switch|p2a: Quagsire|Quagsire, M|100\/100\n|-damage|p2a: Quagsire|88\/100|[from] Spikes\n|switch|p1a: Electabuzz|Electabuzz, M|100\/100 slp\n|\n|-heal|p2a: Quagsire|94\/100|[from] item: Leftovers\n|upkeep\n|turn|68\n|\n|t:|1641774515\n|switch|p1a: Hypno|Hypno, M|100\/100 slp\n|move|p2a: Quagsire|Belly Drum|p2a: Quagsire\n|-damage|p2a: Quagsire|44\/100\n|-setboost|p2a: Quagsire|atk|6|[from] move: Belly Drum\n|\n|-heal|p2a: Quagsire|51\/100|[from] item: Leftovers\n|upkeep\n|turn|69\n|\n|t:|1641774520\n|cant|p1a: Hypno|slp\n|move|p1a: Hypno|Sleep Talk|p1a: Hypno\n|move|p1a: Hypno|Thunder Wave|p2a: Quagsire|[from]Sleep Talk\n|-immune|p2a: Quagsire\n|move|p2a: Quagsire|Earthquake|p1a: Hypno\n|-damage|p1a: Hypno|0 fnt\n|faint|p1a: Hypno\n|\n|t:|1641774524\n|switch|p1a: Omastar|Omastar, M|100\/100\n|\n|-heal|p2a: Quagsire|57\/100|[from] item: Leftovers\n|upkeep\n|turn|70\n|\n|t:|1641774530\n|move|p1a: Omastar|Surf|p2a: Quagsire\n|-damage|p2a: Quagsire|15\/100\n|move|p2a: Quagsire|Earthquake|p1a: Omastar\n|-supereffective|p1a: Omastar\n|-damage|p1a: Omastar|0 fnt\n|faint|p1a: Omastar\n|\n|t:|1641774535\n|switch|p1a: aiko aiko|Sandslash, M|100\/100\n|\n|-heal|p2a: Quagsire|22\/100|[from] item: Leftovers\n|upkeep\n|turn|71\n|\n|t:|1641774542\n|switch|p2a: Jumpluff|Jumpluff, M|100\/100\n|move|p1a: aiko aiko|Earthquake|p2a: Jumpluff\n|-immune|p2a: Jumpluff\n|\n|upkeep\n|turn|72\n|c|+pokemonisfun|aiko aiko\n|\n|t:|1641774550\n|switch|p1a: poga snaga|Granbull, M|48\/100 slp\n|move|p2a: Jumpluff|Leech Seed|p1a: poga snaga\n|-start|p1a: poga snaga|move: Leech Seed\n|\n|-heal|p1a: poga snaga|54\/100 slp|[from] item: Leftovers\n|upkeep\n|turn|73\n|\n|t:|1641774557\n|switch|p2a: Magneton|Magneton|87\/100\n|-damage|p2a: Magneton|74\/100|[from] Spikes\n|switch|p1a: aiko aiko|Sandslash, M|100\/100\n|\n|-heal|p2a: Magneton|80\/100|[from] item: Leftovers\n|upkeep\n|turn|74\n|\n|t:|1641774561\n|switch|p2a: Jumpluff|Jumpluff, M|100\/100\n|move|p1a: aiko aiko|Rock Slide|p2a: Jumpluff|[miss]\n|-miss|p1a: aiko aiko\n|\n|upkeep\n|turn|75\n|\n|t:|1641774568\n|switch|p1a: poga snaga|Granbull, M|54\/100 slp\n|move|p2a: Jumpluff|Stun Spore|p1a: poga snaga|[miss]\n|-miss|p2a: Jumpluff\n|\n|-heal|p1a: poga snaga|60\/100 slp|[from] item: Leftovers\n|upkeep\n|turn|76\n|\n|t:|1641774575\n|switch|p2a: Magneton|Magneton|80\/100\n|-damage|p2a: Magneton|68\/100|[from] Spikes\n|cant|p1a: poga snaga|slp\n|move|p1a: poga snaga|Sleep Talk|p1a: poga snaga\n|move|p1a: poga snaga|Curse|p1a: poga snaga|[from]Sleep Talk\n|-unboost|p1a: poga snaga|spe|1\n|-boost|p1a: poga snaga|atk|1\n|-boost|p1a: poga snaga|def|1\n|\n|-heal|p2a: Magneton|74\/100|[from] item: Leftovers\n|-heal|p1a: poga snaga|66\/100 slp|[from] item: Leftovers\n|upkeep\n|turn|77\n|\n|t:|1641774582\n|move|p2a: Magneton|Thunder|p1a: poga snaga\n|-damage|p1a: poga snaga|8\/100 slp\n|-curestatus|p1a: poga snaga|slp|[msg]\n|move|p1a: poga snaga|Rest|p1a: poga snaga\n|-status|p1a: poga snaga|slp|[from] move: Rest\n|-heal|p1a: poga snaga|100\/100 slp|[silent]\n|\n|-heal|p2a: Magneton|80\/100|[from] item: Leftovers\n|upkeep\n|turn|78\n|\n|t:|1641774586\n|move|p2a: Magneton|Hidden Power|p1a: poga snaga\n|-damage|p1a: poga snaga|79\/100 slp\n|cant|p1a: poga snaga|slp\n|move|p1a: poga snaga|Sleep Talk|p1a: poga snaga\n|move|p1a: poga snaga|Rest|p1a: poga snaga|[from]Sleep Talk\n|-status|p1a: poga snaga|slp|[from] move: Rest\n|-heal|p1a: poga snaga|100\/100 slp|[silent]\n|\n|-heal|p2a: Magneton|86\/100|[from] item: Leftovers\n|upkeep\n|turn|79\n|\n|t:|1641774588\n|move|p2a: Magneton|Hidden Power|p1a: poga snaga\n|-damage|p1a: poga snaga|80\/100 slp\n|cant|p1a: poga snaga|slp\n|move|p1a: poga snaga|Sleep Talk|p1a: poga snaga\n|move|p1a: poga snaga|Curse|p1a: poga snaga|[from]Sleep Talk\n|-unboost|p1a: poga snaga|spe|1\n|-boost|p1a: poga snaga|atk|1\n|-boost|p1a: poga snaga|def|1\n|\n|-heal|p2a: Magneton|92\/100|[from] item: Leftovers\n|-heal|p1a: poga snaga|86\/100 slp|[from] item: Leftovers\n|upkeep\n|turn|80\n|\n|t:|1641774591\n|switch|p1a: aiko aiko|Sandslash, M|100\/100\n|move|p2a: Magneton|Thunder|p1a: aiko aiko\n|-immune|p1a: aiko aiko\n|\n|-heal|p2a: Magneton|98\/100|[from] item: Leftovers\n|upkeep\n|turn|81\n|c|\u2606hsa|i have been owned\n|\n|t:|1641774597\n|switch|p2a: Jumpluff|Jumpluff, M|100\/100\n|move|p1a: aiko aiko|Rock Slide|p2a: Jumpluff\n|-supereffective|p2a: Jumpluff\n|-damage|p2a: Jumpluff|57\/100\n|\n|-heal|p2a: Jumpluff|63\/100|[from] item: Leftovers\n|upkeep\n|turn|82\n|\n|t:|1641774605\n|switch|p1a: poga snaga|Granbull, M|86\/100 slp\n|move|p2a: Jumpluff|Synthesis|p2a: Jumpluff\n|-heal|p2a: Jumpluff|100\/100\n|\n|-heal|p1a: poga snaga|92\/100 slp|[from] item: Leftovers\n|upkeep\n|turn|83\n|\n|t:|1641774612\n|switch|p1a: aiko aiko|Sandslash, M|100\/100\n|move|p2a: Jumpluff|Stun Spore|p1a: aiko aiko\n|-status|p1a: aiko aiko|par\n|\n|upkeep\n|turn|84\n|\n|t:|1641774623\n|switch|p2a: Blastoise|Blastoise, M|100\/100 par\n|-damage|p2a: Blastoise|88\/100 par|[from] Spikes\n|move|p1a: aiko aiko|Swords Dance|p1a: aiko aiko\n|-boost|p1a: aiko aiko|atk|2\n|\n|-heal|p2a: Blastoise|94\/100 par|[from] item: Leftovers\n|upkeep\n|turn|85\n|\n|t:|1641774629\n|move|p2a: Blastoise|Surf|p1a: aiko aiko\n|-supereffective|p1a: aiko aiko\n|-damage|p1a: aiko aiko|13\/100 par\n|move|p1a: aiko aiko|Earthquake|p2a: Blastoise\n|-damage|p2a: Blastoise|33\/100 par\n|\n|-heal|p2a: Blastoise|40\/100 par|[from] item: Leftovers\n|-heal|p1a: aiko aiko|19\/100 par|[from] item: Leftovers\n|upkeep\n|turn|86\n|\n|t:|1641774633\n|move|p2a: Blastoise|Surf|p1a: aiko aiko\n|-supereffective|p1a: aiko aiko\n|-damage|p1a: aiko aiko|0 fnt\n|faint|p1a: aiko aiko\n|c|\u2606tolstoy|gg\n|-message|tolstoy forfeited.\n|\n|win|hsa\n","uploadtime":1641774639,"views":638,"p1id":"tolstoy","p2id":"hsa","formatid":"gen2uu","rating":0,"private":0,"password":null}