{"id":"smogtours-gen7ou-654821","p1":"Laroxyl","p2":"TDR","format":"gen7ou","log":"|inactive|Battle timer is ON: inactive players will automatically lose when time's up.\n|t:|1665839470\n|gametype|singles\n|player|p1|Laroxyl|#scl1spartans|\n|player|p2|TDR|ethan|\n|teamsize|p1|6\n|teamsize|p2|6\n|gen|7\n|tier|[Gen 7] OU\n|rule|Sleep Clause Mod: Limit one foe put to sleep\n|rule|Species Clause: Limit one of each Pok\u00e9mon\n|rule|OHKO Clause: OHKO moves are banned\n|rule|Moody Clause: Moody is banned\n|rule|Evasion Items Clause: Evasion items are banned\n|rule|Evasion Moves Clause: Evasion moves are banned\n|rule|Endless Battle Clause: Forcing endless battles is banned\n|rule|HP Percentage Mod: HP is shown in percentages\n|clearpoke\n|poke|p1|Toxapex, M|item\n|poke|p1|Gliscor, F|item\n|poke|p1|Ferrothorn, F|item\n|poke|p1|Ditto|item\n|poke|p1|Latias, F|item\n|poke|p1|Celesteela|item\n|poke|p2|Marowak-Alola, F|item\n|poke|p2|Cresselia, F|item\n|poke|p2|Mawile, F|item\n|poke|p2|Hoopa-Unbound|item\n|poke|p2|Stakataka|item\n|poke|p2|Magearna|item\n|teampreview\n|inactive|Laroxyl has 270 seconds left.\n|\n|t:|1665839503\n|start\n|switch|p1a: Gliscor|Gliscor, F|100\/100\n|switch|p2a: Hoopa|Hoopa-Unbound|100\/100\n|turn|1\n|c|\u2606TDR|hf\n|c|\u2606Laroxyl|hf\n|inactive|TDR has 270 seconds left.\n|\n|t:|1665839535\n|move|p1a: Gliscor|Earthquake|p2a: Hoopa\n|-damage|p2a: Hoopa|47\/100\n|move|p2a: Hoopa|Hyperspace Fury|p1a: Gliscor\n|-damage|p1a: Gliscor|53\/100\n|-unboost|p2a: Hoopa|def|1\n|\n|-status|p1a: Gliscor|tox|[from] item: Toxic Orb\n|upkeep\n|turn|2\n|inactive|TDR has 270 seconds left.\n|\n|t:|1665839546\n|switch|p2a: Cresselia|Cresselia, F|100\/100\n|move|p1a: Gliscor|Roost|p1a: Gliscor\n|-heal|p1a: Gliscor|100\/100 tox\n|-singleturn|p1a: Gliscor|move: Roost\n|\n|upkeep\n|turn|3\n|\n|t:|1665839552\n|move|p1a: Gliscor|Knock Off|p2a: Cresselia\n|-supereffective|p2a: Cresselia\n|-damage|p2a: Cresselia|77\/100\n|-enditem|p2a: Cresselia|Mental Herb|[from] move: Knock Off|[of] p1a: Gliscor\n|move|p2a: Cresselia|Ice Beam|p1a: Gliscor\n|-supereffective|p1a: Gliscor\n|-damage|p1a: Gliscor|37\/100 tox\n|\n|-heal|p1a: Gliscor|49\/100 tox|[from] ability: Poison Heal\n|upkeep\n|turn|4\n|\n|t:|1665839558\n|move|p1a: Gliscor|Roost|p1a: Gliscor\n|-heal|p1a: Gliscor|99\/100 tox\n|-singleturn|p1a: Gliscor|move: Roost\n|move|p2a: Cresselia|Trick Room|p2a: Cresselia\n|-fieldstart|move: Trick Room|[of] p2a: Cresselia\n|\n|-heal|p1a: Gliscor|100\/100 tox|[from] ability: Poison Heal\n|upkeep\n|turn|5\n|\n|t:|1665839562\n|switch|p1a: Toxapex|Toxapex, M|100\/100\n|move|p2a: Cresselia|Ice Beam|p1a: Toxapex\n|-resisted|p1a: Toxapex\n|-crit|p1a: Toxapex\n|-damage|p1a: Toxapex|92\/100\n|\n|-heal|p1a: Toxapex|99\/100|[from] item: Black Sludge\n|upkeep\n|turn|6\n|\n|t:|1665839570\n|switch|p2a: Hoopa|Hoopa-Unbound|47\/100\n|move|p1a: Toxapex|Scald|p2a: Hoopa\n|-damage|p2a: Hoopa|30\/100\n|\n|-heal|p1a: Toxapex|100\/100|[from] item: Black Sludge\n|upkeep\n|turn|7\n|\n|t:|1665839586\n|move|p1a: Toxapex|Scald|p2a: Hoopa\n|-damage|p2a: Hoopa|16\/100\n|-status|p2a: Hoopa|brn\n|move|p2a: Hoopa|Focus Blast|p1a: Toxapex|[miss]\n|-miss|p2a: Hoopa|p1a: Toxapex\n|\n|-damage|p2a: Hoopa|10\/100 brn|[from] brn\n|upkeep\n|turn|8\n|\n|t:|1665839594\n|move|p1a: Toxapex|Scald|p2a: Hoopa\n|-damage|p2a: Hoopa|0 fnt\n|faint|p2a: Hoopa\n|\n|-fieldend|move: Trick Room\n|upkeep\n|\n|t:|1665839605\n|switch|p2a: Mawile|Mawile, F|100\/100\n|-ability|p2a: Mawile|Intimidate|boost\n|-unboost|p1a: Toxapex|atk|1\n|turn|9\n|\n|t:|1665839609\n|detailschange|p2a: Mawile|Mawile-Mega, F\n|-mega|p2a: Mawile|Mawile|Mawilite\n|move|p1a: Toxapex|Scald|p2a: Mawile\n|-damage|p2a: Mawile|80\/100\n|-status|p2a: Mawile|brn\n|move|p2a: Mawile|Swords Dance|p2a: Mawile\n|-boost|p2a: Mawile|atk|2\n|\n|-damage|p2a: Mawile|74\/100 brn|[from] brn\n|upkeep\n|turn|10\n|\n|t:|1665839617\n|move|p1a: Toxapex|Haze|p1a: Toxapex\n|-clearallboost\n|move|p2a: Mawile|Knock Off|p1a: Toxapex\n|-damage|p1a: Toxapex|75\/100\n|-enditem|p1a: Toxapex|Black Sludge|[from] move: Knock Off|[of] p2a: Mawile\n|\n|-damage|p2a: Mawile|68\/100 brn|[from] brn\n|upkeep\n|turn|11\n|\n|t:|1665839623\n|switch|p2a: Cresselia|Cresselia, F|77\/100\n|move|p1a: Toxapex|Scald|p2a: Cresselia\n|-damage|p2a: Cresselia|67\/100\n|\n|upkeep\n|turn|12\n|\n|t:|1665839632\n|move|p2a: Cresselia|Lunar Dance|p2a: Cresselia\n|faint|p2a: Cresselia\n|move|p1a: Toxapex|Scald|p2: Cresselia|[notarget]\n|-fail|p1a: Toxapex\n|\n|upkeep\n|\n|t:|1665839637\n|switch|p2a: Marowak|Marowak-Alola, F|100\/100\n|-heal|p2a: Marowak|100\/100|[from] move: Lunar Dance\n|turn|13\n|\n|t:|1665839648\n|switch|p1a: Gliscor|Gliscor, F|100\/100 tox\n|move|p2a: Marowak|Swords Dance|p2a: Marowak\n|-boost|p2a: Marowak|atk|2\n|\n|upkeep\n|turn|14\n|\n|t:|1665839654\n|move|p1a: Gliscor|Earthquake|p2a: Marowak\n|-supereffective|p2a: Marowak\n|-damage|p2a: Marowak|35\/100\n|move|p2a: Marowak|Flare Blitz|p1a: Gliscor\n|-damage|p1a: Gliscor|0 fnt\n|faint|p1a: Gliscor\n|\n|upkeep\n|\n|t:|1665839665\n|switch|p1a: Ditto|Ditto|100\/100\n|-transform|p1a: Ditto|p2a: Marowak|[from] ability: Imposter\n|turn|15\n|\n|t:|1665839672\n|switch|p2a: Mawile|Mawile-Mega, F|68\/100 brn\n|move|p1a: Ditto|Flare Blitz|p2a: Mawile\n|-supereffective|p2a: Mawile\n|-damage|p2a: Mawile|0 fnt\n|faint|p2a: Mawile\n|\n|upkeep\n|\n|t:|1665839677\n|switch|p2a: Stakataka|Stakataka|100\/100\n|turn|16\n|\n|t:|1665839681\n|move|p1a: Ditto|Flare Blitz|p2a: Stakataka\n|-damage|p2a: Stakataka|41\/100\n|move|p2a: Stakataka|Trick Room|p2a: Stakataka\n|-fieldstart|move: Trick Room|[of] p2a: Stakataka\n|\n|upkeep\n|turn|17\n|\n|t:|1665839690\n|switch|p1a: Ferrothorn|Ferrothorn, F|100\/100\n|move|p2a: Stakataka|Stone Edge|p1a: Ferrothorn\n|-resisted|p1a: Ferrothorn\n|-damage|p1a: Ferrothorn|75\/100\n|-damage|p2a: Stakataka|31\/100|[from] item: Life Orb\n|\n|-heal|p1a: Ferrothorn|82\/100|[from] item: Leftovers\n|upkeep\n|turn|18\n|\n|t:|1665839701\n|switch|p2a: Marowak|Marowak-Alola, F|35\/100\n|move|p1a: Ferrothorn|Leech Seed|p2a: Marowak\n|-start|p2a: Marowak|move: Leech Seed\n|\n|-heal|p1a: Ferrothorn|88\/100|[from] item: Leftovers\n|-damage|p2a: Marowak|23\/100|[from] Leech Seed|[of] p1a: Ferrothorn\n|-heal|p1a: Ferrothorn|99\/100|[silent]\n|upkeep\n|turn|19\n|\n|t:|1665839711\n|switch|p1a: Toxapex|Toxapex, M|100\/100\n|move|p2a: Marowak|Bonemerang|p1a: Toxapex\n|-supereffective|p1a: Toxapex\n|-damage|p1a: Toxapex|60\/100\n|-supereffective|p1a: Toxapex\n|-damage|p1a: Toxapex|13\/100\n|-hitcount|p1a: Toxapex|2\n|\n|-damage|p2a: Marowak|11\/100|[from] Leech Seed|[of] p1a: Toxapex\n|-heal|p1a: Toxapex|26\/100|[silent]\n|upkeep\n|turn|20\n|\n|t:|1665839720\n|move|p1a: Toxapex|Baneful Bunker|p1a: Toxapex\n|-singleturn|p1a: Toxapex|move: Protect\n|move|p2a: Marowak|Shadow Bone|p1a: Toxapex\n|-activate|p1a: Toxapex|move: Protect\n|\n|-damage|p2a: Marowak|0 fnt|[from] Leech Seed|[of] p1a: Toxapex\n|-heal|p1a: Toxapex|37\/100|[silent]\n|faint|p2a: Marowak\n|-fieldend|move: Trick Room\n|upkeep\n|\n|t:|1665839723\n|switch|p2a: Magearna|Magearna|100\/100\n|turn|21\n|\n|t:|1665839737\n|switch|p1a: Ferrothorn|Ferrothorn, F|99\/100\n|move|p2a: Magearna|Thunderbolt|p1a: Ferrothorn\n|-resisted|p1a: Ferrothorn\n|-damage|p1a: Ferrothorn|87\/100\n|\n|-heal|p1a: Ferrothorn|93\/100|[from] item: Leftovers\n|upkeep\n|turn|22\n|inactive|TDR has 270 seconds left.\n|c|\u2606TDR|gg\n|-message|TDR forfeited.\n|\n|win|Laroxyl\n","uploadtime":1665839781,"views":16,"p1id":"laroxyl","p2id":"tdr","formatid":"gen7ou","rating":0,"private":0,"password":null}