{"id":"smogtours-gen7battlefactory-647738","p1":"Mimikyu Stardust","p2":"Kib0","format":"gen7battlefactory","log":"|inactive|Battle timer is ON: inactive players will automatically lose when time's up.\n|t:|1662910859\n|gametype|singles\n|player|p1|Mimikyu Stardust|#mimikyustardust|\n|player|p2|Kib0|pokemonranger-gen4|\n|teamsize|p1|6\n|teamsize|p2|6\n|gen|7\n|tier|[Gen 7] Battle Factory\n|rule|Sleep Clause Mod: Limit one foe put to sleep\n|rule|HP Percentage Mod: HP is shown in percentages\n|rule|Mega Rayquaza Clause: You cannot mega evolve Rayquaza\n|clearpoke\n|poke|p1|Pinsir, F|item\n|poke|p1|Hippowdon, F|item\n|poke|p1|Serperior, M|item\n|poke|p1|Tapu Koko|item\n|poke|p1|Latias, F|item\n|poke|p1|Magearna|item\n|poke|p2|Victini|item\n|poke|p2|Gliscor, F|item\n|poke|p2|Moltres|item\n|poke|p2|Heracross, M|item\n|poke|p2|Greninja, M|item\n|poke|p2|Gastrodon, M|item\n|teampreview\n|\n|t:|1662910888\n|start\n|switch|p1a: Hippowdon|Hippowdon, F|420\/420\n|switch|p2a: Moltres|Moltres|373\/373\n|-ability|p2a: Moltres|Pressure\n|-weather|Sandstorm|[from] ability: Sand Stream|[of] p1a: Hippowdon\n|turn|1\n|\n|t:|1662910894\n|move|p2a: Moltres|Substitute|p2a: Moltres\n|-start|p2a: Moltres|Substitute\n|-damage|p2a: Moltres|280\/373\n|move|p1a: Hippowdon|Stealth Rock|p2a: Moltres\n|-sidestart|p2: Kib0|move: Stealth Rock\n|\n|-weather|Sandstorm|[upkeep]\n|-damage|p2a: Moltres|257\/373|[from] Sandstorm\n|-heal|p2a: Moltres|280\/373|[from] item: Leftovers\n|upkeep\n|turn|2\n|\n|t:|1662910900\n|move|p2a: Moltres|Flamethrower|p1a: Hippowdon\n|-damage|p1a: Hippowdon|290\/420\n|move|p1a: Hippowdon|Whirlwind|p2a: Moltres\n|drag|p2a: Gliscor|Gliscor, F|352\/352\n|-damage|p2a: Gliscor|308\/352|[from] Stealth Rock\n|\n|-weather|Sandstorm|[upkeep]\n|-heal|p1a: Hippowdon|316\/420|[from] item: Leftovers\n|-status|p2a: Gliscor|tox|[from] item: Toxic Orb\n|upkeep\n|turn|3\n|\n|t:|1662910910\n|switch|p1a: Pinsir|Pinsir, F|271\/271\n|move|p2a: Gliscor|Toxic|p1a: Pinsir\n|-status|p1a: Pinsir|tox\n|\n|-weather|Sandstorm|[upkeep]\n|-damage|p1a: Pinsir|255\/271 tox|[from] Sandstorm\n|-damage|p1a: Pinsir|239\/271 tox|[from] psn\n|-heal|p2a: Gliscor|352\/352 tox|[from] ability: Poison Heal\n|upkeep\n|turn|4\n|\n|t:|1662910927\n|detailschange|p1a: Pinsir|Pinsir-Mega, F\n|-mega|p1a: Pinsir|Pinsir|Pinsirite\n|move|p1a: Pinsir|Swords Dance|p1a: Pinsir\n|-boost|p1a: Pinsir|atk|2\n|move|p2a: Gliscor|Stealth Rock|p1a: Pinsir\n|-sidestart|p1: Mimikyu Stardust|move: Stealth Rock\n|\n|-weather|Sandstorm|[upkeep]\n|-damage|p1a: Pinsir|223\/271 tox|[from] Sandstorm\n|-damage|p1a: Pinsir|191\/271 tox|[from] psn\n|upkeep\n|turn|5\n|inactive|Kib0 has 270 seconds left.\n|\n|t:|1662910956\n|switch|p2a: Moltres|Moltres|280\/373\n|-damage|p2a: Moltres|94\/373|[from] Stealth Rock\n|-ability|p2a: Moltres|Pressure\n|move|p1a: Pinsir|Return|p2a: Moltres\n|-damage|p2a: Moltres|0 fnt\n|faint|p2a: Moltres\n|\n|-weather|none\n|-damage|p1a: Pinsir|143\/271 tox|[from] psn\n|upkeep\n|inactive|Kib0 has 270 seconds left.\n|\n|t:|1662910965\n|switch|p2a: Greninja|Greninja, M|285\/285\n|-damage|p2a: Greninja|250\/285|[from] Stealth Rock\n|turn|6\n|\n|t:|1662910969\n|move|p2a: Greninja|Water Shuriken|p1a: Pinsir\n|-damage|p1a: Pinsir|106\/271 tox\n|-damage|p1a: Pinsir|67\/271 tox\n|-hitcount|p1a: Pinsir|2\n|move|p1a: Pinsir|Quick Attack|p2a: Greninja\n|-crit|p2a: Greninja\n|-damage|p2a: Greninja|0 fnt\n|faint|p2a: Greninja\n|\n|-damage|p1a: Pinsir|3\/271 tox|[from] psn\n|upkeep\n|\n|t:|1662910979\n|switch|p2a: Gliscor|Gliscor, F|352\/352 tox\n|-damage|p2a: Gliscor|308\/352 tox|[from] Stealth Rock\n|turn|7\n|\n|t:|1662910982\n|move|p1a: Pinsir|Return|p2a: Gliscor\n|-damage|p2a: Gliscor|0 fnt\n|faint|p2a: Gliscor\n|\n|-damage|p1a: Pinsir|0 fnt|[from] psn\n|faint|p1a: Pinsir\n|upkeep\n|inactive|Kib0 has 270 seconds left.\n|\n|t:|1662911009\n|switch|p1a: Hippowdon|Hippowdon, F|316\/420\n|switch|p2a: Victini|Victini|341\/341\n|-damage|p2a: Victini|256\/341|[from] Stealth Rock\n|-damage|p1a: Hippowdon|290\/420|[from] Stealth Rock\n|-weather|Sandstorm|[from] ability: Sand Stream|[of] p1a: Hippowdon\n|turn|8\n|\n|t:|1662911016\n|switch|p2a: Heracross|Heracross, M|301\/301\n|-damage|p2a: Heracross|264\/301|[from] Stealth Rock\n|move|p1a: Hippowdon|Earthquake|p2a: Heracross\n|-resisted|p2a: Heracross\n|-damage|p2a: Heracross|179\/301\n|\n|-weather|Sandstorm|[upkeep]\n|-damage|p2a: Heracross|161\/301|[from] Sandstorm\n|-heal|p1a: Hippowdon|316\/420|[from] item: Leftovers\n|upkeep\n|turn|9\n|\n|t:|1662911025\n|switch|p1a: Latias|Latias, F|301\/301\n|-damage|p1a: Latias|264\/301|[from] Stealth Rock\n|detailschange|p2a: Heracross|Heracross-Mega, M\n|-mega|p2a: Heracross|Heracross|Heracronite\n|move|p2a: Heracross|Substitute|p2a: Heracross\n|-start|p2a: Heracross|Substitute\n|-damage|p2a: Heracross|86\/301\n|\n|-weather|Sandstorm|[upkeep]\n|-damage|p1a: Latias|246\/301|[from] Sandstorm\n|-damage|p2a: Heracross|68\/301|[from] Sandstorm\n|upkeep\n|turn|10\n|\n|t:|1662911035\n|move|p1a: Latias|Psyshock|p2a: Heracross\n|-supereffective|p2a: Heracross\n|-end|p2a: Heracross|Substitute\n|move|p2a: Heracross|Rock Blast|p1a: Latias\n|-damage|p1a: Latias|201\/301\n|-crit|p1a: Latias\n|-damage|p1a: Latias|133\/301\n|-damage|p1a: Latias|87\/301\n|-damage|p1a: Latias|44\/301\n|-damage|p1a: Latias|0 fnt\n|faint|p1a: Latias\n|-hitcount|p1: Latias|5\n|\n|-weather|Sandstorm|[upkeep]\n|-damage|p2a: Heracross|50\/301|[from] Sandstorm\n|upkeep\n|\n|t:|1662911039\n|switch|p1a: Serperior|Serperior, M|305\/305\n|-damage|p1a: Serperior|267\/305|[from] Stealth Rock\n|turn|11\n|\n|t:|1662911048\n|move|p1a: Serperior|Leaf Storm|p2a: Heracross\n|-resisted|p2a: Heracross\n|-damage|p2a: Heracross|0 fnt\n|-boost|p1a: Serperior|spa|2\n|faint|p2a: Heracross\n|\n|-weather|Sandstorm|[upkeep]\n|-damage|p1a: Serperior|248\/305|[from] Sandstorm\n|-heal|p1a: Serperior|267\/305|[from] item: Leftovers\n|upkeep\n|\n|t:|1662911051\n|switch|p2a: Victini|Victini|256\/341\n|-damage|p2a: Victini|171\/341|[from] Stealth Rock\n|turn|12\n|\n|t:|1662911058\n|switch|p1a: Hippowdon|Hippowdon, F|316\/420\n|-damage|p1a: Hippowdon|290\/420|[from] Stealth Rock\n|move|p2a: Victini|Searing Shot|p1a: Hippowdon\n|-damage|p1a: Hippowdon|116\/420\n|\n|-weather|none\n|-heal|p1a: Hippowdon|142\/420|[from] item: Leftovers\n|upkeep\n|turn|13\n|\n|t:|1662911063\n|move|p2a: Victini|Searing Shot|p1a: Hippowdon\n|-damage|p1a: Hippowdon|0 fnt\n|faint|p1a: Hippowdon\n|\n|upkeep\n|\n|t:|1662911069\n|switch|p1a: Tapu Koko|Tapu Koko|289\/289\n|-damage|p1a: Tapu Koko|253\/289|[from] Stealth Rock\n|-fieldstart|move: Electric Terrain|[from] ability: Electric Surge|[of] p1a: Tapu Koko\n|turn|14\n|\n|t:|1662911077\n|move|p1a: Tapu Koko|Thunderbolt|p2a: Victini\n|-damage|p2a: Victini|0 fnt\n|faint|p2a: Victini\n|\n|upkeep\n|\n|t:|1662911079\n|switch|p2a: Gastrodon|Gastrodon, M|425\/425\n|-damage|p2a: Gastrodon|399\/425|[from] Stealth Rock\n|turn|15\n|\n|t:|1662911084\n|switch|p1a: Magearna|Magearna|363\/363\n|-damage|p1a: Magearna|341\/363|[from] Stealth Rock\n|move|p2a: Gastrodon|Scald|p1a: Magearna\n|-damage|p1a: Magearna|301\/363\n|\n|-heal|p2a: Gastrodon|425\/425|[from] item: Leftovers\n|upkeep\n|turn|16\n|\n|t:|1662911086\n|move|p1a: Magearna|Iron Head|p2a: Gastrodon\n|-resisted|p2a: Gastrodon\n|-damage|p2a: Gastrodon|368\/425\n|move|p2a: Gastrodon|Earthquake|p1a: Magearna\n|-supereffective|p1a: Magearna\n|-damage|p1a: Magearna|125\/363\n|\n|-heal|p2a: Gastrodon|394\/425|[from] item: Leftovers\n|upkeep\n|turn|17\n|\n|t:|1662911089\n|move|p1a: Magearna|Iron Head|p2a: Gastrodon\n|-resisted|p2a: Gastrodon\n|-damage|p2a: Gastrodon|333\/425\n|move|p2a: Gastrodon|Earthquake|p1a: Magearna\n|-supereffective|p1a: Magearna\n|-damage|p1a: Magearna|0 fnt\n|faint|p1a: Magearna\n|\n|-heal|p2a: Gastrodon|359\/425|[from] item: Leftovers\n|upkeep\n|\n|t:|1662911092\n|switch|p1a: Serperior|Serperior, M|267\/305\n|-damage|p1a: Serperior|229\/305|[from] Stealth Rock\n|turn|18\n|\n|t:|1662911094\n|move|p1a: Serperior|Leaf Storm|p2a: Gastrodon\n|-supereffective|p2a: Gastrodon\n|-damage|p2a: Gastrodon|0 fnt\n|-boost|p1a: Serperior|spa|2\n|faint|p2a: Gastrodon\n|\n|win|Mimikyu Stardust\n","inputlog":">version 8cf3438afc5b4a013c2b2d0b6cd5b917bdfe9b81\n>start {\"formatid\":\"gen7battlefactory\",\"seed\":[59006,2809,41789,57881]}\n>player p1 {\"name\":\"Mimikyu Stardust\",\"avatar\":\"#mimikyustardust\",\"rating\":0,\"seed\":[55960,56492,55563,56645]}\n>player p2 {\"name\":\"Kib0\",\"avatar\":\"pokemonranger-gen4\",\"rating\":0,\"seed\":[10855,6059,63889,37590]}\n>p1 team 2, 1, 3, 4, 5, 6\n>p2 team 3, 2, 1, 4, 5, 6\n>p1 move stealthrock\n>p2 move substitute\n>p1 move whirlwind\n>p2 move flamethrower\n>p1 switch 2\n>p2 move toxic\n>p1 move swordsdance mega\n>p2 move stealthrock\n>p1 move return\n>p2 switch 2\n>p2 switch 5\n>p1 move quickattack\n>p2 move watershuriken\n>p2 switch 2\n>p1 move return\n>p2 move roost\n>p1 switch 2\n>p2 switch 3\n>p1 move earthquake\n>p2 switch 4\n>p1 switch 5\n>p2 move substitute mega\n>p1 move psyshock\n>p2 move rockblast\n>p1 switch 3\n>p1 move leafstorm\n>p2 move closecombat\n>p2 switch 4\n>p1 switch 5\n>p2 move searingshot\n>p1 move earthquake\n>p2 move searingshot\n>p1 switch 4\n>p1 move thunderbolt\n>p2 move celebrate zmove\n>p2 switch 6\n>p1 switch 6\n>p2 move scald\n>p1 move ironhead\n>p2 move earthquake\n>p1 move ironhead\n>p2 move earthquake\n>p1 switch 5\n>p1 move leafstorm\n>p2 move toxic","uploadtime":1662911095,"views":7,"p1id":"mimikyustardust","p2id":"kib0","formatid":"gen7battlefactory","rating":0,"private":0,"password":null}