{"id":"smogtours-gen7ou-587090","p1":"fardin","p2":"Goootzinho","format":"gen7ou","log":"|inactive|Battle timer is ON: inactive players will automatically lose when time's up.\n|t:|1634414929\n|gametype|singles\n|player|p1|fardin|266|\n|player|p2|Goootzinho|galacticgrunt|\n|teamsize|p1|6\n|teamsize|p2|6\n|gen|7\n|tier|[Gen 7] OU\n|rule|Sleep Clause Mod: Limit one foe put to sleep\n|rule|Species Clause: Limit one of each Pok\u00e9mon\n|rule|OHKO Clause: OHKO moves are banned\n|rule|Moody Clause: Moody is banned\n|rule|Evasion Moves Clause: Evasion moves are banned\n|rule|Endless Battle Clause: Forcing endless battles is banned\n|rule|HP Percentage Mod: HP is shown in percentages\n|clearpoke\n|poke|p1|Tapu Bulu|item\n|poke|p1|Heatran, F|item\n|poke|p1|Tyranitar, F|item\n|poke|p1|Gliscor, M|item\n|poke|p1|Tornadus-Therian, M|item\n|poke|p1|Rotom-Wash|item\n|poke|p2|Pinsir, F|item\n|poke|p2|Landorus-Therian, M|item\n|poke|p2|Tapu Koko|item\n|poke|p2|Kommo-o, M|item\n|poke|p2|Kartana|item\n|poke|p2|Magearna|item\n|teampreview\n|inactive|fardin also wants the timer to be on.\n|c|\u2606Goootzinho|hf\n|c|\u2606fardin|hf\n|inactive|fardin has 270 seconds left.\n|inactive|Goootzinho has 270 seconds left.\n|inactive|fardin has 240 seconds left.\n|inactive|Goootzinho has 240 seconds left.\n|inactive|Goootzinho has 210 seconds left.\n|\n|t:|1634415037\n|start\n|switch|p1a: Tyranitar|Tyranitar, F|100\/100\n|switch|p2a: Tapu Koko|Tapu Koko|100\/100\n|-fieldstart|move: Electric Terrain|[from] ability: Electric Surge|[of] p2a: Tapu Koko\n|-weather|Sandstorm|[from] ability: Sand Stream|[of] p1a: Tyranitar\n|turn|1\n|inactive|Goootzinho has 240 seconds left.\n|\n|t:|1634415081\n|detailschange|p1a: Tyranitar|Tyranitar-Mega, F\n|-mega|p1a: Tyranitar|Tyranitar|Tyranitarite\n|move|p2a: Tapu Koko|U-turn|p1a: Tyranitar\n|-supereffective|p1a: Tyranitar\n|-damage|p1a: Tyranitar|81\/100\n|\n|t:|1634415097\n|switch|p2a: Landorus|Landorus-Therian, M|100\/100|[from]move: U-turn\n|-ability|p2a: Landorus|Intimidate|boost\n|-unboost|p1a: Tyranitar|atk|1\n|move|p1a: Tyranitar|Ice Punch|p2a: Landorus\n|-supereffective|p2a: Landorus\n|-damage|p2a: Landorus|40\/100\n|-status|p2a: Landorus|frz\n|-damage|p1a: Tyranitar|64\/100|[from] item: Rocky Helmet|[of] p2a: Landorus\n|\n|-weather|Sandstorm|[upkeep]\n|upkeep\n|turn|2\n|\n|t:|1634415109\n|-curestatus|p2a: Landorus|frz|[msg]\n|move|p2a: Landorus|Earthquake|p1a: Tyranitar\n|-supereffective|p1a: Tyranitar\n|-damage|p1a: Tyranitar|2\/100\n|move|p1a: Tyranitar|Ice Punch|p2a: Landorus\n|-supereffective|p2a: Landorus\n|-damage|p2a: Landorus|0 fnt\n|-damage|p1a: Tyranitar|0 fnt|[from] item: Rocky Helmet|[of] p2a: Landorus\n|faint|p2a: Landorus\n|faint|p1a: Tyranitar\n|\n|-weather|Sandstorm|[upkeep]\n|upkeep\n|inactive|Goootzinho has 210 seconds left.\n|\n|t:|1634415139\n|switch|p2a: Kartana|Kartana|100\/100\n|switch|p1a: Tornadus|Tornadus-Therian, M|100\/100\n|turn|3\n|\n|t:|1634415146\n|switch|p2a: Magearna|Magearna|100\/100\n|move|p1a: Tornadus|U-turn|p2a: Magearna\n|-resisted|p2a: Magearna\n|-damage|p2a: Magearna|97\/100\n|\n|t:|1634415149\n|switch|p1a: GOOD LIFE|Heatran, F|100\/100|[from]move: U-turn\n|\n|-weather|Sandstorm|[upkeep]\n|upkeep\n|turn|4\n|inactive|Goootzinho has 210 seconds left.\n|\n|t:|1634415162\n|switch|p2a: Kommo-o|Kommo-o, M|100\/100\n|move|p1a: GOOD LIFE|Magma Storm|p2a: Kommo-o\n|-resisted|p2a: Kommo-o\n|-damage|p2a: Kommo-o|74\/100\n|-activate|p2a: Kommo-o|move: Magma Storm|[of] p1a: GOOD LIFE\n|\n|-weather|Sandstorm|[upkeep]\n|-damage|p2a: Kommo-o|68\/100|[from] Sandstorm\n|-damage|p2a: Kommo-o|55\/100|[from] move: Magma Storm|[partiallytrapped]\n|upkeep\n|turn|5\n|\n|t:|1634415173\n|move|p2a: Kommo-o|Stealth Rock|p1a: GOOD LIFE\n|-sidestart|p1: fardin|move: Stealth Rock\n|move|p1a: GOOD LIFE|Hidden Power|p2a: Kommo-o\n|-supereffective|p2a: Kommo-o\n|-damage|p2a: Kommo-o|9\/100\n|\n|-weather|none\n|-damage|p2a: Kommo-o|0 fnt|[from] move: Magma Storm|[partiallytrapped]\n|faint|p2a: Kommo-o\n|-fieldend|move: Electric Terrain\n|upkeep\n|inactive|Goootzinho has 210 seconds left.\n|\n|t:|1634415206\n|switch|p2a: Kartana|Kartana|100\/100\n|turn|6\n|\n|t:|1634415212\n|move|p2a: Kartana|Sacred Sword|p1a: GOOD LIFE\n|-supereffective|p1a: GOOD LIFE\n|-damage|p1a: GOOD LIFE|1\/100\n|move|p1a: GOOD LIFE|Magma Storm|p2a: Kartana\n|-supereffective|p2a: Kartana\n|-crit|p2a: Kartana\n|-damage|p2a: Kartana|0 fnt\n|faint|p2a: Kartana\n|\n|-heal|p1a: GOOD LIFE|7\/100|[from] item: Leftovers\n|upkeep\n|inactive|Goootzinho has 180 seconds left.\n|inactive|Goootzinho has 150 seconds left.\n|\n|t:|1634415273\n|switch|p2a: Pinsir|Pinsir, F|100\/100\n|turn|7\n|\n|t:|1634415276\n|detailschange|p2a: Pinsir|Pinsir-Mega, F\n|-mega|p2a: Pinsir|Pinsir|Pinsirite\n|move|p2a: Pinsir|Return|p1a: GOOD LIFE\n|-resisted|p1a: GOOD LIFE\n|-damage|p1a: GOOD LIFE|0 fnt\n|faint|p1a: GOOD LIFE\n|\n|upkeep\n|\n|t:|1634415281\n|switch|p1a: Rotom|Rotom-Wash|100\/100\n|-damage|p1a: Rotom|88\/100|[from] Stealth Rock\n|turn|8\n|inactive|Goootzinho has 150 seconds left.\n|\n|t:|1634415309\n|move|p2a: Pinsir|Close Combat|p1a: Rotom\n|-damage|p1a: Rotom|49\/100\n|-unboost|p2a: Pinsir|def|1\n|-unboost|p2a: Pinsir|spd|1\n|move|p1a: Rotom|Will-O-Wisp|p2a: Pinsir\n|-status|p2a: Pinsir|brn\n|\n|-damage|p2a: Pinsir|95\/100 brn|[from] brn\n|upkeep\n|turn|9\n|inactive|Goootzinho has 150 seconds left.\n|\n|t:|1634415324\n|move|p2a: Pinsir|Swords Dance|p2a: Pinsir\n|-boost|p2a: Pinsir|atk|2\n|move|p1a: Rotom|Pain Split|p2a: Pinsir\n|-sethp|p2a: Pinsir|75\/100 brn|[from] move: Pain Split|[silent]\n|-sethp|p1a: Rotom|67\/100|[from] move: Pain Split\n|\n|-damage|p2a: Pinsir|69\/100 brn|[from] brn\n|upkeep\n|turn|10\n|\n|t:|1634415328\n|move|p2a: Pinsir|Close Combat|p1a: Rotom\n|-damage|p1a: Rotom|25\/100\n|-unboost|p2a: Pinsir|def|1\n|-unboost|p2a: Pinsir|spd|1\n|move|p1a: Rotom|Volt Switch|p2a: Pinsir\n|-supereffective|p2a: Pinsir\n|-damage|p2a: Pinsir|0 fnt\n|faint|p2a: Pinsir\n|\n|t:|1634415336\n|switch|p1a: Gliscor|Gliscor, M|100\/100|[from]move: Volt Switch\n|-damage|p1a: Gliscor|88\/100|[from] Stealth Rock\n|\n|-status|p1a: Gliscor|tox|[from] item: Toxic Orb\n|upkeep\n|\n|t:|1634415344\n|switch|p2a: Magearna|Magearna|97\/100\n|turn|11\n|\n|t:|1634415361\n|move|p1a: Gliscor|Earthquake|p2a: Magearna\n|-supereffective|p2a: Magearna\n|-damage|p2a: Magearna|46\/100\n|move|p2a: Magearna|Ice Beam|p1a: Gliscor\n|-supereffective|p1a: Gliscor\n|-damage|p1a: Gliscor|0 fnt\n|faint|p1a: Gliscor\n|-ability|p2a: Magearna|Soul-Heart|boost\n|-boost|p2a: Magearna|spa|1\n|\n|upkeep\n|inactive|fardin has 270 seconds left.\n|\n|t:|1634415410\n|switch|p1a: Rotom|Rotom-Wash|25\/100\n|-damage|p1a: Rotom|13\/100|[from] Stealth Rock\n|turn|12\n|inactive|Goootzinho has 150 seconds left.\n|inactive|Goootzinho has 120 seconds left.\n|\n|t:|1634415466\n|switch|p2a: Tapu Koko|Tapu Koko|100\/100\n|-fieldstart|move: Electric Terrain|[from] ability: Electric Surge|[of] p2a: Tapu Koko\n|-zpower|p1a: Rotom\n|move|p1a: Rotom|Hydro Vortex|p2a: Tapu Koko|[zeffect]\n|-damage|p2a: Tapu Koko|0 fnt\n|faint|p2a: Tapu Koko\n|\n|upkeep\n|inactive|Goootzinho has 120 seconds left.\n|\n|t:|1634415474\n|switch|p2a: Magearna|Magearna|46\/100\n|turn|13\n|\n|t:|1634415478\n|move|p1a: Rotom|Volt Switch|p2a: Magearna\n|-damage|p2a: Magearna|35\/100\n|\n|t:|1634415481\n|switch|p1a: Tornadus|Tornadus-Therian, M|100\/100|[from]move: Volt Switch\n|-damage|p1a: Tornadus|76\/100|[from] Stealth Rock\n|move|p2a: Magearna|Energy Ball|p1a: Tornadus\n|-resisted|p1a: Tornadus\n|-damage|p1a: Tornadus|62\/100\n|\n|upkeep\n|turn|14\n|\n|t:|1634415486\n|move|p1a: Tornadus|Knock Off|p2a: Magearna\n|-resisted|p2a: Magearna\n|-damage|p2a: Magearna|26\/100\n|-enditem|p2a: Magearna|Assault Vest|[from] move: Knock Off|[of] p1a: Tornadus\n|move|p2a: Magearna|Ice Beam|p1a: Tornadus\n|-supereffective|p1a: Tornadus\n|-damage|p1a: Tornadus|5\/100\n|\n|upkeep\n|turn|15\n|\n|t:|1634415493\n|move|p1a: Tornadus|Hurricane|p2a: Magearna\n|-resisted|p2a: Magearna\n|-damage|p2a: Magearna|14\/100\n|move|p2a: Magearna|Volt Switch|p1a: Tornadus\n|-supereffective|p1a: Tornadus\n|-damage|p1a: Tornadus|0 fnt\n|faint|p1a: Tornadus\n|-ability|p2a: Magearna|Soul-Heart|boost\n|-boost|p2a: Magearna|spa|1\n|\n|upkeep\n|\n|t:|1634415498\n|switch|p1a: Rotom|Rotom-Wash|13\/100\n|-damage|p1a: Rotom|0 fnt|[from] Stealth Rock\n|faint|p1a: Rotom\n|-ability|p2a: Magearna|Soul-Heart|boost\n|-boost|p2a: Magearna|spa|1\n|c|\u2606fardin|ops\n|\n|t:|1634415503\n|switch|p1a: Tapu Bulu|Tapu Bulu|100\/100\n|-damage|p1a: Tapu Bulu|88\/100|[from] Stealth Rock\n|-fieldstart|move: Grassy Terrain|[from] ability: Grassy Surge|[of] p1a: Tapu Bulu\n|turn|16\n|\n|t:|1634415508\n|move|p1a: Tapu Bulu|Superpower|p2a: Magearna\n|-damage|p2a: Magearna|0 fnt\n|-unboost|p1a: Tapu Bulu|atk|1\n|-unboost|p1a: Tapu Bulu|def|1\n|faint|p2a: Magearna\n|\n|win|fardin\n|c|\u2606fardin|gg\n","uploadtime":1634415509,"views":40,"p1id":"fardin","p2id":"goootzinho","formatid":"gen7ou","rating":0,"private":0,"password":null}