{"id":"smogtours-ou-280548","p1":"Gotham Paladin","p2":"nsjnp","format":"ou","log":"|inactive|Battle timer is ON: inactive players will automatically lose when time's up.\n|J|Gotham Paladin\n|J|nsjnp\n|player|p1|Gotham Paladin|283\n|player|p2|nsjnp|70\n|gametype|singles\n|gen|6\n|tier|OU\n|seed|23390,33648,56898,57506\n|clearpoke\n|poke|p1|Noivern, M|item\n|poke|p1|Klefki, F|item\n|poke|p1|Rotom-Wash|item\n|poke|p1|Garchomp, M|item\n|poke|p1|Azumarill, F|item\n|poke|p1|Lopunny, F|item\n|poke|p2|Mamoswine, M|item\n|poke|p2|Skarmory, M|item\n|poke|p2|Venusaur, F|item\n|poke|p2|Infernape, F|item\n|poke|p2|Blissey, F|item\n|poke|p2|Slowbro, M|item\n|rule|Swagger Clause: Swagger is banned\n|rule|Baton Pass Clause: Limit one Baton Passer, can't pass Spe and other stats simultaneously\n|rule|Sleep Clause Mod: Limit one foe put to sleep\n|rule|Species Clause: Limit one of each Pok\u00e9mon\n|rule|OHKO Clause: OHKO moves are banned\n|rule|Moody Clause: Moody is banned\n|rule|Evasion Moves Clause: Evasion moves are banned\n|rule|Endless Battle Clause: Forcing endless battles is banned\n|rule|HP Percentage Mod: HP is shown in percentages\n|teampreview\n|c|\u2606Gotham Paladin|hf\n|J|camilas\n|J|Strealet\u2744\n|J|yellowcomebart'--\n|J|Vai Lusa\n|choice|team 6, team 2, team 3, team 4, team 5, team 1|team 3, team 2, team 1, team 4, team 5, team 6\n|\n|start\n|switch|p1a: Diana Prince|Lopunny, F|271\/271\n|switch|p2a: Venusaur|Venusaur, F|363\/363\n|turn|1\n|L|yellowcomebart'--\n|c|+camilas|lmao not dis gay squad dice\n|c|+camilas|=\/\n|J|GET THIS MONEY\n|choice|move fakeout mega|switch 6\n|\n|switch|p2a: Slowbro|Slowbro, M|393\/393\n|detailschange|p1a: Diana Prince|Lopunny-Mega, F\n|-mega|p1a: Diana Prince|Lopunny|Lopunnite\n|move|p1a: Diana Prince|Fake Out|p2a: Slowbro\n|-damage|p2a: Slowbro|341\/393\n|\n|upkeep\n|turn|2\n|L|GET THIS MONEY\n|J|Storm Flow\n|choice|switch 3|move scald\n|\n|switch|p1a: Arthur Curry|Rotom-Wash|304\/304\n|move|p2a: Slowbro|Scald|p1a: Arthur Curry\n|-resisted|p1a: Arthur Curry\n|-damage|p1a: Arthur Curry|257\/304\n|\n|-heal|p1a: Arthur Curry|276\/304|[from] item: Leftovers\n|upkeep\n|turn|3\n|L|Storm Flow\n|choice|move willowisp|move toxic\n|\n|move|p1a: Arthur Curry|Will-O-Wisp|p2a: Slowbro\n|-status|p2a: Slowbro|brn\n|move|p2a: Slowbro|Toxic|p1a: Arthur Curry\n|-status|p1a: Arthur Curry|tox\n|\n|-heal|p1a: Arthur Curry|295\/304 tox|[from] item: Leftovers\n|-damage|p1a: Arthur Curry|276\/304 tox|[from] psn\n|-damage|p2a: Slowbro|292\/393 brn|[from] brn\n|upkeep\n|turn|4\n|choice|move hydropump|switch 5\n|\n|switch|p2a: Blissey|Blissey, F|695\/695\n|move|p1a: Arthur Curry|Hydro Pump|p2a: Blissey|[miss]\n|-miss|p1a: Arthur Curry|p2a: Blissey\n|\n|-heal|p1a: Arthur Curry|295\/304 tox|[from] item: Leftovers\n|-damage|p1a: Arthur Curry|257\/304 tox|[from] psn\n|upkeep\n|turn|5\n|J|Rampecker\n|choice|switch 2|move stealthrock\n|\n|switch|p1a: Toyman|Klefki, F|318\/318\n|move|p2a: Blissey|Stealth Rock|p1a: Toyman\n|-sidestart|p1: Gotham Paladin|move: Stealth Rock\n|\n|upkeep\n|turn|6\n|choice|move spikes|switch 3\n|\n|switch|p2a: Mamoswine|Mamoswine, M|361\/361\n|move|p1a: Toyman|Spikes|p2a: Mamoswine\n|-sidestart|p2: nsjnp|Spikes\n|\n|upkeep\n|turn|7\n|choice|move flashcannon|move freezedry\n|\n|move|p2a: Mamoswine|Freeze-Dry|p1a: Toyman\n|-resisted|p1a: Toyman\n|-damage|p1a: Toyman|294\/318\n|move|p1a: Toyman|Flash Cannon|p2a: Mamoswine\n|-supereffective|p2a: Mamoswine\n|-damage|p2a: Mamoswine|113\/361\n|\n|-heal|p1a: Toyman|313\/318|[from] item: Leftovers\n|upkeep\n|turn|8\n|choice|switch 5|move freezedry\n|\n|switch|p1a: Mera|Azumarill, F|403\/403\n|-damage|p1a: Mera|353\/403|[from] Stealth Rock\n|move|p2a: Mamoswine|Freeze-Dry|p1a: Mera\n|-supereffective|p1a: Mera\n|-damage|p1a: Mera|149\/403\n|\n|upkeep\n|turn|9\n|choice|move aquajet|switch 6\n|\n|switch|p2a: Venusaur|Venusaur, F|363\/363\n|-damage|p2a: Venusaur|318\/363|[from] Spikes\n|move|p1a: Mera|Aqua Jet|p2a: Venusaur\n|-resisted|p2a: Venusaur\n|-damage|p2a: Venusaur|279\/363\n|\n|upkeep\n|turn|10\n|choice|switch 5|move knockoff\n|\n|switch|p1a: Toyman|Klefki, F|313\/318\n|-damage|p1a: Toyman|294\/318|[from] Stealth Rock\n|move|p2a: Venusaur|Knock Off|p1a: Toyman\n|-resisted|p1a: Toyman\n|-crit|p1a: Toyman\n|-damage|p1a: Toyman|246\/318\n|-enditem|p1a: Toyman|Leftovers|[from] move: Knock Off|[of] p2a: Venusaur\n|\n|upkeep\n|turn|11\n|J|blunderr\n|choice|move spikes|switch 2\n|\n|switch|p2a: Skarmory|Skarmory, M|327\/327\n|move|p1a: Toyman|Spikes|p2a: Skarmory\n|-sidestart|p2: nsjnp|Spikes\n|\n|upkeep\n|turn|12\n|choice|move thunderwave|move ironhead\n|\n|move|p1a: Toyman|Thunder Wave|p2a: Skarmory\n|-status|p2a: Skarmory|par\n|move|p2a: Skarmory|Iron Head|p1a: Toyman\n|-damage|p1a: Toyman|165\/318\n|\n|upkeep\n|turn|13\n|choice|switch 2|move ironhead\n|\n|switch|p1a: Arthur Curry|Rotom-Wash|257\/304 tox\n|-damage|p1a: Arthur Curry|219\/304 tox|[from] Stealth Rock\n|move|p2a: Skarmory|Iron Head|p1a: Arthur Curry\n|-resisted|p1a: Arthur Curry\n|-damage|p1a: Arthur Curry|205\/304 tox\n|\n|-heal|p1a: Arthur Curry|224\/304 tox|[from] item: Leftovers\n|-damage|p1a: Arthur Curry|205\/304 tox|[from] psn\n|upkeep\n|turn|14\n|choice|move voltswitch|move roost\n|\n|move|p1a: Arthur Curry|Volt Switch|p2a: Skarmory\n|-supereffective|p2a: Skarmory\n|-damage|p2a: Skarmory|157\/327 par\n|choice|switch 3|\n|\n|switch|p1a: Diana Prince|Lopunny-Mega, F|271\/271\n|-damage|p1a: Diana Prince|255\/271|[from] Stealth Rock\n|move|p2a: Skarmory|Roost|p2a: Skarmory\n|-heal|p2a: Skarmory|321\/327 par\n|\n|-heal|p2a: Skarmory|327\/327 par|[from] item: Leftovers\n|upkeep\n|turn|15\n|choice|move highjumpkick|move counter\n|\n|move|p1a: Diana Prince|High Jump Kick|p2a: Skarmory\n|-damage|p2a: Skarmory|156\/327 par\n|move|p2a: Skarmory|Counter|p1a: Diana Prince\n|-damage|p1a: Diana Prince|0 fnt\n|faint|p1a: Diana Prince\n|\n|-heal|p2a: Skarmory|176\/327 par|[from] item: Leftovers\n|upkeep\n|choice|switch 6|\n|\n|switch|p1a: Bruce Wayne|Noivern, M|312\/312\n|-damage|p1a: Bruce Wayne|234\/312|[from] Stealth Rock\n|turn|16\n|choice|switch 4|switch 3\n|\n|switch|p1a: Waylon Jones|Garchomp, M|357\/357\n|-damage|p1a: Waylon Jones|335\/357|[from] Stealth Rock\n|switch|p2a: Blissey|Blissey, F|695\/695\n|-damage|p2a: Blissey|580\/695|[from] Spikes\n|\n|-heal|p2a: Blissey|623\/695|[from] item: Leftovers\n|upkeep\n|turn|17\n|choice|move swordsdance|switch 3\n|\n|switch|p2a: Skarmory|Skarmory, M|176\/327 par\n|move|p1a: Waylon Jones|Swords Dance|p1a: Waylon Jones\n|-boost|p1a: Waylon Jones|atk|2\n|\n|-heal|p2a: Skarmory|196\/327 par|[from] item: Leftovers\n|upkeep\n|turn|18\n|choice|move dragonclaw|switch 4\n|\n|switch|p2a: Infernape|Infernape, F|309\/309\n|-damage|p2a: Infernape|258\/309|[from] Spikes\n|move|p1a: Waylon Jones|Dragon Claw|p2a: Infernape\n|-crit|p2a: Infernape\n|-damage|p2a: Infernape|0 fnt\n|faint|p2a: Infernape\n|\n|upkeep\n|J|WRONG WAY BITCH\n|choice||switch 6\n|\n|switch|p2a: Mamoswine|Mamoswine, M|113\/361\n|-damage|p2a: Mamoswine|53\/361|[from] Spikes\n|turn|19\n|J|TheSkyAboveUs\n|choice|switch 2|move iceshard\n|\n|switch|p1a: Toyman|Klefki, F|165\/318\n|-damage|p1a: Toyman|146\/318|[from] Stealth Rock\n|move|p2a: Mamoswine|Ice Shard|p1a: Toyman\n|-resisted|p1a: Toyman\n|-damage|p1a: Toyman|103\/318\n|\n|upkeep\n|turn|20\n|choice|move fairylock|move earthquake\n|\n|move|p1a: Toyman|Fairy Lock|p1a: Toyman\n|-activate|Battle: ou|move: Fairy Lock\n|move|p2a: Mamoswine|Earthquake|p1a: Toyman\n|-supereffective|p1a: Toyman\n|-damage|p1a: Toyman|0 fnt\n|faint|p1a: Toyman\n|\n|upkeep\n|choice|switch 5|\n|\n|switch|p1a: Mera|Azumarill, F|149\/403\n|-damage|p1a: Mera|99\/403|[from] Stealth Rock\n|turn|21\n|choice|move aquajet|move iceshard\n|\n|move|p2a: Mamoswine|Ice Shard|p1a: Mera\n|-resisted|p1a: Mera\n|-damage|p1a: Mera|51\/403\n|move|p1a: Mera|Aqua Jet|p2a: Mamoswine\n|-supereffective|p2a: Mamoswine\n|-crit|p2a: Mamoswine\n|-damage|p2a: Mamoswine|0 fnt\n|faint|p2a: Mamoswine\n|\n|upkeep\n|choice||switch 2\n|\n|switch|p2a: Venusaur|Venusaur, F|279\/363\n|-damage|p2a: Venusaur|219\/363|[from] Spikes\n|turn|22\n|choice|move knockoff|move sludgebomb\n|\n|move|p2a: Venusaur|Sludge Bomb|p1a: Mera\n|-supereffective|p1a: Mera\n|-damage|p1a: Mera|0 fnt\n|faint|p1a: Mera\n|\n|upkeep\n|choice|switch 2|\n|\n|switch|p1a: Waylon Jones|Garchomp, M|335\/357\n|-damage|p1a: Waylon Jones|313\/357|[from] Stealth Rock\n|turn|23\n|choice|move swordsdance|switch 4\n|\n|switch|p2a: Skarmory|Skarmory, M|196\/327 par\n|move|p1a: Waylon Jones|Swords Dance|p1a: Waylon Jones\n|-boost|p1a: Waylon Jones|atk|2\n|\n|-heal|p2a: Skarmory|216\/327 par|[from] item: Leftovers\n|upkeep\n|turn|24\n|L|TheSkyAboveUs\n|choice|switch 3|move roost\n|\n|switch|p1a: Arthur Curry|Rotom-Wash|205\/304 tox\n|-damage|p1a: Arthur Curry|167\/304 tox|[from] Stealth Rock\n|move|p2a: Skarmory|Roost|p2a: Skarmory\n|-heal|p2a: Skarmory|327\/327 par\n|\n|-heal|p1a: Arthur Curry|186\/304 tox|[from] item: Leftovers\n|-damage|p1a: Arthur Curry|167\/304 tox|[from] psn\n|upkeep\n|turn|25\n|choice|move voltswitch|move roost\n|\n|move|p1a: Arthur Curry|Volt Switch|p2a: Skarmory\n|-supereffective|p2a: Skarmory\n|-damage|p2a: Skarmory|177\/327 par\n|choice|switch 4|\n|\n|switch|p1a: Bruce Wayne|Noivern, M|234\/312\n|-damage|p1a: Bruce Wayne|156\/312|[from] Stealth Rock\n|move|p2a: Skarmory|Roost|p2a: Skarmory\n|-heal|p2a: Skarmory|327\/327 par\n|\n|upkeep\n|turn|26\n|choice|move hurricane|switch 3\n|\n|switch|p2a: Blissey|Blissey, F|623\/695\n|-damage|p2a: Blissey|508\/695|[from] Spikes\n|move|p1a: Bruce Wayne|Hurricane|p2a: Blissey\n|-damage|p2a: Blissey|360\/695\n|-start|p2a: Blissey|confusion\n|-damage|p1a: Bruce Wayne|125\/312|[from] item: Life Orb\n|\n|-heal|p2a: Blissey|403\/695|[from] item: Leftovers\n|upkeep\n|turn|27\n|choice|move focusblast|move softboiled\n|\n|move|p1a: Bruce Wayne|Focus Blast|p2a: Blissey|[miss]\n|-miss|p1a: Bruce Wayne|p2a: Blissey\n|-activate|p2a: Blissey|confusion\n|move|p2a: Blissey|Soft-Boiled|p2a: Blissey\n|-heal|p2a: Blissey|695\/695\n|\n|upkeep\n|turn|28\n|choice|switch 3|move thunderwave\n|\n|switch|p1a: Waylon Jones|Garchomp, M|313\/357\n|-damage|p1a: Waylon Jones|291\/357|[from] Stealth Rock\n|-activate|p2a: Blissey|confusion\n|-damage|p2a: Blissey|689\/695|[from] confusion\n|\n|-heal|p2a: Blissey|695\/695|[from] item: Leftovers\n|upkeep\n|turn|29\n|choice|move swordsdance|move seismictoss\n|\n|move|p1a: Waylon Jones|Swords Dance|p1a: Waylon Jones\n|-boost|p1a: Waylon Jones|atk|2\n|-end|p2a: Blissey|confusion\n|move|p2a: Blissey|Seismic Toss|p1a: Waylon Jones\n|-damage|p1a: Waylon Jones|191\/357\n|-damage|p2a: Blissey|609\/695|[from] ability: Rough Skin|[of] p1a: Waylon Jones\n|\n|-heal|p2a: Blissey|652\/695|[from] item: Leftovers\n|upkeep\n|turn|30\n|choice|move dragonclaw|switch 3\n|\n|switch|p2a: Skarmory|Skarmory, M|327\/327 par\n|move|p1a: Waylon Jones|Dragon Claw|p2a: Skarmory\n|-resisted|p2a: Skarmory\n|-damage|p2a: Skarmory|216\/327 par\n|\n|-heal|p2a: Skarmory|236\/327 par|[from] item: Leftovers\n|upkeep\n|turn|31\n|choice|move dragonclaw|move roost\n|\n|move|p1a: Waylon Jones|Dragon Claw|p2a: Skarmory\n|-resisted|p2a: Skarmory\n|-damage|p2a: Skarmory|125\/327 par\n|move|p2a: Skarmory|Roost|p2a: Skarmory\n|-heal|p2a: Skarmory|289\/327 par\n|\n|-heal|p2a: Skarmory|309\/327 par|[from] item: Leftovers\n|upkeep\n|turn|32\n|choice|move swordsdance|move ironhead\n|\n|move|p1a: Waylon Jones|Swords Dance|p1a: Waylon Jones\n|-boost|p1a: Waylon Jones|atk|2\n|move|p2a: Skarmory|Iron Head|p1a: Waylon Jones\n|-damage|p1a: Waylon Jones|112\/357\n|-damage|p2a: Skarmory|269\/327 par|[from] ability: Rough Skin|[of] p1a: Waylon Jones\n|\n|-heal|p2a: Skarmory|289\/327 par|[from] item: Leftovers\n|upkeep\n|turn|33\n|choice|move dragonclaw|move counter\n|\n|move|p1a: Waylon Jones|Dragon Claw|p2a: Skarmory\n|-resisted|p2a: Skarmory\n|-damage|p2a: Skarmory|122\/327 par\n|move|p2a: Skarmory|Counter|p1a: Waylon Jones\n|-damage|p1a: Waylon Jones|0 fnt\n|-damage|p2a: Skarmory|82\/327 par|[from] ability: Rough Skin|[of] p1a: Waylon Jones\n|faint|p1a: Waylon Jones\n|\n|-heal|p2a: Skarmory|102\/327 par|[from] item: Leftovers\n|upkeep\n|choice|switch 4|\n|\n|switch|p1a: Arthur Curry|Rotom-Wash|167\/304 tox\n|-damage|p1a: Arthur Curry|129\/304 tox|[from] Stealth Rock\n|turn|34\n|choice|move voltswitch|switch 3\n|\n|switch|p2a: Blissey|Blissey, F|652\/695\n|-damage|p2a: Blissey|537\/695|[from] Spikes\n|move|p1a: Arthur Curry|Volt Switch|p2a: Blissey\n|-damage|p2a: Blissey|474\/695\n|choice|switch 3|\n|\n|switch|p1a: Bruce Wayne|Noivern, M|125\/312\n|-damage|p1a: Bruce Wayne|47\/312|[from] Stealth Rock\n|\n|-heal|p2a: Blissey|517\/695|[from] item: Leftovers\n|upkeep\n|turn|35\n|choice|move focusblast|move seismictoss\n|\n|move|p1a: Bruce Wayne|Focus Blast|p2a: Blissey\n|-supereffective|p2a: Blissey\n|-damage|p2a: Blissey|286\/695\n|-damage|p1a: Bruce Wayne|16\/312|[from] item: Life Orb\n|move|p2a: Blissey|Seismic Toss|p1a: Bruce Wayne\n|-damage|p1a: Bruce Wayne|0 fnt\n|faint|p1a: Bruce Wayne\n|\n|-heal|p2a: Blissey|329\/695|[from] item: Leftovers\n|upkeep\n|choice|switch 3|\n|\n|switch|p1a: Arthur Curry|Rotom-Wash|129\/304 tox\n|-damage|p1a: Arthur Curry|91\/304 tox|[from] Stealth Rock\n|turn|36\n|choice|move voltswitch|move softboiled\n|\n|move|p1a: Arthur Curry|Volt Switch|p2a: Blissey\n|-damage|p2a: Blissey|266\/695\n|move|p2a: Blissey|Soft-Boiled|p2a: Blissey\n|-heal|p2a: Blissey|614\/695\n|\n|-heal|p1a: Arthur Curry|110\/304 tox|[from] item: Leftovers\n|-heal|p2a: Blissey|657\/695|[from] item: Leftovers\n|-damage|p1a: Arthur Curry|91\/304 tox|[from] psn\n|upkeep\n|turn|37\n|choice|move hydropump|move seismictoss\n|\n|move|p1a: Arthur Curry|Hydro Pump|p2a: Blissey|[miss]\n|-miss|p1a: Arthur Curry|p2a: Blissey\n|move|p2a: Blissey|Seismic Toss|p1a: Arthur Curry\n|-damage|p1a: Arthur Curry|0 fnt\n|faint|p1a: Arthur Curry\n|\n|win|nsjnp","inputlog":null,"uploadtime":1494026289,"views":66,"p1id":"gothampaladin","p2id":"nsjnp","formatid":"ou","rating":0,"private":0,"password":null}