{"id":"smogtours-gen8ubers-644378","p1":"Stellakitties1312","p2":"Skysolo \u2764","format":"gen8ubers","log":"|inactive|Battle timer is ON: inactive players will automatically lose when time's up.\n|t:|1660966295\n|gametype|singles\n|player|p1|Stellakitties1312|#steelskitty|\n|player|p2|Skysolo \u2764|#pspl2019ubers|\n|teamsize|p1|6\n|teamsize|p2|6\n|gen|8\n|tier|[Gen 8] Ubers\n|rule|Sleep Clause Mod: Limit one foe put to sleep\n|rule|Species Clause: Limit one of each Pok\u00e9mon\n|rule|OHKO Clause: OHKO moves are banned\n|rule|Evasion Moves Clause: Evasion moves are banned\n|rule|Endless Battle Clause: Forcing endless battles is banned\n|rule|HP Percentage Mod: HP is shown in percentages\n|rule|Dynamax Clause: You cannot dynamax\n|clearpoke\n|poke|p1|Kyogre|\n|poke|p1|Ho-Oh|\n|poke|p1|Yveltal|\n|poke|p1|Eternatus|\n|poke|p1|Necrozma-Dusk-Mane|\n|poke|p1|Zarude|\n|poke|p2|Yveltal|\n|poke|p2|Kyogre|\n|poke|p2|Dracovish|\n|poke|p2|Landorus-Therian, M|\n|poke|p2|Calyrex-Ice|\n|poke|p2|Necrozma-Dusk-Mane|\n|teampreview\n|inactive|Stellakitties1312 also wants the timer to be on.\n|c|\u2606Stellakitties1312|GL HF\n|c|\u2606Skysolo \u2764|u2\n|inactive|Stellakitties1312 has 270 seconds left.\n|inactive|Skysolo \u2764 has 270 seconds left.\n|inactive|Skysolo \u2764 has 240 seconds left.\n|inactive|Stellakitties1312 has 240 seconds left.\n|c|+Arct!c|whats this 4\n|inactive|Stellakitties1312 has 210 seconds left.\n|\n|t:|1660966394\n|start\n|switch|p1a: Eternatus|Eternatus|100\/100\n|switch|p2a: Kyogre|Kyogre|100\/100\n|-ability|p1a: Eternatus|Pressure\n|-weather|RainDance|[from] ability: Drizzle|[of] p2a: Kyogre\n|turn|1\n|c|\u2606Stellakitties1312|homefield finals\n|\n|t:|1660966406\n|switch|p2a: Necrozma|Necrozma-Dusk-Mane|100\/100\n|move|p1a: Eternatus|Toxic|p2a: Necrozma\n|-immune|p2a: Necrozma\n|\n|-weather|RainDance|[upkeep]\n|upkeep\n|turn|2\n|\n|t:|1660966419\n|move|p1a: Eternatus|Draco Meteor|p2a: Necrozma\n|-resisted|p2a: Necrozma\n|-damage|p2a: Necrozma|82\/100\n|-unboost|p1a: Eternatus|spa|2\n|move|p2a: Necrozma|Stealth Rock|p1a: Eternatus\n|-sidestart|p1: Stellakitties1312|move: Stealth Rock\n|\n|-weather|RainDance|[upkeep]\n|-heal|p2a: Necrozma|88\/100|[from] item: Leftovers\n|upkeep\n|turn|3\n|\n|t:|1660966430\n|switch|p1a: Ho-Oh|Ho-Oh|100\/100\n|move|p2a: Necrozma|Thunder Wave|p1a: Ho-Oh\n|-status|p1a: Ho-Oh|par\n|\n|-weather|RainDance|[upkeep]\n|-heal|p2a: Necrozma|94\/100|[from] item: Leftovers\n|upkeep\n|turn|4\n|\n|t:|1660966438\n|switch|p2a: Kyogre|Kyogre|100\/100\n|move|p1a: Ho-Oh|Thunder Wave|p2a: Kyogre\n|-status|p2a: Kyogre|par\n|\n|-weather|RainDance|[upkeep]\n|upkeep\n|turn|5\n|\n|t:|1660966462\n|switch|p1a: Zarude|Zarude|100\/100\n|-damage|p1a: Zarude|88\/100|[from] Stealth Rock\n|move|p2a: Kyogre|Origin Pulse|p1a: Zarude\n|-resisted|p1a: Zarude\n|-damage|p1a: Zarude|47\/100\n|\n|-weather|none\n|-heal|p1a: Zarude|53\/100|[from] item: Leftovers\n|upkeep\n|turn|6\n|\n|t:|1660966472\n|switch|p2a: Yveltal|Yveltal|100\/100\n|-ability|p2a: Yveltal|Dark Aura\n|move|p1a: Zarude|Jungle Healing|p1a: Zarude\n|-heal|p1a: Zarude|78\/100\n|\n|-heal|p1a: Zarude|84\/100|[from] item: Leftovers\n|upkeep\n|turn|7\n|inactive|Stellakitties1312 has 270 seconds left.\n|\n|t:|1660966521\n|switch|p1a: Eternatus|Eternatus|100\/100\n|-damage|p1a: Eternatus|88\/100|[from] Stealth Rock\n|-ability|p1a: Eternatus|Pressure\n|move|p2a: Yveltal|U-turn|p1a: Eternatus\n|-resisted|p1a: Eternatus\n|-damage|p1a: Eternatus|81\/100\n|\n|t:|1660966538\n|switch|p2a: Calyrex|Calyrex-Ice|100\/100|[from]move: U-turn\n|-ability|p2a: Calyrex|As One\n|-ability|p2a: Calyrex|Unnerve\n|\n|upkeep\n|turn|8\n|inactive|Stellakitties1312 has 240 seconds left.\n|\n|t:|1660966582\n|switch|p1a: Necrozma|Necrozma-Dusk-Mane|100\/100\n|-damage|p1a: Necrozma|94\/100|[from] Stealth Rock\n|move|p2a: Calyrex|Glacial Lance|p1a: Necrozma\n|-resisted|p1a: Necrozma\n|-damage|p1a: Necrozma|52\/100\n|\n|upkeep\n|turn|9\n|inactive|Skysolo \u2764 has 270 seconds left.\n|\n|t:|1660966616\n|switch|p2a: Landorus|Landorus-Therian, M|100\/100\n|-ability|p2a: Landorus|Intimidate|boost\n|-unboost|p1a: Necrozma|atk|1\n|move|p1a: Necrozma|Stealth Rock|p2a: Landorus\n|-sidestart|p2: Skysolo \u2764|move: Stealth Rock\n|\n|upkeep\n|turn|10\n|inactive|Skysolo \u2764 has 270 seconds left.\n|\n|t:|1660966640\n|move|p2a: Landorus|Earthquake|p1a: Necrozma\n|-supereffective|p1a: Necrozma\n|-damage|p1a: Necrozma|6\/100\n|move|p1a: Necrozma|Moonlight|p1a: Necrozma\n|-heal|p1a: Necrozma|55\/100\n|\n|upkeep\n|turn|11\n|\n|t:|1660966647\n|move|p2a: Landorus|Earthquake|p1a: Necrozma\n|-supereffective|p1a: Necrozma\n|-damage|p1a: Necrozma|7\/100\n|move|p1a: Necrozma|Moonlight|p1a: Necrozma\n|-heal|p1a: Necrozma|57\/100\n|\n|upkeep\n|turn|12\n|\n|t:|1660966652\n|switch|p1a: Ho-Oh|Ho-Oh|100\/100 par\n|move|p2a: Landorus|Earthquake|p1a: Ho-Oh\n|-immune|p1a: Ho-Oh\n|\n|upkeep\n|turn|13\n|inactive|Skysolo \u2764 has 270 seconds left.\n|inactive|Stellakitties1312 has 210 seconds left.\n|\n|t:|1660966687\n|move|p2a: Landorus|U-turn|p1a: Ho-Oh\n|-resisted|p1a: Ho-Oh\n|-damage|p1a: Ho-Oh|96\/100 par\n|\n|t:|1660966692\n|switch|p2a: Yveltal|Yveltal|100\/100|[from]move: U-turn\n|-ability|p2a: Yveltal|Dark Aura\n|move|p1a: Ho-Oh|Brave Bird|p2a: Yveltal\n|-damage|p2a: Yveltal|49\/100\n|-damage|p1a: Ho-Oh|78\/100 par|[from] Recoil\n|\n|upkeep\n|turn|14\n|inactive|Skysolo \u2764 has 270 seconds left.\n|\n|t:|1660966701\n|switch|p1a: Eternatus|Eternatus|81\/100\n|-damage|p1a: Eternatus|68\/100|[from] Stealth Rock\n|-ability|p1a: Eternatus|Pressure\n|move|p2a: Yveltal|Roost|p2a: Yveltal\n|-heal|p2a: Yveltal|99\/100\n|-singleturn|p2a: Yveltal|move: Roost\n|\n|upkeep\n|turn|15\n|\n|t:|1660966708\n|move|p1a: Eternatus|Reflect|p1a: Eternatus\n|-sidestart|p1: Stellakitties1312|Reflect\n|move|p2a: Yveltal|U-turn|p1a: Eternatus\n|-resisted|p1a: Eternatus\n|-damage|p1a: Eternatus|64\/100\n|\n|t:|1660966718\n|switch|p2a: Kyogre|Kyogre|100\/100 par|[from]move: U-turn\n|-damage|p2a: Kyogre|88\/100 par|[from] Stealth Rock\n|-weather|RainDance|[from] ability: Drizzle|[of] p2a: Kyogre\n|\n|-weather|RainDance|[upkeep]\n|-heal|p2a: Kyogre|94\/100 par|[from] item: Leftovers\n|upkeep\n|turn|16\n|inactive|Stellakitties1312 has 240 seconds left.\n|\n|t:|1660966724\n|move|p1a: Eternatus|Recover|p1a: Eternatus\n|-heal|p1a: Eternatus|100\/100\n|move|p2a: Kyogre|Calm Mind|p2a: Kyogre\n|-boost|p2a: Kyogre|spa|1\n|-boost|p2a: Kyogre|spd|1\n|\n|-weather|RainDance|[upkeep]\n|-heal|p2a: Kyogre|99\/100 par|[from] item: Leftovers\n|upkeep\n|turn|17\n|inactive|Stellakitties1312 has 240 seconds left.\n|\n|t:|1660966753\n|switch|p1a: Zarude|Zarude|84\/100\n|-damage|p1a: Zarude|72\/100|[from] Stealth Rock\n|cant|p2a: Kyogre|par\n|\n|-weather|RainDance|[upkeep]\n|-heal|p1a: Zarude|78\/100|[from] item: Leftovers\n|-heal|p2a: Kyogre|100\/100 par|[from] item: Leftovers\n|upkeep\n|turn|18\n|\n|t:|1660966763\n|switch|p2a: Yveltal|Yveltal|99\/100\n|-ability|p2a: Yveltal|Dark Aura\n|move|p1a: Zarude|Power Whip|p2a: Yveltal\n|-resisted|p2a: Yveltal\n|-damage|p2a: Yveltal|80\/100\n|\n|-weather|RainDance|[upkeep]\n|-heal|p1a: Zarude|84\/100|[from] item: Leftovers\n|upkeep\n|turn|19\n|\n|t:|1660966772\n|switch|p1a: Eternatus|Eternatus|100\/100\n|-damage|p1a: Eternatus|88\/100|[from] Stealth Rock\n|-ability|p1a: Eternatus|Pressure\n|move|p2a: Yveltal|U-turn|p1a: Eternatus\n|-resisted|p1a: Eternatus\n|-damage|p1a: Eternatus|85\/100\n|\n|t:|1660966789\n|switch|p2a: Kyogre|Kyogre|100\/100 par|[from]move: U-turn\n|-damage|p2a: Kyogre|88\/100 par|[from] Stealth Rock\n|\n|-weather|none\n|-heal|p2a: Kyogre|94\/100 par|[from] item: Leftovers\n|-sideend|p1: Stellakitties1312|Reflect\n|upkeep\n|turn|20\n|\n|t:|1660966799\n|move|p1a: Eternatus|Draco Meteor|p2a: Kyogre\n|-damage|p2a: Kyogre|51\/100 par\n|-unboost|p1a: Eternatus|spa|2\n|cant|p2a: Kyogre|par\n|\n|-heal|p2a: Kyogre|57\/100 par|[from] item: Leftovers\n|upkeep\n|turn|21\n|\n|t:|1660966804\n|switch|p1a: Zarude|Zarude|84\/100\n|-damage|p1a: Zarude|71\/100|[from] Stealth Rock\n|move|p2a: Kyogre|Ice Beam|p1a: Zarude\n|-supereffective|p1a: Zarude\n|-damage|p1a: Zarude|11\/100\n|\n|-heal|p1a: Zarude|17\/100|[from] item: Leftovers\n|-heal|p2a: Kyogre|63\/100 par|[from] item: Leftovers\n|upkeep\n|turn|22\n|\n|t:|1660966818\n|switch|p2a: Yveltal|Yveltal|80\/100\n|-ability|p2a: Yveltal|Dark Aura\n|move|p1a: Zarude|Power Whip|p2a: Yveltal\n|-resisted|p2a: Yveltal\n|-damage|p2a: Yveltal|61\/100\n|\n|-heal|p1a: Zarude|23\/100|[from] item: Leftovers\n|upkeep\n|turn|23\n|inactive|Stellakitties1312 has 270 seconds left.\n|\n|t:|1660966826\n|switch|p1a: Eternatus|Eternatus|85\/100\n|-damage|p1a: Eternatus|72\/100|[from] Stealth Rock\n|-ability|p1a: Eternatus|Pressure\n|move|p2a: Yveltal|U-turn|p1a: Eternatus\n|-resisted|p1a: Eternatus\n|-damage|p1a: Eternatus|65\/100\n|inactive|Skysolo \u2764 has 270 seconds left.\n|inactive|Skysolo \u2764 has 240 seconds left.\n|\n|t:|1660966906\n|switch|p2a: Necrozma|Necrozma-Dusk-Mane|94\/100|[from]move: U-turn\n|-damage|p2a: Necrozma|88\/100|[from] Stealth Rock\n|\n|-heal|p2a: Necrozma|94\/100|[from] item: Leftovers\n|upkeep\n|turn|24\n|inactive|Stellakitties1312 has 270 seconds left.\n|\n|t:|1660966937\n|switch|p1a: Ho-Oh|Ho-Oh|100\/100 par\n|move|p2a: Necrozma|Thunder Wave|p1a: Ho-Oh\n|-fail|p1a: Ho-Oh|par\n|\n|-heal|p2a: Necrozma|100\/100|[from] item: Leftovers\n|upkeep\n|turn|25\n|\n|t:|1660966952\n|switch|p2a: Landorus|Landorus-Therian, M|100\/100\n|-damage|p2a: Landorus|88\/100|[from] Stealth Rock\n|-ability|p2a: Landorus|Intimidate|boost\n|-unboost|p1a: Ho-Oh|atk|1\n|switch|p1a: Kyogre|Kyogre|100\/100\n|-damage|p1a: Kyogre|88\/100|[from] Stealth Rock\n|-weather|RainDance|[from] ability: Drizzle|[of] p1a: Kyogre\n|\n|-weather|RainDance|[upkeep]\n|-heal|p2a: Landorus|94\/100|[from] item: Leftovers\n|upkeep\n|turn|26\n|inactive|Skysolo \u2764 has 210 seconds left.\n|\n|t:|1660966990\n|move|p1a: Kyogre|Scald|p2a: Landorus\n|-supereffective|p2a: Landorus\n|-damage|p2a: Landorus|0 fnt\n|faint|p2a: Landorus\n|\n|-weather|RainDance|[upkeep]\n|upkeep\n|\n|t:|1660966996\n|switch|p2a: Kyogre|Kyogre|63\/100 par\n|-damage|p2a: Kyogre|51\/100 par|[from] Stealth Rock\n|turn|27\n|inactive|Stellakitties1312 has 270 seconds left.\n|\n|t:|1660967010\n|switch|p1a: Zarude|Zarude|23\/100\n|-damage|p1a: Zarude|11\/100|[from] Stealth Rock\n|move|p2a: Kyogre|Thunder|p1a: Zarude\n|-resisted|p1a: Zarude\n|-damage|p1a: Zarude|0 fnt\n|faint|p1a: Zarude\n|\n|-weather|RainDance|[upkeep]\n|-heal|p2a: Kyogre|57\/100 par|[from] item: Leftovers\n|upkeep\n|inactive|Stellakitties1312 has 270 seconds left.\n|inactive|Stellakitties1312 has 240 seconds left.\n|\n|t:|1660967072\n|switch|p1a: Yveltal|Yveltal|100\/100\n|-ability|p1a: Yveltal|Dark Aura\n|turn|28\n|\n|t:|1660967085\n|switch|p2a: Yveltal|Yveltal|61\/100\n|-ability|p2a: Yveltal|Dark Aura\n|move|p1a: Yveltal|Knock Off|p2a: Yveltal\n|-resisted|p2a: Yveltal\n|-damage|p2a: Yveltal|33\/100\n|-enditem|p2a: Yveltal|Heavy-Duty Boots|[from] move: Knock Off|[of] p1a: Yveltal\n|\n|-weather|RainDance|[upkeep]\n|upkeep\n|turn|29\n|\n|t:|1660967088\n|move|p1a: Yveltal|Hone Claws|p1a: Yveltal\n|-boost|p1a: Yveltal|atk|1\n|-boost|p1a: Yveltal|accuracy|1\n|move|p2a: Yveltal|Roost|p2a: Yveltal\n|-heal|p2a: Yveltal|83\/100\n|-singleturn|p2a: Yveltal|move: Roost\n|\n|-weather|none\n|upkeep\n|turn|30\n|\n|t:|1660967094\n|move|p1a: Yveltal|Hone Claws|p1a: Yveltal\n|-boost|p1a: Yveltal|atk|1\n|-boost|p1a: Yveltal|accuracy|1\n|move|p2a: Yveltal|Foul Play|p1a: Yveltal\n|-resisted|p1a: Yveltal\n|-damage|p1a: Yveltal|49\/100\n|\n|upkeep\n|turn|31\n|inactive|Stellakitties1312 has 240 seconds left.\n|\n|t:|1660967126\n|move|p1a: Yveltal|Roost|p1a: Yveltal\n|-heal|p1a: Yveltal|99\/100\n|-singleturn|p1a: Yveltal|move: Roost\n|move|p2a: Yveltal|Foul Play|p1a: Yveltal\n|-resisted|p1a: Yveltal\n|-damage|p1a: Yveltal|46\/100\n|\n|upkeep\n|turn|32\n|\n|t:|1660967134\n|move|p1a: Yveltal|Roost|p1a: Yveltal\n|-heal|p1a: Yveltal|96\/100\n|-singleturn|p1a: Yveltal|move: Roost\n|move|p2a: Yveltal|Foul Play|p1a: Yveltal\n|-resisted|p1a: Yveltal\n|-damage|p1a: Yveltal|40\/100\n|\n|upkeep\n|turn|33\n|\n|t:|1660967138\n|move|p1a: Yveltal|Roost|p1a: Yveltal\n|-heal|p1a: Yveltal|90\/100\n|-singleturn|p1a: Yveltal|move: Roost\n|move|p2a: Yveltal|Foul Play|p1a: Yveltal\n|-resisted|p1a: Yveltal\n|-damage|p1a: Yveltal|31\/100\n|\n|upkeep\n|turn|34\n|inactive|Skysolo \u2764 has 270 seconds left.\n|\n|t:|1660967162\n|move|p1a: Yveltal|Knock Off|p2a: Yveltal\n|-resisted|p2a: Yveltal\n|-damage|p2a: Yveltal|46\/100\n|move|p2a: Yveltal|Foul Play|p1a: Yveltal\n|-resisted|p1a: Yveltal\n|-damage|p1a: Yveltal|0 fnt\n|faint|p1a: Yveltal\n|\n|upkeep\n|inactive|Stellakitties1312 has 210 seconds left.\n|\n|t:|1660967180\n|switch|p1a: Kyogre|Kyogre|88\/100\n|-damage|p1a: Kyogre|76\/100|[from] Stealth Rock\n|-weather|RainDance|[from] ability: Drizzle|[of] p1a: Kyogre\n|turn|35\n|inactive|Stellakitties1312 has 210 seconds left.\n|inactive|Skysolo \u2764 has 270 seconds left.\n|\n|t:|1660967204\n|move|p2a: Yveltal|Foul Play|p1a: Kyogre\n|-crit|p1a: Kyogre\n|-damage|p1a: Kyogre|37\/100\n|move|p1a: Kyogre|Calm Mind|p1a: Kyogre\n|-boost|p1a: Kyogre|spa|1\n|-boost|p1a: Kyogre|spd|1\n|\n|-weather|RainDance|[upkeep]\n|upkeep\n|turn|36\n|inactive|Skysolo \u2764 has 270 seconds left.\n|inactive|Stellakitties1312 has 210 seconds left.\n|\n|t:|1660967222\n|move|p2a: Yveltal|U-turn|p1a: Kyogre\n|-damage|p1a: Kyogre|21\/100\n|-enditem|p1a: Kyogre|Salac Berry|[eat]\n|-boost|p1a: Kyogre|spe|1|[from] item: Salac Berry\n|\n|t:|1660967228\n|switch|p2a: Kyogre|Kyogre|57\/100 par|[from]move: U-turn\n|-damage|p2a: Kyogre|45\/100 par|[from] Stealth Rock\n|move|p1a: Kyogre|Scald|p2a: Kyogre\n|-resisted|p2a: Kyogre\n|-damage|p2a: Kyogre|17\/100 par\n|\n|-weather|RainDance|[upkeep]\n|-heal|p2a: Kyogre|23\/100 par|[from] item: Leftovers\n|upkeep\n|turn|37\n|inactive|Skysolo \u2764 has 270 seconds left.\n|inactive|Stellakitties1312 has 210 seconds left.\n|inactive|Stellakitties1312 has 180 seconds left.\n|inactive|Skysolo \u2764 has 240 seconds left.\n|\n|t:|1660967292\n|switch|p2a: Yveltal|Yveltal|46\/100\n|-damage|p2a: Yveltal|21\/100|[from] Stealth Rock\n|-ability|p2a: Yveltal|Dark Aura\n|move|p1a: Kyogre|Rest|p1a: Kyogre\n|-status|p1a: Kyogre|slp|[from] move: Rest\n|-heal|p1a: Kyogre|100\/100 slp|[silent]\n|\n|-weather|RainDance|[upkeep]\n|upkeep\n|turn|38\n|\n|t:|1660967296\n|cant|p1a: Kyogre|slp\n|move|p2a: Yveltal|Foul Play|p1a: Kyogre\n|-damage|p1a: Kyogre|76\/100 slp\n|\n|-weather|RainDance|[upkeep]\n|upkeep\n|turn|39\n|\n|t:|1660967304\n|cant|p1a: Kyogre|slp\n|move|p2a: Yveltal|Foul Play|p1a: Kyogre\n|-damage|p1a: Kyogre|50\/100 slp\n|\n|-weather|none\n|upkeep\n|turn|40\n|\n|t:|1660967312\n|switch|p2a: Kyogre|Kyogre|23\/100 par\n|-damage|p2a: Kyogre|11\/100 par|[from] Stealth Rock\n|-weather|RainDance|[from] ability: Drizzle|[of] p2a: Kyogre\n|-curestatus|p1a: Kyogre|slp|[msg]\n|move|p1a: Kyogre|Scald|p2a: Kyogre\n|-resisted|p2a: Kyogre\n|-damage|p2a: Kyogre|0 fnt\n|faint|p2a: Kyogre\n|\n|-weather|RainDance|[upkeep]\n|upkeep\n|inactive|Skysolo \u2764 has 240 seconds left.\n|\n|t:|1660967335\n|switch|p2a: Dracovish|Dracovish|100\/100\n|-damage|p2a: Dracovish|88\/100|[from] Stealth Rock\n|turn|41\n|\n|t:|1660967351\n|move|p1a: Kyogre|Scald|p2a: Dracovish\n|-resisted|p2a: Dracovish\n|-damage|p2a: Dracovish|59\/100\n|move|p2a: Dracovish|Fishious Rend|p1a: Kyogre\n|-resisted|p1a: Kyogre\n|-damage|p1a: Kyogre|17\/100\n|\n|-weather|RainDance|[upkeep]\n|upkeep\n|turn|42\n|inactive|Stellakitties1312 has 180 seconds left.\n|c|\u2606Skysolo \u2764|damn how fast?\n|c|\u2606Stellakitties1312|fast\n|c|\u2606Skysolo \u2764|zoom\n|inactive|Stellakitties1312 has 150 seconds left.\n|c|\u2606Stellakitties1312|this\n|\n|t:|1660967407\n|move|p1a: Kyogre|Rest|p1a: Kyogre\n|-status|p1a: Kyogre|slp|[from] move: Rest\n|-heal|p1a: Kyogre|100\/100 slp|[silent]\n|move|p2a: Dracovish|Fishious Rend|p1a: Kyogre\n|-resisted|p1a: Kyogre\n|-damage|p1a: Kyogre|69\/100 slp\n|\n|-weather|RainDance|[upkeep]\n|upkeep\n|turn|43\n|\n|t:|1660967412\n|cant|p1a: Kyogre|slp\n|move|p2a: Dracovish|Fishious Rend|p1a: Kyogre\n|-resisted|p1a: Kyogre\n|-damage|p1a: Kyogre|37\/100 slp\n|\n|-weather|RainDance|[upkeep]\n|upkeep\n|turn|44\n|\n|t:|1660967416\n|cant|p1a: Kyogre|slp\n|move|p2a: Dracovish|Fishious Rend|p1a: Kyogre\n|-resisted|p1a: Kyogre\n|-damage|p1a: Kyogre|5\/100 slp\n|\n|-weather|none\n|upkeep\n|turn|45\n|inactive|Skysolo \u2764 has 270 seconds left.\n|inactive|Stellakitties1312 has 150 seconds left.\n|\n|t:|1660967448\n|switch|p2a: Calyrex|Calyrex-Ice|100\/100\n|-ability|p2a: Calyrex|As One\n|-ability|p2a: Calyrex|Unnerve\n|-damage|p2a: Calyrex|76\/100|[from] Stealth Rock\n|-curestatus|p1a: Kyogre|slp|[msg]\n|move|p1a: Kyogre|Rest|p1a: Kyogre\n|-status|p1a: Kyogre|slp|[from] move: Rest\n|-heal|p1a: Kyogre|100\/100 slp|[silent]\n|\n|upkeep\n|turn|46\n|inactive|Stellakitties1312 has 150 seconds left.\n|\n|t:|1660967477\n|switch|p1a: Ho-Oh|Ho-Oh|100\/100 par\n|move|p2a: Calyrex|Trick|p1a: Ho-Oh\n|-activate|p2a: Calyrex|move: Trick|[of] p1a: Ho-Oh\n|-item|p1a: Ho-Oh|Choice Band|[from] move: Trick\n|-item|p2a: Calyrex|Heavy-Duty Boots|[from] move: Trick\n|\n|upkeep\n|turn|47\n|\n|t:|1660967497\n|switch|p2a: Yveltal|Yveltal|21\/100\n|-damage|p2a: Yveltal|0 fnt|[from] Stealth Rock\n|faint|p2a: Yveltal\n|move|p1a: Ho-Oh|Brave Bird|p2: Yveltal|[notarget]\n|-fail|p1a: Ho-Oh\n|\n|upkeep\n|\n|t:|1660967503\n|switch|p2a: Dracovish|Dracovish|59\/100\n|-damage|p2a: Dracovish|46\/100|[from] Stealth Rock\n|turn|48\n|inactive|Stellakitties1312 has 120 seconds left.\n|\n|t:|1660967553\n|move|p2a: Dracovish|Fishious Rend|p1a: Ho-Oh\n|-supereffective|p1a: Ho-Oh\n|-damage|p1a: Ho-Oh|0 fnt\n|faint|p1a: Ho-Oh\n|\n|upkeep\n|\n|t:|1660967558\n|switch|p1a: Eternatus|Eternatus|65\/100\n|-damage|p1a: Eternatus|53\/100|[from] Stealth Rock\n|-ability|p1a: Eternatus|Pressure\n|turn|49\n|\n|t:|1660967566\n|switch|p2a: Calyrex|Calyrex-Ice|76\/100\n|-ability|p2a: Calyrex|As One\n|-ability|p2a: Calyrex|Unnerve\n|move|p1a: Eternatus|Reflect|p1a: Eternatus\n|-sidestart|p1: Stellakitties1312|Reflect\n|\n|upkeep\n|turn|50\n|\n|t:|1660967572\n|switch|p1a: Necrozma|Necrozma-Dusk-Mane|57\/100\n|-damage|p1a: Necrozma|51\/100|[from] Stealth Rock\n|move|p2a: Calyrex|Glacial Lance|p1a: Necrozma\n|-resisted|p1a: Necrozma\n|-damage|p1a: Necrozma|35\/100\n|\n|upkeep\n|turn|51\n|\n|t:|1660967582\n|move|p1a: Necrozma|Moonlight|p1a: Necrozma\n|-heal|p1a: Necrozma|85\/100\n|move|p2a: Calyrex|High Horsepower|p1a: Necrozma\n|-supereffective|p1a: Necrozma\n|-damage|p1a: Necrozma|63\/100\n|\n|upkeep\n|turn|52\n|\n|t:|1660967589\n|switch|p2a: Necrozma|Necrozma-Dusk-Mane|100\/100\n|-damage|p2a: Necrozma|94\/100|[from] Stealth Rock\n|move|p1a: Necrozma|Earthquake|p2a: Necrozma\n|-supereffective|p2a: Necrozma\n|-damage|p2a: Necrozma|50\/100\n|\n|-heal|p2a: Necrozma|56\/100|[from] item: Leftovers\n|upkeep\n|turn|53\n|\n|t:|1660967601\n|move|p1a: Necrozma|Earthquake|p2a: Necrozma\n|-supereffective|p2a: Necrozma\n|-damage|p2a: Necrozma|11\/100\n|move|p2a: Necrozma|Thunder Wave|p1a: Necrozma\n|-status|p1a: Necrozma|par\n|\n|-heal|p2a: Necrozma|17\/100|[from] item: Leftovers\n|-sideend|p1: Stellakitties1312|Reflect\n|upkeep\n|turn|54\n|\n|t:|1660967607\n|move|p2a: Necrozma|Iron Head|p1a: Necrozma\n|-resisted|p1a: Necrozma\n|-damage|p1a: Necrozma|49\/100 par\n|move|p1a: Necrozma|Earthquake|p2a: Necrozma\n|-supereffective|p2a: Necrozma\n|-damage|p2a: Necrozma|0 fnt\n|faint|p2a: Necrozma\n|\n|upkeep\n|\n|t:|1660967611\n|switch|p2a: Dracovish|Dracovish|46\/100\n|-damage|p2a: Dracovish|34\/100|[from] Stealth Rock\n|turn|55\n|inactive|Stellakitties1312 has 120 seconds left.\n|\n|t:|1660967657\n|move|p2a: Dracovish|Fishious Rend|p1a: Necrozma\n|-damage|p1a: Necrozma|0 fnt\n|faint|p1a: Necrozma\n|\n|upkeep\n|\n|t:|1660967659\n|switch|p1a: Eternatus|Eternatus|53\/100\n|-damage|p1a: Eternatus|40\/100|[from] Stealth Rock\n|-ability|p1a: Eternatus|Pressure\n|turn|56\n|\n|t:|1660967664\n|move|p2a: Dracovish|Fishious Rend|p1a: Eternatus\n|-resisted|p1a: Eternatus\n|-damage|p1a: Eternatus|0 fnt\n|faint|p1a: Eternatus\n|\n|upkeep\n|\n|t:|1660967668\n|switch|p1a: Kyogre|Kyogre|100\/100 slp\n|-damage|p1a: Kyogre|88\/100 slp|[from] Stealth Rock\n|-weather|RainDance|[from] ability: Drizzle|[of] p1a: Kyogre\n|turn|57\n|\n|t:|1660967670\n|move|p2a: Dracovish|Fishious Rend|p1a: Kyogre\n|-resisted|p1a: Kyogre\n|-damage|p1a: Kyogre|25\/100 slp\n|cant|p1a: Kyogre|slp\n|\n|-weather|RainDance|[upkeep]\n|upkeep\n|turn|58\n|c|\u2606Stellakitties1312|gg\n|c|\u2606Skysolo \u2764|gg\n|\n|t:|1660967674\n|move|p2a: Dracovish|Fishious Rend|p1a: Kyogre\n|-resisted|p1a: Kyogre\n|-damage|p1a: Kyogre|0 fnt\n|faint|p1a: Kyogre\n|\n|win|Skysolo \u2764\n","uploadtime":1660967676,"views":177,"p1id":"stellakitties1312","p2id":"skysolo","formatid":"gen8ubers","rating":0,"private":0,"password":null}