{"id":"smogtours-gen8ubers-644659","p1":"Lukenc","p2":"Skysolo \u2764","format":"gen8ubers","log":"|inactive|Battle timer is ON: inactive players will automatically lose when time's up.\n|t:|1661093664\n|gametype|singles\n|player|p1|Lukenc|cheren-gen5bw2|\n|player|p2|Skysolo \u2764|#pspl2019ubers|\n|teamsize|p1|6\n|teamsize|p2|6\n|gen|8\n|tier|[Gen 8] Ubers\n|rule|Sleep Clause Mod: Limit one foe put to sleep\n|rule|Species Clause: Limit one of each Pok\u00e9mon\n|rule|OHKO Clause: OHKO moves are banned\n|rule|Evasion Moves Clause: Evasion moves are banned\n|rule|Endless Battle Clause: Forcing endless battles is banned\n|rule|HP Percentage Mod: HP is shown in percentages\n|rule|Dynamax Clause: You cannot dynamax\n|clearpoke\n|poke|p1|Mewtwo|\n|poke|p1|Landorus-Therian, M|\n|poke|p1|Toxapex, F|\n|poke|p1|Pheromosa|\n|poke|p1|Giratina|\n|poke|p1|Magearna|\n|poke|p2|Tapu Koko|\n|poke|p2|Yveltal|\n|poke|p2|Solgaleo|\n|poke|p2|Eternatus|\n|poke|p2|Dugtrio, M|\n|poke|p2|Pheromosa|\n|teampreview\n|c|\u2606Lukenc|hf\n|c|\u2606Lukenc|is bo1 no?\n|c|\u2606Skysolo \u2764|u2\n|c|\u2606Skysolo \u2764|yea\n|inactive|Lukenc has 270 seconds left.\n|\n|t:|1661093696\n|start\n|switch|p1a: Landorus|Landorus-Therian, M|100\/100\n|switch|p2a: Pheromosa|Pheromosa|100\/100\n|-ability|p1a: Landorus|Intimidate|boost\n|-unboost|p2a: Pheromosa|atk|1\n|turn|1\n|\n|t:|1661093704\n|move|p2a: Pheromosa|U-turn|p1a: Landorus\n|-resisted|p1a: Landorus\n|-damage|p1a: Landorus|92\/100\n|\n|t:|1661093709\n|switch|p2a: Yveltal|Yveltal|100\/100|[from]move: U-turn\n|-ability|p2a: Yveltal|Dark Aura\n|move|p1a: Landorus|Stealth Rock|p2a: Yveltal\n|-sidestart|p2: Skysolo \u2764|move: Stealth Rock\n|\n|-heal|p1a: Landorus|98\/100|[from] item: Leftovers\n|upkeep\n|turn|2\n|\n|t:|1661093728\n|move|p1a: Landorus|U-turn|p2a: Yveltal\n|-damage|p2a: Yveltal|82\/100\n|\n|t:|1661093731\n|switch|p1a: Magearna|Magearna|100\/100|[from]move: U-turn\n|move|p2a: Yveltal|Foul Play|p1a: Magearna\n|-resisted|p1a: Magearna\n|-damage|p1a: Magearna|90\/100\n|\n|-heal|p1a: Magearna|96\/100|[from] item: Leftovers\n|upkeep\n|turn|3\n|\n|t:|1661093747\n|move|p2a: Yveltal|Defog|p1a: Magearna\n|-unboost|p1a: Magearna|evasion|1\n|-sideend|p2: Skysolo \u2764|Stealth Rock|[from] move: Defog|[of] p2a: Yveltal\n|move|p1a: Magearna|Volt Switch|p2a: Yveltal\n|-supereffective|p2a: Yveltal\n|-damage|p2a: Yveltal|62\/100\n|\n|t:|1661093750\n|switch|p1a: Landorus|Landorus-Therian, M|98\/100|[from]move: Volt Switch\n|-ability|p1a: Landorus|Intimidate|boost\n|-unboost|p2a: Yveltal|atk|1\n|\n|-heal|p1a: Landorus|100\/100|[from] item: Leftovers\n|upkeep\n|turn|4\n|\n|t:|1661093761\n|move|p1a: Landorus|Stealth Rock|p2a: Yveltal\n|-sidestart|p2: Skysolo \u2764|move: Stealth Rock\n|move|p2a: Yveltal|Foul Play|p1a: Landorus\n|-damage|p1a: Landorus|57\/100\n|\n|-heal|p1a: Landorus|63\/100|[from] item: Leftovers\n|upkeep\n|turn|5\n|\n|t:|1661093767\n|move|p1a: Landorus|Toxic|p2a: Yveltal\n|-status|p2a: Yveltal|tox\n|move|p2a: Yveltal|Foul Play|p1a: Landorus\n|-crit|p1a: Landorus\n|-damage|p1a: Landorus|0 fnt\n|faint|p1a: Landorus\n|\n|-damage|p2a: Yveltal|56\/100 tox|[from] psn\n|upkeep\n|\n|t:|1661093783\n|switch|p1a: Pheromosa|Pheromosa|100\/100\n|turn|6\n|\n|t:|1661093787\n|move|p1a: Pheromosa|Close Combat|p2a: Yveltal\n|-damage|p2a: Yveltal|0 fnt\n|-unboost|p1a: Pheromosa|def|1\n|-unboost|p1a: Pheromosa|spd|1\n|faint|p2a: Yveltal\n|-ability|p1a: Pheromosa|Beast Boost|boost\n|-boost|p1a: Pheromosa|spe|1\n|\n|upkeep\n|\n|t:|1661093798\n|switch|p2a: Tapu Koko|Tapu Koko|100\/100\n|-damage|p2a: Tapu Koko|88\/100|[from] Stealth Rock\n|-fieldstart|move: Electric Terrain|[from] ability: Electric Surge|[of] p2a: Tapu Koko\n|turn|7\n|\n|t:|1661093802\n|switch|p1a: Giratina|Giratina|100\/100\n|-ability|p1a: Giratina|Pressure\n|move|p2a: Tapu Koko|Volt Switch|p1a: Giratina\n|-resisted|p1a: Giratina\n|-damage|p1a: Giratina|84\/100\n|\n|t:|1661093809\n|switch|p2a: Eternatus|Eternatus|100\/100|[from]move: Volt Switch\n|-damage|p2a: Eternatus|88\/100|[from] Stealth Rock\n|-ability|p2a: Eternatus|Pressure\n|\n|-heal|p1a: Giratina|90\/100|[from] item: Leftovers\n|upkeep\n|turn|8\n|\n|t:|1661093814\n|switch|p1a: Magearna|Magearna|96\/100\n|move|p2a: Eternatus|Draco Meteor|p1a: Magearna\n|-immune|p1a: Magearna\n|\n|-heal|p1a: Magearna|100\/100|[from] item: Leftovers\n|upkeep\n|turn|9\n|\n|t:|1661093820\n|move|p2a: Eternatus|Flamethrower|p1a: Magearna\n|-supereffective|p1a: Magearna\n|-damage|p1a: Magearna|54\/100\n|move|p1a: Magearna|Fleur Cannon|p2a: Eternatus\n|-damage|p2a: Eternatus|48\/100\n|-unboost|p1a: Magearna|spa|2\n|\n|-heal|p1a: Magearna|60\/100|[from] item: Leftovers\n|upkeep\n|turn|10\n|\n|t:|1661093826\n|move|p2a: Eternatus|Flamethrower|p1a: Magearna\n|-supereffective|p1a: Magearna\n|-damage|p1a: Magearna|10\/100\n|move|p1a: Magearna|Volt Switch|p2a: Eternatus\n|-resisted|p2a: Eternatus\n|-damage|p2a: Eternatus|44\/100\n|\n|t:|1661093833\n|switch|p1a: Pheromosa|Pheromosa|100\/100|[from]move: Volt Switch\n|\n|upkeep\n|turn|11\n|\n|t:|1661093846\n|switch|p2a: Solgaleo|Solgaleo|100\/100\n|-damage|p2a: Solgaleo|94\/100|[from] Stealth Rock\n|move|p1a: Pheromosa|Triple Axel|p2a: Solgaleo\n|-resisted|p2a: Solgaleo\n|-damage|p2a: Solgaleo|91\/100\n|-resisted|p2a: Solgaleo\n|-damage|p2a: Solgaleo|83\/100\n|-resisted|p2a: Solgaleo\n|-damage|p2a: Solgaleo|71\/100\n|-hitcount|p2a: Solgaleo|3\n|\n|-heal|p2a: Solgaleo|77\/100|[from] item: Leftovers\n|-fieldend|move: Electric Terrain\n|upkeep\n|turn|12\n|\n|t:|1661093853\n|switch|p1a: Magearna|Magearna|10\/100\n|move|p2a: Solgaleo|Future Sight|p1a: Magearna\n|-start|p2a: Solgaleo|move: Future Sight\n|\n|-heal|p2a: Solgaleo|83\/100|[from] item: Leftovers\n|-heal|p1a: Magearna|16\/100|[from] item: Leftovers\n|upkeep\n|turn|13\n|\n|t:|1661093860\n|move|p2a: Solgaleo|Sunsteel Strike|p1a: Magearna\n|-damage|p1a: Magearna|0 fnt\n|faint|p1a: Magearna\n|\n|-heal|p2a: Solgaleo|89\/100|[from] item: Leftovers\n|upkeep\n|\n|t:|1661093863\n|switch|p1a: Mewtwo|Mewtwo|100\/100\n|-ability|p1a: Mewtwo|Pressure\n|turn|14\n|\n|t:|1661093866\n|move|p1a: Mewtwo|Fire Blast|p2a: Solgaleo\n|-supereffective|p2a: Solgaleo\n|-damage|p2a: Solgaleo|26\/100\n|-damage|p1a: Mewtwo|91\/100|[from] item: Life Orb\n|move|p2a: Solgaleo|Teleport|p2a: Solgaleo\n|\n|t:|1661093872\n|switch|p2a: Pheromosa|Pheromosa|100\/100|[from]move: Teleport\n|-damage|p2a: Pheromosa|88\/100|[from] Stealth Rock\n|\n|-end|p1a: Mewtwo|move: Future Sight\n|-resisted|p1a: Mewtwo\n|-damage|p1a: Mewtwo|66\/100\n|upkeep\n|turn|15\n|\n|t:|1661093876\n|switch|p1a: Toxapex|Toxapex, F|100\/100\n|move|p2a: Pheromosa|U-turn|p1a: Toxapex\n|-resisted|p1a: Toxapex\n|-damage|p1a: Toxapex|89\/100\n|-damage|p2a: Pheromosa|72\/100|[from] item: Rocky Helmet|[of] p1a: Toxapex\n|\n|t:|1661093881\n|switch|p2a: Jeff|Dugtrio, M|100\/100|[from]move: U-turn\n|-damage|p2a: Jeff|94\/100|[from] Stealth Rock\n|\n|upkeep\n|turn|16\n|\n|t:|1661093886\n|move|p2a: Jeff|Earthquake|p1a: Toxapex\n|-supereffective|p1a: Toxapex\n|-damage|p1a: Toxapex|16\/100\n|move|p1a: Toxapex|Knock Off|p2a: Jeff\n|-damage|p2a: Jeff|59\/100\n|-enditem|p2a: Jeff|Choice Band|[from] move: Knock Off|[of] p1a: Toxapex\n|\n|upkeep\n|turn|17\n|\n|t:|1661093889\n|move|p2a: Jeff|Earthquake|p1a: Toxapex\n|-supereffective|p1a: Toxapex\n|-damage|p1a: Toxapex|0 fnt\n|faint|p1a: Toxapex\n|\n|upkeep\n|\n|t:|1661093891\n|switch|p1a: Pheromosa|Pheromosa|100\/100\n|turn|18\n|\n|t:|1661093896\n|move|p1a: Pheromosa|U-turn|p2a: Jeff\n|-damage|p2a: Jeff|0 fnt\n|faint|p2a: Jeff\n|-ability|p1a: Pheromosa|Beast Boost|boost\n|-boost|p1a: Pheromosa|spe|1\n|\n|t:|1661093902\n|switch|p1a: Mewtwo|Mewtwo|66\/100|[from]move: U-turn\n|-ability|p1a: Mewtwo|Pressure\n|\n|upkeep\n|\n|t:|1661093910\n|switch|p2a: Pheromosa|Pheromosa|72\/100\n|-damage|p2a: Pheromosa|59\/100|[from] Stealth Rock\n|turn|19\n|\n|t:|1661093914\n|switch|p1a: Giratina|Giratina|90\/100\n|-ability|p1a: Giratina|Pressure\n|move|p2a: Pheromosa|U-turn|p1a: Giratina\n|-resisted|p1a: Giratina\n|-damage|p1a: Giratina|81\/100\n|\n|t:|1661093921\n|switch|p2a: Eternatus|Eternatus|44\/100|[from]move: U-turn\n|-damage|p2a: Eternatus|31\/100|[from] Stealth Rock\n|-ability|p2a: Eternatus|Pressure\n|\n|-heal|p1a: Giratina|88\/100|[from] item: Leftovers\n|upkeep\n|turn|20\n|\n|t:|1661093925\n|switch|p1a: Mewtwo|Mewtwo|66\/100\n|-ability|p1a: Mewtwo|Pressure\n|move|p2a: Eternatus|Draco Meteor|p1a: Mewtwo\n|-damage|p1a: Mewtwo|0 fnt\n|-unboost|p2a: Eternatus|spa|2\n|-enditem|p2a: Eternatus|Eject Pack\n|faint|p1a: Mewtwo\n|\n|t:|1661093931\n|switch|p2a: Solgaleo|Solgaleo|26\/100\n|-damage|p2a: Solgaleo|20\/100|[from] Stealth Rock\n|\n|-heal|p2a: Solgaleo|26\/100|[from] item: Leftovers\n|upkeep\n|\n|t:|1661093934\n|switch|p1a: Pheromosa|Pheromosa|100\/100\n|turn|21\n|\n|t:|1661093940\n|move|p1a: Pheromosa|Close Combat|p2a: Solgaleo\n|-damage|p2a: Solgaleo|0 fnt\n|-unboost|p1a: Pheromosa|def|1\n|-unboost|p1a: Pheromosa|spd|1\n|faint|p2a: Solgaleo\n|-ability|p1a: Pheromosa|Beast Boost|boost\n|-boost|p1a: Pheromosa|spe|1\n|\n|upkeep\n|\n|t:|1661093946\n|switch|p2a: Tapu Koko|Tapu Koko|88\/100\n|-damage|p2a: Tapu Koko|76\/100|[from] Stealth Rock\n|-fieldstart|move: Electric Terrain|[from] ability: Electric Surge|[of] p2a: Tapu Koko\n|turn|22\n|\n|t:|1661093948\n|switch|p1a: Giratina|Giratina|88\/100\n|-ability|p1a: Giratina|Pressure\n|move|p2a: Tapu Koko|Dazzling Gleam|p1a: Giratina\n|-supereffective|p1a: Giratina\n|-damage|p1a: Giratina|26\/100\n|\n|-heal|p1a: Giratina|33\/100|[from] item: Leftovers\n|upkeep\n|turn|23\n|\n|t:|1661093952\n|move|p2a: Tapu Koko|Dazzling Gleam|p1a: Giratina\n|-supereffective|p1a: Giratina\n|-damage|p1a: Giratina|0 fnt\n|faint|p1a: Giratina\n|\n|upkeep\n|\n|t:|1661093954\n|switch|p1a: Pheromosa|Pheromosa|100\/100\n|turn|24\n|\n|t:|1661093957\n|move|p1a: Pheromosa|Triple Axel|p2a: Tapu Koko\n|-damage|p2a: Tapu Koko|61\/100\n|-damage|p2a: Tapu Koko|34\/100\n|-damage|p2a: Tapu Koko|0 fnt\n|faint|p2a: Tapu Koko\n|-ability|p1a: Pheromosa|Beast Boost|boost\n|-boost|p1a: Pheromosa|spe|1\n|-hitcount|p2: Tapu Koko|3\n|\n|upkeep\n|\n|t:|1661093961\n|switch|p2a: Pheromosa|Pheromosa|59\/100\n|-damage|p2a: Pheromosa|47\/100|[from] Stealth Rock\n|turn|25\n|\n|t:|1661093964\n|move|p2a: Pheromosa|Triple Axel|p1a: Pheromosa\n|-damage|p1a: Pheromosa|80\/100\n|-crit|p1a: Pheromosa\n|-damage|p1a: Pheromosa|20\/100\n|-damage|p1a: Pheromosa|0 fnt\n|faint|p1a: Pheromosa\n|-hitcount|p1: Pheromosa|3\n|\n|win|Skysolo \u2764\n|c|\u2606Skysolo \u2764|gg\n|c|\u2606Lukenc|scarf?\n|c|\u2606Skysolo \u2764|ya\n|c|\u2606Lukenc|it kill without crit?\n|c|\u2606Lukenc|f\n|c|\u2606Lukenc|gg\n|c|\u2606Skysolo \u2764|252 Atk Pheromosa Triple Axel (40 BP) (3 hits) vs. 0 HP \/ 4 Def Pheromosa: 288-342 (101.7 - 120.8%) -- guaranteed OHKO\n|c|\u2606Lukenc|oh \n|player|p2|Skysolo \u2764|#pspl2019ubers\n","uploadtime":1661093965,"views":126,"p1id":"lukenc","p2id":"skysolo","formatid":"gen8ubers","rating":0,"private":0,"password":null}