{"id":"smogtours-gen6ou-524022","p1":"Raichy","p2":"Redemption","format":"gen6ou","log":"|inactive|Battle timer is ON: inactive players will automatically lose when time's up.\n|t:|1603570944\n|player|p1|Raichy|1|\n|player|p2|Redemption|flint|\n|teamsize|p1|6\n|teamsize|p2|6\n|gametype|singles\n|gen|6\n|tier|[Gen 6] OU\n|clearpoke\n|poke|p1|Metagross|item\n|poke|p1|Hydreigon, F|item\n|poke|p1|Clefable, F|item\n|poke|p1|Garchomp, M|item\n|poke|p1|Rotom-Wash|item\n|poke|p1|Tornadus-Therian, M|item\n|poke|p2|Azelf|item\n|poke|p2|Gengar, M|item\n|poke|p2|Bisharp, F|item\n|poke|p2|Scizor, F|item\n|poke|p2|Landorus-Therian, M|item\n|poke|p2|Azumarill, F|item\n|rule|Sleep Clause Mod: Limit one foe put to sleep\n|rule|Species Clause: Limit one of each Pok\u00e9mon\n|rule|OHKO Clause: OHKO moves are banned\n|rule|Moody Clause: Moody is banned\n|rule|Evasion Moves Clause: Evasion moves are banned\n|rule|Endless Battle Clause: Forcing endless battles is banned\n|rule|HP Percentage Mod: HP is shown in percentages\n|rule|Swagger Clause: Swagger is banned\n|teampreview\n|c|+Enzonana|dale budinha blanca \n|c|+Enzonana|:picardia:\n|inactive|Raichy has 270 seconds left.\n|\n|t:|1603570985\n|start\n|switch|p1a: Metagross|Metagross|100\/100\n|switch|p2a: Boulinette|Azelf|100\/100\n|turn|1\n|c|+ziloXX|Puede ser budinha \n|c|+Enzonana|sale stream de la run de raichy?\n|c|\u2606Raichy|ke\n|inactive|Redemption has 270 seconds left.\n|inactive|Redemption has 240 seconds left.\n|\n|t:|1603571060\n|detailschange|p1a: Metagross|Metagross-Mega\n|-mega|p1a: Metagross|Metagross|Metagrossite\n|move|p2a: Boulinette|Flamethrower|p1a: Metagross\n|-supereffective|p1a: Metagross\n|-damage|p1a: Metagross|50\/100\n|move|p1a: Metagross|Meteor Mash|p2a: Boulinette\n|-damage|p2a: Boulinette|16\/100\n|\n|upkeep\n|turn|2\n|\n|t:|1603571068\n|move|p1a: Metagross|Bullet Punch|p2a: Boulinette\n|-damage|p2a: Boulinette|0 fnt\n|faint|p2a: Boulinette\n|\n|upkeep\n|c|+ziloXX|Lo que juega \n|inactive|Redemption has 210 seconds left.\n|\n|t:|1603571099\n|switch|p2a: Wardiboche|Scizor, F|100\/100\n|turn|3\n|\n|t:|1603571105\n|switch|p1a: Garchomp|Garchomp, M|100\/100\n|detailschange|p2a: Wardiboche|Scizor-Mega, F\n|-mega|p2a: Wardiboche|Scizor|Scizorite\n|move|p2a: Wardiboche|Bug Bite|p1a: Garchomp\n|-damage|p1a: Garchomp|67\/100\n|-damage|p2a: Wardiboche|88\/100|[from] ability: Rough Skin|[of] p1a: Garchomp\n|-damage|p2a: Wardiboche|71\/100|[from] item: Rocky Helmet|[of] p1a: Garchomp\n|\n|upkeep\n|turn|4\n|inactive|Redemption has 210 seconds left.\n|\n|t:|1603571133\n|move|p2a: Wardiboche|Swords Dance|p2a: Wardiboche\n|-boost|p2a: Wardiboche|atk|2\n|move|p1a: Garchomp|Fire Blast|p2a: Wardiboche\n|-supereffective|p2a: Wardiboche\n|-damage|p2a: Wardiboche|0 fnt\n|faint|p2a: Wardiboche\n|\n|upkeep\n|\n|t:|1603571144\n|switch|p2a: Franchifolle|Gengar, M|100\/100\n|turn|5\n|c|+ziloXX|Aprende enzonana \n|c|+Enzonana|NOOoOoOOoOoOoOo\n|\n|t:|1603571159\n|switch|p1a: Tornadus|Tornadus-Therian, M|100\/100\n|move|p2a: Franchifolle|Hidden Power|p1a: Tornadus\n|-supereffective|p1a: Tornadus\n|-damage|p1a: Tornadus|59\/100\n|-damage|p2a: Franchifolle|91\/100|[from] item: Life Orb\n|\n|upkeep\n|turn|6\n|c|+AcrOne|La tiro\n|inactive|Redemption has 210 seconds left.\n|\n|t:|1603571165\n|move|p1a: Tornadus|Knock Off|p2a: Franchifolle\n|-supereffective|p2a: Franchifolle\n|-damage|p2a: Franchifolle|5\/100\n|-enditem|p2a: Franchifolle|Life Orb|[from] move: Knock Off|[of] p1a: Tornadus\n|move|p2a: Franchifolle|Sludge Wave|p1a: Tornadus\n|-damage|p1a: Tornadus|21\/100\n|\n|upkeep\n|turn|7\n|c|+Enzonana|aprende vos gil\n|\n|t:|1603571170\n|move|p1a: Tornadus|U-turn|p2a: Franchifolle\n|-resisted|p2a: Franchifolle\n|-damage|p2a: Franchifolle|0 fnt\n|faint|p2a: Franchifolle\n|c|+Enzonana|q jugas 5 oldgens\n|c|+ElectricityCat|NOOOOOOOO\n|c|+Enzonana|y no llegas a oras :picardia:\n|\n|t:|1603571189\n|switch|p1a: Rotom|Rotom-Wash|100\/100|[from]move: U-turn\n|\n|upkeep\n|c|+ElectricityCat|ziloXX\n|c|+ziloXX|Son 5 generaciones m\u00e1s de las que manejas vos \n|\n|t:|1603571198\n|switch|p2a: Froupignon|Landorus-Therian, M|100\/100\n|-ability|p2a: Froupignon|Intimidate|boost\n|-unboost|p1a: Rotom|atk|1\n|turn|8\n|\n|t:|1603571204\n|move|p2a: Froupignon|Stone Edge|p1a: Rotom\n|-damage|p1a: Rotom|68\/100\n|move|p1a: Rotom|Hydro Pump|p2a: Froupignon|[miss]\n|-miss|p1a: Rotom|p2a: Froupignon\n|\n|-heal|p1a: Rotom|74\/100|[from] item: Leftovers\n|upkeep\n|turn|9\n|c|+Enzonana|serian 4\n|c|+Enzonana|hijodeputa aprende a contar\n|c|+Enzonana|comegatos\n|c|+ziloXX|Pero si manejas 0\n|c|+ziloXX|LOL\n|c|+Enzonana|nmOoOoOooOo\n|\n|t:|1603571221\n|move|p2a: Froupignon|Stone Edge|p1a: Rotom|[miss]\n|-miss|p2a: Froupignon|p1a: Rotom\n|move|p1a: Rotom|Hydro Pump|p2a: Froupignon|[miss]\n|-miss|p1a: Rotom|p2a: Froupignon\n|\n|-heal|p1a: Rotom|80\/100|[from] item: Leftovers\n|upkeep\n|turn|10\n|c|+AcrOne|Loool\n|c|+Enzonana|ME CABIO GG\n|\n|t:|1603571226\n|move|p2a: Froupignon|Stone Edge|p1a: Rotom\n|-damage|p1a: Rotom|45\/100\n|move|p1a: Rotom|Hydro Pump|p2a: Froupignon|[miss]\n|-miss|p1a: Rotom|p2a: Froupignon\n|\n|-heal|p1a: Rotom|51\/100|[from] item: Leftovers\n|upkeep\n|turn|11\n|inactive|Redemption has 240 seconds left.\n|\n|t:|1603571238\n|move|p2a: Froupignon|Stone Edge|p1a: Rotom\n|-damage|p1a: Rotom|21\/100\n|move|p1a: Rotom|Pain Split|p2a: Froupignon\n|-sethp|p2a: Froupignon|60\/100|[from] move: Pain Split|[silent]\n|-sethp|p1a: Rotom|64\/100|[from] move: Pain Split\n|\n|-heal|p1a: Rotom|69\/100|[from] item: Leftovers\n|upkeep\n|turn|12\n|c|+AcrOne|Aprendea hitear pa \n|inactive|Redemption has 240 seconds left.\n|\n|t:|1603571243\n|move|p2a: Froupignon|Stone Edge|p1a: Rotom\n|-damage|p1a: Rotom|38\/100\n|move|p1a: Rotom|Hydro Pump|p2a: Froupignon|[miss]\n|-miss|p1a: Rotom|p2a: Froupignon\n|\n|-heal|p1a: Rotom|44\/100|[from] item: Leftovers\n|upkeep\n|turn|13\n|c|+Enzonana|dale rotom pega 1 viejo\n|c|+AcrOne|Lmao\n|inactive|Redemption has 240 seconds left.\n|\n|t:|1603571257\n|move|p2a: Froupignon|Swords Dance|p2a: Froupignon\n|-boost|p2a: Froupignon|atk|2\n|move|p1a: Rotom|Hydro Pump|p2a: Froupignon\n|-supereffective|p2a: Froupignon\n|-damage|p2a: Froupignon|0 fnt\n|faint|p2a: Froupignon\n|\n|-heal|p1a: Rotom|50\/100|[from] item: Leftovers\n|upkeep\n|c|+Enzonana|a casa\n|inactive|Redemption has 240 seconds left.\n|\n|t:|1603571262\n|switch|p2a: Cristapine|Bisharp, F|100\/100\n|turn|14\n|\n|t:|1603571277\n|switch|p1a: Garchomp|Garchomp, M|67\/100\n|move|p2a: Cristapine|Swords Dance|p2a: Cristapine\n|-boost|p2a: Cristapine|atk|2\n|\n|upkeep\n|turn|15\n|\n|t:|1603571288\n|move|p1a: Garchomp|Earthquake|p2a: Cristapine\n|-supereffective|p2a: Cristapine\n|-damage|p2a: Cristapine|0 fnt\n|faint|p2a: Cristapine\n|\n|upkeep\n|\n|t:|1603571290\n|switch|p2a: Mamoloutre|Azumarill, F|100\/100\n|turn|16\n|\n|t:|1603571294\n|move|p1a: Garchomp|Earthquake|p2a: Mamoloutre\n|-damage|p2a: Mamoloutre|50\/100\n|-enditem|p2a: Mamoloutre|Sitrus Berry|[eat]\n|-heal|p2a: Mamoloutre|74\/100|[from] item: Sitrus Berry\n|move|p2a: Mamoloutre|Belly Drum|p2a: Mamoloutre\n|-damage|p2a: Mamoloutre|24\/100\n|-setboost|p2a: Mamoloutre|atk|6|[from] move: Belly Drum\n|\n|upkeep\n|turn|17\n|\n|t:|1603571298\n|move|p2a: Mamoloutre|Aqua Jet|p1a: Garchomp\n|-damage|p1a: Garchomp|5\/100\n|-damage|p2a: Mamoloutre|12\/100|[from] ability: Rough Skin|[of] p1a: Garchomp\n|-damage|p2a: Mamoloutre|0 fnt|[from] item: Rocky Helmet|[of] p1a: Garchomp\n|faint|p2a: Mamoloutre\n|\n|win|Raichy\n","uploadtime":1603571298,"views":287,"p1id":"raichy","p2id":"redemption","formatid":"gen6ou","rating":0,"private":0,"password":null}