{"id":"smogtours-gen7ou-582035","p1":"lonietzzz","p2":"pkmn cypher 2013","format":"gen7ou","log":"|inactive|Battle timer is ON: inactive players will automatically lose when time's up.\n|t:|1632679979\n|gametype|singles\n|player|p1|lonietzzz|pokemonbreederf|\n|player|p2|pkmn cypher 2013|lucas|\n|teamsize|p1|6\n|teamsize|p2|6\n|gen|7\n|tier|[Gen 7] OU\n|rule|Sleep Clause Mod: Limit one foe put to sleep\n|rule|Species Clause: Limit one of each Pok\u00e9mon\n|rule|OHKO Clause: OHKO moves are banned\n|rule|Moody Clause: Moody is banned\n|rule|Evasion Moves Clause: Evasion moves are banned\n|rule|Endless Battle Clause: Forcing endless battles is banned\n|rule|HP Percentage Mod: HP is shown in percentages\n|clearpoke\n|poke|p1|Mawile, F|item\n|poke|p1|Rotom-Wash|item\n|poke|p1|Heatran, M|item\n|poke|p1|Landorus-Therian, M|item\n|poke|p1|Tapu Bulu|item\n|poke|p1|Kartana|item\n|poke|p2|Aggron, M|item\n|poke|p2|Clefable, M|item\n|poke|p2|Gastrodon, F|item\n|poke|p2|Slowbro, F|item\n|poke|p2|Tornadus-Therian, M|item\n|poke|p2|Tyranitar, F|item\n|teampreview\n|c|\u2606lonietzzz|hf\n|inactive|lonietzzz has 270 seconds left.\n|inactive|pkmn cypher 2013 has 270 seconds left.\n|\n|t:|1632680014\n|start\n|switch|p1a: Rotom|Rotom-Wash|100\/100\n|switch|p2a: Gastrodon|Gastrodon, F|100\/100\n|turn|1\n|c|\u2606pkmn cypher 2013|u2\n|\n|t:|1632680039\n|switch|p1a: Kartana|Kartana|100\/100\n|move|p2a: Gastrodon|Toxic|p1a: Kartana\n|-immune|p1a: Kartana\n|\n|upkeep\n|turn|2\n|inactive|lonietzzz has 270 seconds left.\n|\n|t:|1632680063\n|switch|p1a: Heatran|Heatran, M|100\/100\n|switch|p2a: Aggron|Aggron, M|100\/100\n|\n|upkeep\n|turn|3\n|inactive|lonietzzz has 270 seconds left.\n|inactive|pkmn cypher 2013 has 270 seconds left.\n|inactive|pkmn cypher 2013 has 240 seconds left.\n|\n|t:|1632680128\n|switch|p1a: Landorus|Landorus-Therian, M|100\/100\n|-ability|p1a: Landorus|Intimidate|boost\n|-unboost|p2a: Aggron|atk|1\n|switch|p2a: Tyranitar|Tyranitar, F|100\/100\n|-weather|Sandstorm|[from] ability: Sand Stream|[of] p2a: Tyranitar\n|\n|-weather|Sandstorm|[upkeep]\n|upkeep\n|turn|4\n|inactive|pkmn cypher 2013 has 240 seconds left.\n|\n|t:|1632680137\n|switch|p2a: Slowbro|Slowbro, F|100\/100\n|move|p1a: Landorus|U-turn|p2a: Slowbro\n|-supereffective|p2a: Slowbro\n|-damage|p2a: Slowbro|71\/100\n|\n|t:|1632680146\n|switch|p1a: Tapu Bulu|Tapu Bulu|100\/100|[from]move: U-turn\n|-fieldstart|move: Grassy Terrain|[from] ability: Grassy Surge|[of] p1a: Tapu Bulu\n|\n|-weather|Sandstorm|[upkeep]\n|-damage|p1a: Tapu Bulu|94\/100|[from] Sandstorm\n|-damage|p2a: Slowbro|65\/100|[from] Sandstorm\n|-heal|p1a: Tapu Bulu|100\/100|[from] Grassy Terrain\n|-heal|p2a: Slowbro|71\/100|[from] Grassy Terrain\n|upkeep\n|turn|5\n|\n|t:|1632680157\n|switch|p2a: Aggron|Aggron, M|100\/100\n|move|p1a: Tapu Bulu|Wood Hammer|p2a: Aggron\n|-damage|p2a: Aggron|10\/100\n|-damage|p1a: Tapu Bulu|70\/100|[from] Recoil\n|\n|-weather|Sandstorm|[upkeep]\n|-damage|p1a: Tapu Bulu|64\/100|[from] Sandstorm\n|-heal|p1a: Tapu Bulu|70\/100|[from] Grassy Terrain\n|-heal|p2a: Aggron|17\/100|[from] Grassy Terrain\n|upkeep\n|turn|6\n|\n|t:|1632680163\n|switch|p2a: Tornadus|Tornadus-Therian, M|100\/100\n|move|p1a: Tapu Bulu|Wood Hammer|p2a: Tornadus\n|-resisted|p2a: Tornadus\n|-damage|p2a: Tornadus|0 fnt\n|faint|p2a: Tornadus\n|-damage|p1a: Tapu Bulu|40\/100|[from] Recoil\n|\n|-weather|Sandstorm|[upkeep]\n|-damage|p1a: Tapu Bulu|34\/100|[from] Sandstorm\n|-heal|p1a: Tapu Bulu|40\/100|[from] Grassy Terrain\n|upkeep\n|c|+Waves|tj u are such a weenie\n|inactive|pkmn cypher 2013 has 240 seconds left.\n|c|\u2606pkmn cypher 2013|why does that kill\n|\n|t:|1632680190\n|switch|p2a: Slowbro|Slowbro, F|100\/100\n|turn|7\n|inactive|lonietzzz has 270 seconds left.\n|\n|t:|1632680216\n|move|p1a: Tapu Bulu|Wood Hammer|p2a: Slowbro\n|-supereffective|p2a: Slowbro\n|-enditem|p2a: Slowbro|Rindo Berry|[eat]\n|-enditem|p2a: Slowbro|Rindo Berry|[weaken]\n|-damage|p2a: Slowbro|16\/100\n|-damage|p1a: Tapu Bulu|6\/100|[from] Recoil\n|move|p2a: Slowbro|Ice Beam|p1a: Tapu Bulu\n|-supereffective|p1a: Tapu Bulu\n|-damage|p1a: Tapu Bulu|0 fnt\n|faint|p1a: Tapu Bulu\n|\n|-weather|none\n|-heal|p2a: Slowbro|22\/100|[from] Grassy Terrain\n|upkeep\n|\n|t:|1632680224\n|switch|p1a: Kartana|Kartana|100\/100\n|turn|8\n|\n|t:|1632680232\n|move|p1a: Kartana|Leaf Blade|p2a: Slowbro\n|-supereffective|p2a: Slowbro\n|-damage|p2a: Slowbro|0 fnt\n|faint|p2a: Slowbro\n|-ability|p1a: Kartana|Beast Boost|boost\n|-boost|p1a: Kartana|atk|1\n|\n|-fieldend|move: Grassy Terrain\n|upkeep\n|\n|t:|1632680238\n|switch|p2a: Aggron|Aggron, M|17\/100\n|turn|9\n|inactive|lonietzzz has 270 seconds left.\n|\n|t:|1632680246\n|detailschange|p2a: Aggron|Aggron-Mega, M\n|-mega|p2a: Aggron|Aggron|Aggronite\n|move|p1a: Kartana|Leaf Blade|p2a: Aggron\n|-resisted|p2a: Aggron\n|-damage|p2a: Aggron|0 fnt\n|faint|p2a: Aggron\n|-ability|p1a: Kartana|Beast Boost|boost\n|-boost|p1a: Kartana|atk|1\n|\n|upkeep\n|-message|pkmn cypher 2013 forfeited.\n|\n|win|lonietzzz\n|c|+Isza|):\n|c|\u2606lonietzzz|gg\n","uploadtime":1632680253,"views":67,"p1id":"lonietzzz","p2id":"pkmncypher2013","formatid":"gen7ou","rating":0,"private":0,"password":null}