{"id":"smogtours-gen6ou-620923","p1":"kuartosa","p2":"Ayante","format":"gen6ou","log":"|inactive|Battle timer is ON: inactive players will automatically lose when time's up.\n|t:|1650221604\n|gametype|singles\n|player|p1|kuartosa|drayden|\n|player|p2|Ayante|roark|\n|teamsize|p1|6\n|teamsize|p2|6\n|gen|6\n|tier|[Gen 6] OU\n|rule|Sleep Clause Mod: Limit one foe put to sleep\n|rule|Species Clause: Limit one of each Pok\u00e9mon\n|rule|OHKO Clause: OHKO moves are banned\n|rule|Moody Clause: Moody is banned\n|rule|Evasion Moves Clause: Evasion moves are banned\n|rule|Endless Battle Clause: Forcing endless battles is banned\n|rule|HP Percentage Mod: HP is shown in percentages\n|rule|Swagger Clause: Swagger is banned\n|clearpoke\n|poke|p1|Venusaur, F|item\n|poke|p1|Cofagrigus, F|item\n|poke|p1|Skarmory, M|item\n|poke|p1|Starmie|item\n|poke|p1|Heatran, M|item\n|poke|p1|Krookodile, M|item\n|poke|p2|Medicham, M|item\n|poke|p2|Keldeo-Resolute|item\n|poke|p2|Landorus-Therian, M|item\n|poke|p2|Rotom-Wash|item\n|poke|p2|Jirachi|item\n|poke|p2|Latios, M|item\n|teampreview\n|inactive|kuartosa has 270 seconds left.\n|c|\u2606kuartosa|hf\n|\n|t:|1650221662\n|start\n|switch|p1a: Venusaur|Venusaur, F|100\/100\n|switch|p2a: Landorus|Landorus-Therian, M|100\/100\n|-ability|p2a: Landorus|Intimidate|boost\n|-unboost|p1a: Venusaur|atk|1\n|turn|1\n|\n|t:|1650221674\n|switch|p1a: Skarmory|Skarmory, M|100\/100\n|move|p2a: Landorus|U-turn|p1a: Skarmory\n|-resisted|p1a: Skarmory\n|-damage|p1a: Skarmory|97\/100\n|-damage|p2a: Landorus|84\/100|[from] item: Rocky Helmet|[of] p1a: Skarmory\n|\n|t:|1650221695\n|switch|p2a: Rotom|Rotom-Wash|100\/100|[from]move: U-turn\n|\n|upkeep\n|turn|2\n|\n|t:|1650221705\n|switch|p1a: Venusaur|Venusaur, F|100\/100\n|move|p2a: Rotom|Thunder Wave|p1a: Venusaur\n|-status|p1a: Venusaur|par\n|\n|upkeep\n|turn|3\n|\n|t:|1650221710\n|switch|p2a: Jirachi|Jirachi|100\/100\n|detailschange|p1a: Venusaur|Venusaur-Mega, F\n|-mega|p1a: Venusaur|Venusaur|Venusaurite\n|move|p1a: Venusaur|Hidden Power|p2a: Jirachi\n|-supereffective|p2a: Jirachi\n|-damage|p2a: Jirachi|81\/100\n|\n|-heal|p2a: Jirachi|87\/100|[from] item: Leftovers\n|upkeep\n|turn|4\n|\n|t:|1650221719\n|switch|p1a: Heatran|Heatran, M|100\/100\n|move|p2a: Jirachi|Stealth Rock|p1a: Heatran\n|-sidestart|p1: kuartosa|move: Stealth Rock\n|\n|-heal|p2a: Jirachi|93\/100|[from] item: Leftovers\n|upkeep\n|turn|5\n|\n|t:|1650221727\n|switch|p2a: Rotom|Rotom-Wash|100\/100\n|move|p1a: Heatran|Stealth Rock|p2a: Rotom\n|-sidestart|p2: Ayante|move: Stealth Rock\n|\n|upkeep\n|turn|6\n|\n|t:|1650221739\n|move|p1a: Heatran|Toxic|p2a: Rotom|[miss]\n|-miss|p1a: Heatran|p2a: Rotom\n|move|p2a: Rotom|Volt Switch|p1a: Heatran\n|-damage|p1a: Heatran|85\/100\n|\n|t:|1650221749\n|switch|p2a: Keldeo|Keldeo-Resolute|100\/100|[from]move: Volt Switch\n|-damage|p2a: Keldeo|94\/100|[from] Stealth Rock\n|\n|-heal|p1a: Heatran|92\/100|[from] item: Leftovers\n|upkeep\n|turn|7\n|\n|t:|1650221756\n|switch|p1a: Starmie|Starmie|100\/100\n|-damage|p1a: Starmie|88\/100|[from] Stealth Rock\n|move|p2a: Keldeo|Hydro Pump|p1a: Starmie|[miss]\n|-miss|p2a: Keldeo|p1a: Starmie\n|\n|-heal|p1a: Starmie|94\/100|[from] item: Leftovers\n|upkeep\n|turn|8\n|\n|t:|1650221763\n|switch|p2a: Latios|Latios, M|100\/100\n|-damage|p2a: Latios|88\/100|[from] Stealth Rock\n|move|p1a: Starmie|Rapid Spin|p2a: Latios\n|-damage|p2a: Latios|84\/100\n|-sideend|p1: kuartosa|Stealth Rock|[from] move: Rapid Spin|[of] p1a: Starmie\n|\n|-heal|p1a: Starmie|100\/100|[from] item: Leftovers\n|upkeep\n|turn|9\n|\n|t:|1650221771\n|switch|p1a: Heatran|Heatran, M|92\/100\n|move|p2a: Latios|Defog|p1a: Heatran\n|-unboost|p1a: Heatran|evasion|1\n|-sideend|p2: Ayante|Stealth Rock|[from] move: Defog|[of] p2a: Latios\n|\n|-heal|p1a: Heatran|98\/100|[from] item: Leftovers\n|upkeep\n|turn|10\n|\n|t:|1650221781\n|switch|p2a: Rotom|Rotom-Wash|100\/100\n|move|p1a: Heatran|Stealth Rock|p2a: Rotom\n|-sidestart|p2: Ayante|move: Stealth Rock\n|\n|-heal|p1a: Heatran|100\/100|[from] item: Leftovers\n|upkeep\n|turn|11\n|\n|t:|1650221784\n|switch|p1a: Venusaur|Venusaur-Mega, F|100\/100 par\n|move|p2a: Rotom|Thunder Wave|p1a: Venusaur\n|-fail|p1a: Venusaur|par\n|\n|upkeep\n|turn|12\n|\n|t:|1650221790\n|move|p2a: Rotom|Volt Switch|p1a: Venusaur\n|-resisted|p1a: Venusaur\n|-damage|p1a: Venusaur|91\/100 par\n|\n|t:|1650221794\n|switch|p2a: Jirachi|Jirachi|93\/100|[from]move: Volt Switch\n|-damage|p2a: Jirachi|87\/100|[from] Stealth Rock\n|move|p1a: Venusaur|Hidden Power|p2a: Jirachi\n|-supereffective|p2a: Jirachi\n|-damage|p2a: Jirachi|67\/100\n|\n|-heal|p2a: Jirachi|74\/100|[from] item: Leftovers\n|upkeep\n|turn|13\n|\n|t:|1650221800\n|switch|p1a: Krookodile|Krookodile, M|100\/100\n|-ability|p1a: Krookodile|Intimidate|boost\n|-unboost|p2a: Jirachi|atk|1\n|move|p2a: Jirachi|Stealth Rock|p1a: Krookodile\n|-sidestart|p1: kuartosa|move: Stealth Rock\n|\n|-heal|p2a: Jirachi|80\/100|[from] item: Leftovers\n|upkeep\n|turn|14\n|\n|t:|1650221827\n|switch|p2a: Rotom|Rotom-Wash|100\/100\n|-damage|p2a: Rotom|88\/100|[from] Stealth Rock\n|move|p1a: Krookodile|Knock Off|p2a: Rotom\n|-damage|p2a: Rotom|51\/100\n|-enditem|p2a: Rotom|Leftovers|[from] move: Knock Off|[of] p1a: Krookodile\n|\n|upkeep\n|turn|15\n|inactive|Ayante has 270 seconds left.\n|\n|t:|1650221846\n|switch|p1a: Venusaur|Venusaur-Mega, F|91\/100 par\n|-damage|p1a: Venusaur|79\/100 par|[from] Stealth Rock\n|move|p2a: Rotom|Volt Switch|p1a: Venusaur\n|-resisted|p1a: Venusaur\n|-damage|p1a: Venusaur|71\/100 par\n|inactive|Ayante has 270 seconds left.\n|\n|t:|1650221868\n|switch|p2a: Landorus|Landorus-Therian, M|84\/100|[from]move: Volt Switch\n|-damage|p2a: Landorus|71\/100|[from] Stealth Rock\n|-ability|p2a: Landorus|Intimidate|boost\n|-unboost|p1a: Venusaur|atk|1\n|\n|upkeep\n|turn|16\n|\n|t:|1650221873\n|move|p2a: Landorus|Knock Off|p1a: Venusaur\n|-damage|p1a: Venusaur|56\/100 par\n|move|p1a: Venusaur|Synthesis|p1a: Venusaur\n|-heal|p1a: Venusaur|100\/100 par\n|\n|upkeep\n|turn|17\n|\n|t:|1650221878\n|switch|p2a: Jirachi|Jirachi|80\/100\n|-damage|p2a: Jirachi|74\/100|[from] Stealth Rock\n|move|p1a: Venusaur|Hidden Power|p2a: Jirachi\n|-supereffective|p2a: Jirachi\n|-damage|p2a: Jirachi|55\/100\n|\n|-heal|p2a: Jirachi|61\/100|[from] item: Leftovers\n|upkeep\n|turn|18\n|\n|t:|1650221886\n|switch|p2a: Latios|Latios, M|84\/100\n|-damage|p2a: Latios|72\/100|[from] Stealth Rock\n|switch|p1a: Skarmory|Skarmory, M|97\/100\n|-damage|p1a: Skarmory|85\/100|[from] Stealth Rock\n|\n|upkeep\n|turn|19\n|\n|t:|1650221892\n|move|p2a: Latios|Recover|p2a: Latios\n|-heal|p2a: Latios|100\/100\n|move|p1a: Skarmory|Roost|p1a: Skarmory\n|-heal|p1a: Skarmory|100\/100\n|-singleturn|p1a: Skarmory|move: Roost\n|\n|upkeep\n|turn|20\n|\n|t:|1650221902\n|move|p2a: Latios|Draco Meteor|p1a: Skarmory\n|-resisted|p1a: Skarmory\n|-damage|p1a: Skarmory|40\/100\n|-unboost|p2a: Latios|spa|2\n|-damage|p2a: Latios|91\/100|[from] item: Life Orb\n|move|p1a: Skarmory|Spikes|p2a: Latios\n|-sidestart|p2: Ayante|Spikes\n|\n|upkeep\n|turn|21\n|\n|t:|1650221908\n|move|p2a: Latios|Hidden Power|p1a: Skarmory\n|-supereffective|p1a: Skarmory\n|-damage|p1a: Skarmory|2\/100\n|-damage|p2a: Latios|81\/100|[from] item: Life Orb\n|move|p1a: Skarmory|Roost|p1a: Skarmory\n|-heal|p1a: Skarmory|52\/100\n|-singleturn|p1a: Skarmory|move: Roost\n|\n|upkeep\n|turn|22\n|\n|t:|1650221917\n|move|p2a: Latios|Defog|p1a: Skarmory\n|-unboost|p1a: Skarmory|evasion|1\n|-sideend|p1: kuartosa|Stealth Rock|[from] move: Defog|[of] p2a: Latios\n|-sideend|p2: Ayante|Spikes|[from] move: Defog|[of] p2a: Latios\n|-sideend|p2: Ayante|Stealth Rock|[from] move: Defog|[of] p2a: Latios\n|move|p1a: Skarmory|Roost|p1a: Skarmory\n|-heal|p1a: Skarmory|100\/100\n|-singleturn|p1a: Skarmory|move: Roost\n|\n|upkeep\n|turn|23\n|\n|t:|1650221925\n|switch|p2a: Jirachi|Jirachi|61\/100\n|move|p1a: Skarmory|Spikes|p2a: Jirachi\n|-sidestart|p2: Ayante|Spikes\n|\n|-heal|p2a: Jirachi|67\/100|[from] item: Leftovers\n|upkeep\n|turn|24\n|\n|t:|1650221929\n|move|p2a: Jirachi|Stealth Rock|p1a: Skarmory\n|-sidestart|p1: kuartosa|move: Stealth Rock\n|move|p1a: Skarmory|Spikes|p2a: Jirachi\n|-sidestart|p2: Ayante|Spikes\n|\n|-heal|p2a: Jirachi|73\/100|[from] item: Leftovers\n|upkeep\n|turn|25\n|\n|t:|1650221935\n|switch|p2a: Latios|Latios, M|81\/100\n|switch|p1a: Krookodile|Krookodile, M|100\/100\n|-damage|p1a: Krookodile|94\/100|[from] Stealth Rock\n|-ability|p1a: Krookodile|Intimidate|boost\n|-unboost|p2a: Latios|atk|1\n|\n|upkeep\n|turn|26\n|inactive|Ayante has 270 seconds left.\n|\n|t:|1650221972\n|switch|p2a: Keldeo|Keldeo-Resolute|94\/100\n|-damage|p2a: Keldeo|78\/100|[from] Spikes\n|move|p1a: Krookodile|Knock Off|p2a: Keldeo\n|-resisted|p2a: Keldeo\n|-damage|p2a: Keldeo|51\/100\n|-ability|p2a: Keldeo|Justified|boost\n|-boost|p2a: Keldeo|atk|1\n|-enditem|p2a: Keldeo|Choice Specs|[from] move: Knock Off|[of] p1a: Krookodile\n|\n|upkeep\n|turn|27\n|c|+MS3D|Il kiffe cette team mtn\n|inactive|Ayante has 270 seconds left.\n|c|\u2606kuartosa|mdrr\n|\n|t:|1650221982\n|switch|p1a: Starmie|Starmie|100\/100\n|-damage|p1a: Starmie|88\/100|[from] Stealth Rock\n|move|p2a: Keldeo|Hydro Pump|p1a: Starmie|[miss]\n|-miss|p2a: Keldeo|p1a: Starmie\n|\n|-heal|p1a: Starmie|94\/100|[from] item: Leftovers\n|upkeep\n|turn|28\n|\n|t:|1650221990\n|switch|p2a: Latios|Latios, M|81\/100\n|move|p1a: Starmie|Rapid Spin|p2a: Latios\n|-damage|p2a: Latios|77\/100\n|-sideend|p1: kuartosa|Stealth Rock|[from] move: Rapid Spin|[of] p1a: Starmie\n|\n|-heal|p1a: Starmie|100\/100|[from] item: Leftovers\n|upkeep\n|turn|29\n|\n|t:|1650221993\n|switch|p1a: Heatran|Heatran, M|100\/100\n|move|p2a: Latios|Defog|p1a: Heatran\n|-unboost|p1a: Heatran|evasion|1\n|-sideend|p2: Ayante|Spikes|[from] move: Defog|[of] p2a: Latios\n|\n|upkeep\n|turn|30\n|\n|t:|1650222001\n|switch|p2a: Jirachi|Jirachi|73\/100\n|move|p1a: Heatran|Stealth Rock|p2a: Jirachi\n|-sidestart|p2: Ayante|move: Stealth Rock\n|\n|-heal|p2a: Jirachi|80\/100|[from] item: Leftovers\n|upkeep\n|turn|31\n|\n|t:|1650222004\n|switch|p2a: Rotom|Rotom-Wash|51\/100\n|-damage|p2a: Rotom|39\/100|[from] Stealth Rock\n|move|p1a: Heatran|Lava Plume|p2a: Rotom\n|-resisted|p2a: Rotom\n|-damage|p2a: Rotom|20\/100\n|-status|p2a: Rotom|brn\n|\n|-damage|p2a: Rotom|8\/100 brn|[from] brn\n|upkeep\n|turn|32\n|\n|t:|1650222013\n|move|p1a: Heatran|Lava Plume|p2a: Rotom\n|-resisted|p2a: Rotom\n|-damage|p2a: Rotom|0 fnt\n|faint|p2a: Rotom\n|\n|upkeep\n|\n|t:|1650222037\n|switch|p2a: Keldeo|Keldeo-Resolute|51\/100\n|-damage|p2a: Keldeo|45\/100|[from] Stealth Rock\n|turn|33\n|\n|t:|1650222043\n|switch|p1a: Starmie|Starmie|100\/100\n|move|p2a: Keldeo|Hydro Pump|p1a: Starmie\n|-resisted|p1a: Starmie\n|-damage|p1a: Starmie|68\/100\n|\n|-heal|p1a: Starmie|75\/100|[from] item: Leftovers\n|upkeep\n|turn|34\n|\n|t:|1650222048\n|move|p1a: Starmie|Recover|p1a: Starmie\n|-heal|p1a: Starmie|100\/100\n|move|p2a: Keldeo|Hidden Power|p1a: Starmie\n|-supereffective|p1a: Starmie\n|-damage|p1a: Starmie|47\/100\n|\n|-heal|p1a: Starmie|53\/100|[from] item: Leftovers\n|upkeep\n|turn|35\n|\n|t:|1650222053\n|switch|p1a: Venusaur|Venusaur-Mega, F|100\/100 par\n|move|p2a: Keldeo|Hidden Power|p1a: Venusaur\n|-damage|p1a: Venusaur|85\/100 par\n|\n|upkeep\n|turn|36\n|\n|t:|1650222059\n|switch|p2a: Jirachi|Jirachi|80\/100\n|-damage|p2a: Jirachi|73\/100|[from] Stealth Rock\n|cant|p1a: Venusaur|par\n|\n|-heal|p2a: Jirachi|80\/100|[from] item: Leftovers\n|upkeep\n|turn|37\n|\n|t:|1650222063\n|switch|p1a: Krookodile|Krookodile, M|94\/100\n|-ability|p1a: Krookodile|Intimidate|boost\n|-unboost|p2a: Jirachi|atk|1\n|move|p2a: Jirachi|Stealth Rock|p1a: Krookodile\n|-sidestart|p1: kuartosa|move: Stealth Rock\n|\n|-heal|p2a: Jirachi|86\/100|[from] item: Leftovers\n|upkeep\n|turn|38\n|\n|t:|1650222076\n|move|p1a: Krookodile|Pursuit|p2a: Jirachi\n|-supereffective|p2a: Jirachi\n|-damage|p2a: Jirachi|54\/100\n|move|p2a: Jirachi|U-turn|p1a: Krookodile\n|-supereffective|p1a: Krookodile\n|-damage|p1a: Krookodile|69\/100\n|\n|t:|1650222080\n|switch|p2a: Medicham|Medicham, M|100\/100|[from]move: U-turn\n|-damage|p2a: Medicham|94\/100|[from] Stealth Rock\n|\n|upkeep\n|turn|39\n|\n|t:|1650222084\n|switch|p1a: Skarmory|Skarmory, M|100\/100\n|-damage|p1a: Skarmory|88\/100|[from] Stealth Rock\n|detailschange|p2a: Medicham|Medicham-Mega, M\n|-mega|p2a: Medicham|Medicham|Medichamite\n|move|p2a: Medicham|Ice Punch|p1a: Skarmory\n|-damage|p1a: Skarmory|59\/100\n|-damage|p2a: Medicham|78\/100|[from] item: Rocky Helmet|[of] p1a: Skarmory\n|\n|upkeep\n|turn|40\n|\n|t:|1650222093\n|switch|p2a: Latios|Latios, M|77\/100\n|-damage|p2a: Latios|64\/100|[from] Stealth Rock\n|move|p1a: Skarmory|Roost|p1a: Skarmory\n|-heal|p1a: Skarmory|100\/100\n|-singleturn|p1a: Skarmory|move: Roost\n|\n|upkeep\n|turn|41\n|\n|t:|1650222099\n|switch|p1a: Heatran|Heatran, M|100\/100\n|-damage|p1a: Heatran|88\/100|[from] Stealth Rock\n|move|p2a: Latios|Draco Meteor|p1a: Heatran\n|-resisted|p1a: Heatran\n|-damage|p1a: Heatran|60\/100\n|-unboost|p2a: Latios|spa|2\n|-damage|p2a: Latios|55\/100|[from] item: Life Orb\n|\n|-heal|p1a: Heatran|66\/100|[from] item: Leftovers\n|upkeep\n|turn|42\n|\n|t:|1650222105\n|move|p2a: Latios|Recover|p2a: Latios\n|-heal|p2a: Latios|100\/100\n|move|p1a: Heatran|Lava Plume|p2a: Latios\n|-resisted|p2a: Latios\n|-damage|p2a: Latios|81\/100\n|-status|p2a: Latios|brn\n|\n|-heal|p1a: Heatran|73\/100|[from] item: Leftovers\n|-damage|p2a: Latios|69\/100 brn|[from] brn\n|upkeep\n|turn|43\n|\n|t:|1650222113\n|move|p2a: Latios|Defog|p1a: Heatran\n|-unboost|p1a: Heatran|evasion|1\n|-sideend|p1: kuartosa|Stealth Rock|[from] move: Defog|[of] p2a: Latios\n|-sideend|p2: Ayante|Stealth Rock|[from] move: Defog|[of] p2a: Latios\n|move|p1a: Heatran|Lava Plume|p2a: Latios\n|-resisted|p2a: Latios\n|-damage|p2a: Latios|50\/100 brn\n|\n|-heal|p1a: Heatran|79\/100|[from] item: Leftovers\n|-damage|p2a: Latios|38\/100 brn|[from] brn\n|upkeep\n|turn|44\n|\n|t:|1650222117\n|switch|p1a: Krookodile|Krookodile, M|69\/100\n|-ability|p1a: Krookodile|Intimidate|boost\n|-unboost|p2a: Latios|atk|1\n|move|p2a: Latios|Recover|p2a: Latios\n|-heal|p2a: Latios|88\/100 brn\n|\n|-damage|p2a: Latios|76\/100 brn|[from] brn\n|upkeep\n|turn|45\n|\n|t:|1650222123\n|move|p1a: Krookodile|Pursuit|p2a: Latios\n|-supereffective|p2a: Latios\n|-damage|p2a: Latios|22\/100 brn\n|move|p2a: Latios|Draco Meteor|p1a: Krookodile\n|-damage|p1a: Krookodile|4\/100\n|-unboost|p2a: Latios|spa|2\n|-damage|p2a: Latios|12\/100 brn|[from] item: Life Orb\n|\n|-damage|p2a: Latios|0 fnt|[from] brn\n|faint|p2a: Latios\n|upkeep\n|\n|t:|1650222131\n|switch|p2a: Keldeo|Keldeo-Resolute|45\/100\n|turn|46\n|\n|t:|1650222136\n|switch|p1a: Venusaur|Venusaur-Mega, F|85\/100 par\n|move|p2a: Keldeo|Hydro Pump|p1a: Venusaur|[miss]\n|-miss|p2a: Keldeo|p1a: Venusaur\n|\n|upkeep\n|turn|47\n|\n|t:|1650222140\n|switch|p2a: Jirachi|Jirachi|54\/100\n|move|p1a: Venusaur|Synthesis|p1a: Venusaur\n|-heal|p1a: Venusaur|100\/100 par\n|\n|-heal|p2a: Jirachi|60\/100|[from] item: Leftovers\n|upkeep\n|turn|48\n|\n|t:|1650222147\n|switch|p1a: Heatran|Heatran, M|79\/100\n|move|p2a: Jirachi|Stealth Rock|p1a: Heatran\n|-sidestart|p1: kuartosa|move: Stealth Rock\n|\n|-heal|p2a: Jirachi|66\/100|[from] item: Leftovers\n|-heal|p1a: Heatran|85\/100|[from] item: Leftovers\n|upkeep\n|turn|49\n|\n|t:|1650222150\n|switch|p2a: Keldeo|Keldeo-Resolute|45\/100\n|move|p1a: Heatran|Stealth Rock|p2a: Keldeo\n|-sidestart|p2: Ayante|move: Stealth Rock\n|\n|-heal|p1a: Heatran|91\/100|[from] item: Leftovers\n|upkeep\n|turn|50\n|\n|t:|1650222153\n|switch|p1a: Venusaur|Venusaur-Mega, F|100\/100 par\n|-damage|p1a: Venusaur|88\/100 par|[from] Stealth Rock\n|move|p2a: Keldeo|Scald|p1a: Venusaur\n|-resisted|p1a: Venusaur\n|-damage|p1a: Venusaur|73\/100 par\n|\n|upkeep\n|turn|51\n|\n|t:|1650222157\n|switch|p2a: Medicham|Medicham-Mega, M|78\/100\n|-damage|p2a: Medicham|72\/100|[from] Stealth Rock\n|move|p1a: Venusaur|Giga Drain|p2a: Medicham\n|-damage|p2a: Medicham|25\/100\n|-heal|p1a: Venusaur|90\/100 par|[from] drain|[of] p2a: Medicham\n|\n|upkeep\n|turn|52\n|\n|t:|1650222166\n|switch|p1a: Cofagrigus|Cofagrigus, F|100\/100\n|-damage|p1a: Cofagrigus|88\/100|[from] Stealth Rock\n|move|p2a: Medicham|High Jump Kick|p1a: Cofagrigus\n|-immune|p1a: Cofagrigus\n|-damage|p2a: Medicham|0 fnt|[from] highjumpkick\n|faint|p2a: Medicham\n|\n|-heal|p1a: Cofagrigus|94\/100|[from] item: Leftovers\n|upkeep\n|-message|Ayante forfeited.\n|\n|win|kuartosa\n","uploadtime":1650222171,"views":31,"p1id":"kuartosa","p2id":"ayante","formatid":"gen6ou","rating":0,"private":0,"password":null}