{"id":"smogtours-gen7ou-654840","p1":"Redflix","p2":"MangoSteak","format":"gen7ou","log":"|inactive|Battle timer is ON: inactive players will automatically lose when time's up.\n|t:|1665839628\n|gametype|singles\n|player|p1|Redflix|erika|\n|player|p2|MangoSteak|#npl2022ballermannbierbaren|\n|teamsize|p1|6\n|teamsize|p2|6\n|gen|7\n|tier|[Gen 7] OU\n|rule|Sleep Clause Mod: Limit one foe put to sleep\n|rule|Species Clause: Limit one of each Pok\u00e9mon\n|rule|OHKO Clause: OHKO moves are banned\n|rule|Moody Clause: Moody is banned\n|rule|Evasion Items Clause: Evasion items are banned\n|rule|Evasion Moves Clause: Evasion moves are banned\n|rule|Endless Battle Clause: Forcing endless battles is banned\n|rule|HP Percentage Mod: HP is shown in percentages\n|clearpoke\n|poke|p1|Weavile, M|item\n|poke|p1|Slowbro, M|item\n|poke|p1|Gliscor, F|item\n|poke|p1|Scizor, M|item\n|poke|p1|Tornadus-Therian, M|item\n|poke|p1|Toxapex, M|item\n|poke|p2|Toxapex, F|item\n|poke|p2|Tapu Koko|item\n|poke|p2|Ferrothorn, M|item\n|poke|p2|Gliscor, F|item\n|poke|p2|Weavile, M|item\n|poke|p2|Latias, F|item\n|teampreview\n|c|\u2606Redflix|hf\n|c|\u2606MangoSteak|hf\n|inactive|MangoSteak has 270 seconds left.\n|inactive|Redflix has 270 seconds left.\n|inactive|MangoSteak has 240 seconds left.\n|\n|t:|1665839693\n|start\n|switch|p1a: Scizor|Scizor, M|100\/100\n|switch|p2a: Toxapex|Toxapex, F|100\/100\n|turn|1\n|\n|t:|1665839698\n|detailschange|p1a: Scizor|Scizor-Mega, M\n|-mega|p1a: Scizor|Scizor|Scizorite\n|move|p1a: Scizor|U-turn|p2a: Toxapex\n|-resisted|p2a: Toxapex\n|-damage|p2a: Toxapex|87\/100\n|\n|t:|1665839702\n|switch|p1a: Toxapex|Toxapex, M|100\/100|[from]move: U-turn\n|move|p2a: Toxapex|Scald|p1a: Toxapex\n|-resisted|p1a: Toxapex\n|-damage|p1a: Toxapex|95\/100\n|\n|-heal|p2a: Toxapex|93\/100|[from] item: Black Sludge\n|-heal|p1a: Toxapex|100\/100|[from] item: Black Sludge\n|upkeep\n|turn|2\n|\n|t:|1665839707\n|move|p2a: Toxapex|Toxic Spikes|p1a: Toxapex\n|-sidestart|p1: Redflix|move: Toxic Spikes\n|move|p1a: Toxapex|Scald|p2a: Toxapex\n|-resisted|p2a: Toxapex\n|-damage|p2a: Toxapex|88\/100\n|-status|p2a: Toxapex|brn\n|\n|-heal|p2a: Toxapex|94\/100 brn|[from] item: Black Sludge\n|-damage|p2a: Toxapex|88\/100 brn|[from] brn\n|upkeep\n|turn|3\n|\n|t:|1665839710\n|switch|p1a: Gliscor|Gliscor, F|100\/100\n|move|p2a: Toxapex|Scald|p1a: Gliscor\n|-supereffective|p1a: Gliscor\n|-damage|p1a: Gliscor|61\/100\n|\n|-heal|p2a: Toxapex|94\/100 brn|[from] item: Black Sludge\n|-damage|p2a: Toxapex|88\/100 brn|[from] brn\n|-status|p1a: Gliscor|tox|[from] item: Toxic Orb\n|upkeep\n|turn|4\n|\n|t:|1665839718\n|switch|p2a: Latias|Latias, F|100\/100\n|move|p1a: Gliscor|Stealth Rock|p2a: Latias\n|-sidestart|p2: MangoSteak|move: Stealth Rock\n|\n|-heal|p1a: Gliscor|74\/100 tox|[from] ability: Poison Heal\n|upkeep\n|turn|5\n|\n|t:|1665839723\n|switch|p1a: Scizor|Scizor-Mega, M|100\/100\n|detailschange|p2a: Latias|Latias-Mega, F\n|-mega|p2a: Latias|Latias|Latiasite\n|move|p2a: Latias|Ice Beam|p1a: Scizor\n|-resisted|p1a: Scizor\n|-damage|p1a: Scizor|89\/100\n|\n|upkeep\n|turn|6\n|\n|t:|1665839734\n|switch|p2a: Toxapex|Toxapex, F|100\/100 brn\n|-damage|p2a: Toxapex|88\/100 brn|[from] Stealth Rock\n|move|p1a: Scizor|U-turn|p2a: Toxapex\n|-resisted|p2a: Toxapex\n|-damage|p2a: Toxapex|75\/100 brn\n|\n|t:|1665839736\n|switch|p1a: Toxapex|Toxapex, M|100\/100|[from]move: U-turn\n|-sideend|p1: Redflix|move: Toxic Spikes|[of] p1a: Toxapex\n|\n|-heal|p2a: Toxapex|81\/100 brn|[from] item: Black Sludge\n|-damage|p2a: Toxapex|75\/100 brn|[from] brn\n|upkeep\n|turn|7\n|\n|t:|1665839740\n|switch|p1a: Tornadus|Tornadus-Therian, M|100\/100\n|move|p2a: Toxapex|Scald|p1a: Tornadus\n|-damage|p1a: Tornadus|81\/100\n|\n|-heal|p2a: Toxapex|81\/100 brn|[from] item: Black Sludge\n|-damage|p2a: Toxapex|75\/100 brn|[from] brn\n|upkeep\n|turn|8\n|\n|t:|1665839744\n|switch|p2a: Tapu Koko|Tapu Koko|100\/100\n|-damage|p2a: Tapu Koko|88\/100|[from] Stealth Rock\n|-fieldstart|move: Electric Terrain|[from] ability: Electric Surge|[of] p2a: Tapu Koko\n|move|p1a: Tornadus|Knock Off|p2a: Tapu Koko\n|-resisted|p2a: Tapu Koko\n|-damage|p2a: Tapu Koko|80\/100\n|\n|upkeep\n|turn|9\n|\n|t:|1665839754\n|switch|p1a: Scizor|Scizor-Mega, M|89\/100\n|move|p2a: Tapu Koko|Calm Mind|p2a: Tapu Koko\n|-boost|p2a: Tapu Koko|spa|1\n|-boost|p2a: Tapu Koko|spd|1\n|\n|upkeep\n|turn|10\n|\n|t:|1665839774\n|switch|p2a: Toxapex|Toxapex, F|100\/100 brn\n|-damage|p2a: Toxapex|88\/100 brn|[from] Stealth Rock\n|switch|p1a: Gliscor|Gliscor, F|74\/100 tox\n|\n|-heal|p2a: Toxapex|94\/100 brn|[from] item: Black Sludge\n|-heal|p1a: Gliscor|86\/100 tox|[from] ability: Poison Heal\n|-damage|p2a: Toxapex|88\/100 brn|[from] brn\n|upkeep\n|turn|11\n|\n|t:|1665839791\n|switch|p1a: Tornadus|Tornadus-Therian, M|100\/100\n|move|p2a: Toxapex|Recover|p2a: Toxapex\n|-heal|p2a: Toxapex|100\/100 brn\n|\n|-damage|p2a: Toxapex|95\/100 brn|[from] brn\n|upkeep\n|turn|12\n|inactive|MangoSteak has 270 seconds left.\n|\n|t:|1665839817\n|switch|p2a: Tapu Koko|Tapu Koko|80\/100\n|-damage|p2a: Tapu Koko|68\/100|[from] Stealth Rock\n|move|p1a: Tornadus|Taunt|p2a: Tapu Koko\n|-start|p2a: Tapu Koko|move: Taunt\n|\n|-fieldend|move: Electric Terrain\n|upkeep\n|turn|13\n|inactive|MangoSteak has 270 seconds left.\n|\n|t:|1665839836\n|switch|p2a: Gliscor|Gliscor, F|100\/100\n|-damage|p2a: Gliscor|88\/100|[from] Stealth Rock\n|switch|p1a: Gliscor|Gliscor, F|86\/100 tox\n|\n|-heal|p1a: Gliscor|99\/100 tox|[from] ability: Poison Heal\n|-status|p2a: Gliscor|tox|[from] item: Toxic Orb\n|upkeep\n|turn|14\n|inactive|MangoSteak has 270 seconds left.\n|inactive|MangoSteak has 240 seconds left.\n|\n|t:|1665839874\n|switch|p1a: Weavile|Weavile, M|100\/100\n|move|p2a: Gliscor|Facade|p1a: Weavile\n|-damage|p1a: Weavile|46\/100\n|\n|-heal|p2a: Gliscor|100\/100 tox|[from] ability: Poison Heal\n|upkeep\n|turn|15\n|\n|t:|1665839882\n|switch|p2a: Ferrothorn|Ferrothorn, M|100\/100\n|-damage|p2a: Ferrothorn|94\/100|[from] Stealth Rock\n|move|p1a: Weavile|Knock Off|p2a: Ferrothorn\n|-damage|p2a: Ferrothorn|52\/100\n|-damage|p1a: Weavile|33\/100|[from] ability: Iron Barbs|[of] p2a: Ferrothorn\n|-enditem|p2a: Ferrothorn|Leftovers|[from] move: Knock Off|[of] p1a: Weavile\n|\n|upkeep\n|turn|16\n|\n|t:|1665839895\n|switch|p1a: Tornadus|Tornadus-Therian, M|100\/100\n|move|p2a: Ferrothorn|Stealth Rock|p1a: Tornadus\n|-sidestart|p1: Redflix|move: Stealth Rock\n|\n|upkeep\n|turn|17\n|\n|t:|1665839905\n|switch|p2a: Tapu Koko|Tapu Koko|68\/100\n|-damage|p2a: Tapu Koko|56\/100|[from] Stealth Rock\n|-fieldstart|move: Electric Terrain|[from] ability: Electric Surge|[of] p2a: Tapu Koko\n|move|p1a: Tornadus|Hurricane|p2a: Tapu Koko\n|-resisted|p2a: Tapu Koko\n|-damage|p2a: Tapu Koko|18\/100\n|-start|p2a: Tapu Koko|confusion\n|\n|upkeep\n|turn|18\n|inactive|MangoSteak has 240 seconds left.\n|\n|t:|1665839945\n|switch|p1a: Gliscor|Gliscor, F|99\/100 tox\n|-damage|p1a: Gliscor|86\/100 tox|[from] Stealth Rock\n|-activate|p2a: Tapu Koko|confusion\n|move|p2a: Tapu Koko|Roost|p2a: Tapu Koko\n|-heal|p2a: Tapu Koko|68\/100\n|-singleturn|p2a: Tapu Koko|move: Roost\n|\n|-heal|p1a: Gliscor|99\/100 tox|[from] ability: Poison Heal\n|upkeep\n|turn|19\n|\n|t:|1665839957\n|switch|p2a: Gliscor|Gliscor, F|100\/100 tox\n|-damage|p2a: Gliscor|88\/100 tox|[from] Stealth Rock\n|switch|p1a: Toxapex|Toxapex, M|100\/100\n|-damage|p1a: Toxapex|88\/100|[from] Stealth Rock\n|\n|-heal|p1a: Toxapex|94\/100|[from] item: Black Sludge\n|-heal|p2a: Gliscor|100\/100 tox|[from] ability: Poison Heal\n|upkeep\n|turn|20\n|\n|t:|1665839962\n|move|p2a: Gliscor|Swords Dance|p2a: Gliscor\n|-boost|p2a: Gliscor|atk|2\n|move|p1a: Toxapex|Scald|p2a: Gliscor\n|-supereffective|p2a: Gliscor\n|-damage|p2a: Gliscor|68\/100 tox\n|\n|-heal|p1a: Toxapex|100\/100|[from] item: Black Sludge\n|-heal|p2a: Gliscor|80\/100 tox|[from] ability: Poison Heal\n|upkeep\n|turn|21\n|\n|t:|1665839967\n|switch|p1a: Slowbro|Slowbro, M|100\/100\n|-damage|p1a: Slowbro|88\/100|[from] Stealth Rock\n|move|p2a: Gliscor|Facade|p1a: Slowbro\n|-damage|p1a: Slowbro|49\/100\n|\n|-heal|p1a: Slowbro|55\/100|[from] item: Leftovers\n|-heal|p2a: Gliscor|93\/100 tox|[from] ability: Poison Heal\n|-fieldend|move: Electric Terrain\n|upkeep\n|turn|22\n|\n|t:|1665839989\n|switch|p2a: Toxapex|Toxapex, F|100\/100 brn\n|-damage|p2a: Toxapex|88\/100 brn|[from] Stealth Rock\n|move|p1a: Slowbro|Scald|p2a: Toxapex\n|-resisted|p2a: Toxapex\n|-damage|p2a: Toxapex|80\/100 brn\n|\n|-heal|p2a: Toxapex|86\/100 brn|[from] item: Black Sludge\n|-heal|p1a: Slowbro|61\/100|[from] item: Leftovers\n|-damage|p2a: Toxapex|80\/100 brn|[from] brn\n|upkeep\n|turn|23\n|inactive|MangoSteak has 240 seconds left.\n|\n|t:|1665840010\n|switch|p1a: Gliscor|Gliscor, F|99\/100 tox\n|-damage|p1a: Gliscor|86\/100 tox|[from] Stealth Rock\n|move|p2a: Toxapex|Toxic Spikes|p1a: Gliscor\n|-sidestart|p1: Redflix|move: Toxic Spikes\n|\n|-heal|p2a: Toxapex|86\/100 brn|[from] item: Black Sludge\n|-heal|p1a: Gliscor|99\/100 tox|[from] ability: Poison Heal\n|-damage|p2a: Toxapex|80\/100 brn|[from] brn\n|upkeep\n|turn|24\n|inactive|MangoSteak has 240 seconds left.\n|\n|t:|1665840018\n|switch|p1a: Toxapex|Toxapex, M|100\/100\n|-damage|p1a: Toxapex|88\/100|[from] Stealth Rock\n|-sideend|p1: Redflix|move: Toxic Spikes|[of] p1a: Toxapex\n|move|p2a: Toxapex|Scald|p1a: Toxapex\n|-resisted|p1a: Toxapex\n|-crit|p1a: Toxapex\n|-damage|p1a: Toxapex|80\/100\n|\n|-heal|p2a: Toxapex|86\/100 brn|[from] item: Black Sludge\n|-heal|p1a: Toxapex|86\/100|[from] item: Black Sludge\n|-damage|p2a: Toxapex|80\/100 brn|[from] brn\n|upkeep\n|turn|25\n|\n|t:|1665840024\n|switch|p1a: Tornadus|Tornadus-Therian, M|100\/100\n|-damage|p1a: Tornadus|75\/100|[from] Stealth Rock\n|move|p2a: Toxapex|Toxic Spikes|p1a: Tornadus\n|-sidestart|p1: Redflix|move: Toxic Spikes\n|\n|-heal|p2a: Toxapex|86\/100 brn|[from] item: Black Sludge\n|-damage|p2a: Toxapex|80\/100 brn|[from] brn\n|upkeep\n|turn|26\n|\n|t:|1665840034\n|move|p1a: Tornadus|Defog|p2a: Toxapex\n|-unboost|p2a: Toxapex|evasion|1\n|-sideend|p2: MangoSteak|Stealth Rock|[from] move: Defog|[of] p1a: Tornadus\n|-sideend|p1: Redflix|Toxic Spikes|[from] move: Defog|[of] p1a: Tornadus\n|-sideend|p1: Redflix|Stealth Rock|[from] move: Defog|[of] p1a: Tornadus\n|move|p2a: Toxapex|Recover|p2a: Toxapex\n|-heal|p2a: Toxapex|100\/100 brn\n|\n|-damage|p2a: Toxapex|95\/100 brn|[from] brn\n|upkeep\n|turn|27\n|\n|t:|1665840046\n|move|p1a: Tornadus|Taunt|p2a: Toxapex\n|-start|p2a: Toxapex|move: Taunt\n|move|p2a: Toxapex|Scald|p1a: Tornadus\n|-damage|p1a: Tornadus|54\/100\n|-status|p1a: Tornadus|brn\n|\n|-heal|p2a: Toxapex|100\/100 brn|[from] item: Black Sludge\n|-damage|p1a: Tornadus|48\/100 brn|[from] brn\n|-damage|p2a: Toxapex|95\/100 brn|[from] brn\n|upkeep\n|turn|28\n|\n|t:|1665840054\n|switch|p1a: Gliscor|Gliscor, F|99\/100 tox\n|move|p2a: Toxapex|Scald|p1a: Gliscor\n|-supereffective|p1a: Gliscor\n|-damage|p1a: Gliscor|61\/100 tox\n|\n|-heal|p2a: Toxapex|100\/100 brn|[from] item: Black Sludge\n|-heal|p1a: Gliscor|73\/100 tox|[from] ability: Poison Heal\n|-damage|p2a: Toxapex|95\/100 brn|[from] brn\n|upkeep\n|turn|29\n|\n|t:|1665840072\n|switch|p2a: Weavile|Weavile, M|100\/100\n|move|p1a: Gliscor|Stealth Rock|p2a: Weavile\n|-sidestart|p2: MangoSteak|move: Stealth Rock\n|\n|-heal|p1a: Gliscor|86\/100 tox|[from] ability: Poison Heal\n|upkeep\n|turn|30\n|\n|t:|1665840085\n|switch|p2a: Toxapex|Toxapex, F|100\/100 brn\n|-damage|p2a: Toxapex|88\/100 brn|[from] Stealth Rock\n|switch|p1a: Scizor|Scizor-Mega, M|89\/100\n|\n|-heal|p2a: Toxapex|94\/100 brn|[from] item: Black Sludge\n|-damage|p2a: Toxapex|88\/100 brn|[from] brn\n|upkeep\n|turn|31\n|\n|t:|1665840093\n|switch|p1a: Tornadus|Tornadus-Therian, M|81\/100 brn\n|move|p2a: Toxapex|Scald|p1a: Tornadus\n|-damage|p1a: Tornadus|60\/100 brn\n|\n|-heal|p2a: Toxapex|94\/100 brn|[from] item: Black Sludge\n|-damage|p1a: Tornadus|54\/100 brn|[from] brn\n|-damage|p2a: Toxapex|88\/100 brn|[from] brn\n|upkeep\n|turn|32\n|\n|t:|1665840100\n|move|p1a: Tornadus|Knock Off|p2a: Toxapex\n|-damage|p2a: Toxapex|81\/100 brn\n|-enditem|p2a: Toxapex|Black Sludge|[from] move: Knock Off|[of] p1a: Tornadus\n|move|p2a: Toxapex|Scald|p1a: Tornadus\n|-damage|p1a: Tornadus|32\/100 brn\n|\n|-damage|p1a: Tornadus|26\/100 brn|[from] brn\n|-damage|p2a: Toxapex|75\/100 brn|[from] brn\n|upkeep\n|turn|33\n|inactive|MangoSteak has 240 seconds left.\n|\n|t:|1665840137\n|switch|p1a: Slowbro|Slowbro, M|95\/100\n|move|p2a: Toxapex|Scald|p1a: Slowbro\n|-resisted|p1a: Slowbro\n|-damage|p1a: Slowbro|87\/100\n|\n|-heal|p1a: Slowbro|93\/100|[from] item: Leftovers\n|-damage|p2a: Toxapex|69\/100 brn|[from] brn\n|upkeep\n|turn|34\n|inactive|MangoSteak has 240 seconds left.\n|\n|t:|1665840162\n|move|p2a: Toxapex|Toxic Spikes|p1a: Slowbro\n|-sidestart|p1: Redflix|move: Toxic Spikes\n|move|p1a: Slowbro|Scald|p2a: Toxapex\n|-resisted|p2a: Toxapex\n|-damage|p2a: Toxapex|59\/100 brn\n|\n|-heal|p1a: Slowbro|99\/100|[from] item: Leftovers\n|-damage|p2a: Toxapex|53\/100 brn|[from] brn\n|upkeep\n|turn|35\n|\n|t:|1665840168\n|move|p2a: Toxapex|Recover|p2a: Toxapex\n|-heal|p2a: Toxapex|100\/100 brn\n|move|p1a: Slowbro|Scald|p2a: Toxapex\n|-resisted|p2a: Toxapex\n|-damage|p2a: Toxapex|92\/100 brn\n|\n|-heal|p1a: Slowbro|100\/100|[from] item: Leftovers\n|-damage|p2a: Toxapex|86\/100 brn|[from] brn\n|upkeep\n|turn|36\n|\n|t:|1665840170\n|switch|p1a: Toxapex|Toxapex, M|100\/100\n|-sideend|p1: Redflix|move: Toxic Spikes|[of] p1a: Toxapex\n|move|p2a: Toxapex|Scald|p1a: Toxapex\n|-resisted|p1a: Toxapex\n|-damage|p1a: Toxapex|95\/100\n|-status|p1a: Toxapex|brn\n|\n|-heal|p1a: Toxapex|100\/100 brn|[from] item: Black Sludge\n|-damage|p2a: Toxapex|80\/100 brn|[from] brn\n|-damage|p1a: Toxapex|94\/100 brn|[from] brn\n|upkeep\n|turn|37\n|\n|t:|1665840176\n|switch|p1a: Tornadus|Tornadus-Therian, M|59\/100 brn\n|move|p2a: Toxapex|Toxic Spikes|p1a: Tornadus\n|-sidestart|p1: Redflix|move: Toxic Spikes\n|\n|-damage|p1a: Tornadus|53\/100 brn|[from] brn\n|-damage|p2a: Toxapex|74\/100 brn|[from] brn\n|upkeep\n|turn|38\n|inactive|MangoSteak has 270 seconds left.\n|\n|t:|1665840182\n|switch|p1a: Toxapex|Toxapex, M|100\/100 brn\n|-sideend|p1: Redflix|move: Toxic Spikes|[of] p1a: Toxapex\n|switch|p2a: Tapu Koko|Tapu Koko|68\/100\n|-damage|p2a: Tapu Koko|56\/100|[from] Stealth Rock\n|-fieldstart|move: Electric Terrain|[from] ability: Electric Surge|[of] p2a: Tapu Koko\n|\n|-damage|p1a: Toxapex|94\/100 brn|[from] brn\n|upkeep\n|turn|39\n|\n|t:|1665840189\n|switch|p1a: Gliscor|Gliscor, F|86\/100 tox\n|move|p2a: Tapu Koko|Calm Mind|p2a: Tapu Koko\n|-boost|p2a: Tapu Koko|spa|1\n|-boost|p2a: Tapu Koko|spd|1\n|\n|-heal|p1a: Gliscor|98\/100 tox|[from] ability: Poison Heal\n|upkeep\n|turn|40\n|\n|t:|1665840194\n|-zpower|p2a: Tapu Koko\n|move|p2a: Tapu Koko|Twinkle Tackle|p1a: Gliscor|[zeffect]\n|-damage|p1a: Gliscor|0 fnt\n|faint|p1a: Gliscor\n|\n|upkeep\n|\n|t:|1665840200\n|switch|p1a: Scizor|Scizor-Mega, M|89\/100\n|turn|41\n|\n|t:|1665840213\n|switch|p2a: Toxapex|Toxapex, F|100\/100 brn\n|-damage|p2a: Toxapex|88\/100 brn|[from] Stealth Rock\n|move|p1a: Scizor|U-turn|p2a: Toxapex\n|-resisted|p2a: Toxapex\n|-damage|p2a: Toxapex|76\/100 brn\n|\n|t:|1665840215\n|switch|p1a: Tornadus|Tornadus-Therian, M|86\/100 brn|[from]move: U-turn\n|\n|-damage|p1a: Tornadus|80\/100 brn|[from] brn\n|-damage|p2a: Toxapex|70\/100 brn|[from] brn\n|upkeep\n|turn|42\n|\n|t:|1665840222\n|move|p1a: Tornadus|Taunt|p2a: Toxapex\n|-start|p2a: Toxapex|move: Taunt\n|cant|p2a: Toxapex|move: Taunt|Recover\n|\n|-damage|p1a: Tornadus|74\/100 brn|[from] brn\n|-damage|p2a: Toxapex|64\/100 brn|[from] brn\n|-fieldend|move: Electric Terrain\n|upkeep\n|turn|43\n|\n|t:|1665840239\n|switch|p2a: Latias|Latias-Mega, F|100\/100\n|-damage|p2a: Latias|88\/100|[from] Stealth Rock\n|-zpower|p1a: Tornadus\n|move|p1a: Tornadus|Supersonic Skystrike|p2a: Latias|[zeffect]\n|-damage|p2a: Latias|35\/100\n|\n|-damage|p1a: Tornadus|68\/100 brn|[from] brn\n|upkeep\n|turn|44\n|\n|t:|1665840249\n|move|p1a: Tornadus|Hurricane|p2a: Latias\n|-damage|p2a: Latias|0 fnt\n|faint|p2a: Latias\n|\n|-damage|p1a: Tornadus|62\/100 brn|[from] brn\n|upkeep\n|\n|t:|1665840267\n|switch|p2a: Tapu Koko|Tapu Koko|56\/100\n|-damage|p2a: Tapu Koko|44\/100|[from] Stealth Rock\n|-fieldstart|move: Electric Terrain|[from] ability: Electric Surge|[of] p2a: Tapu Koko\n|turn|45\n|\n|t:|1665840272\n|switch|p1a: Scizor|Scizor-Mega, M|89\/100\n|move|p2a: Tapu Koko|Roost|p2a: Tapu Koko\n|-heal|p2a: Tapu Koko|94\/100\n|-singleturn|p2a: Tapu Koko|move: Roost\n|\n|upkeep\n|turn|46\n|\n|t:|1665840288\n|switch|p2a: Toxapex|Toxapex, F|97\/100 brn\n|-damage|p2a: Toxapex|85\/100 brn|[from] Stealth Rock\n|move|p1a: Scizor|Swords Dance|p1a: Scizor\n|-boost|p1a: Scizor|atk|2\n|\n|-damage|p2a: Toxapex|79\/100 brn|[from] brn\n|upkeep\n|turn|47\n|\n|t:|1665840290\n|move|p1a: Scizor|U-turn|p2a: Toxapex\n|-resisted|p2a: Toxapex\n|-damage|p2a: Toxapex|54\/100 brn\n|\n|t:|1665840295\n|switch|p1a: Slowbro|Slowbro, M|100\/100|[from]move: U-turn\n|move|p2a: Toxapex|Haze|p2a: Toxapex\n|-clearallboost\n|\n|-damage|p2a: Toxapex|48\/100 brn|[from] brn\n|upkeep\n|turn|48\n|\n|t:|1665840307\n|move|p2a: Toxapex|Recover|p2a: Toxapex\n|-heal|p2a: Toxapex|98\/100 brn\n|move|p1a: Slowbro|Scald|p2a: Toxapex\n|-resisted|p2a: Toxapex\n|-damage|p2a: Toxapex|90\/100 brn\n|\n|-damage|p2a: Toxapex|84\/100 brn|[from] brn\n|upkeep\n|turn|49\n|\n|t:|1665840311\n|move|p2a: Toxapex|Scald|p1a: Slowbro\n|-resisted|p1a: Slowbro\n|-damage|p1a: Slowbro|93\/100\n|move|p1a: Slowbro|Scald|p2a: Toxapex\n|-resisted|p2a: Toxapex\n|-damage|p2a: Toxapex|75\/100 brn\n|\n|-heal|p1a: Slowbro|99\/100|[from] item: Leftovers\n|-damage|p2a: Toxapex|69\/100 brn|[from] brn\n|-fieldend|move: Electric Terrain\n|upkeep\n|turn|50\n|\n|t:|1665840315\n|switch|p1a: Tornadus|Tornadus-Therian, M|96\/100 brn\n|move|p2a: Toxapex|Scald|p1a: Tornadus\n|-damage|p1a: Tornadus|76\/100 brn\n|\n|-damage|p1a: Tornadus|70\/100 brn|[from] brn\n|-damage|p2a: Toxapex|63\/100 brn|[from] brn\n|upkeep\n|turn|51\n|\n|t:|1665840335\n|switch|p1a: Slowbro|Slowbro, M|100\/100\n|switch|p2a: Tapu Koko|Tapu Koko|94\/100\n|-damage|p2a: Tapu Koko|82\/100|[from] Stealth Rock\n|-fieldstart|move: Electric Terrain|[from] ability: Electric Surge|[of] p2a: Tapu Koko\n|\n|upkeep\n|turn|52\n|\n|t:|1665840353\n|switch|p2a: Toxapex|Toxapex, F|97\/100 brn\n|-damage|p2a: Toxapex|84\/100 brn|[from] Stealth Rock\n|switch|p1a: Scizor|Scizor-Mega, M|89\/100\n|\n|-damage|p2a: Toxapex|78\/100 brn|[from] brn\n|upkeep\n|turn|53\n|\n|t:|1665840359\n|switch|p1a: Slowbro|Slowbro, M|100\/100\n|move|p2a: Toxapex|Scald|p1a: Slowbro\n|-resisted|p1a: Slowbro\n|-damage|p1a: Slowbro|93\/100\n|\n|-heal|p1a: Slowbro|99\/100|[from] item: Leftovers\n|-damage|p2a: Toxapex|72\/100 brn|[from] brn\n|upkeep\n|turn|54\n|\n|t:|1665840366\n|switch|p1a: Tornadus|Tornadus-Therian, M|100\/100 brn\n|move|p2a: Toxapex|Scald|p1a: Tornadus\n|-damage|p1a: Tornadus|80\/100 brn\n|\n|-damage|p1a: Tornadus|74\/100 brn|[from] brn\n|-damage|p2a: Toxapex|67\/100 brn|[from] brn\n|upkeep\n|turn|55\n|\n|t:|1665840378\n|move|p1a: Tornadus|Taunt|p2a: Toxapex\n|-start|p2a: Toxapex|move: Taunt\n|cant|p2a: Toxapex|move: Taunt|Toxic Spikes\n|\n|-damage|p1a: Tornadus|68\/100 brn|[from] brn\n|-damage|p2a: Toxapex|61\/100 brn|[from] brn\n|-fieldend|move: Electric Terrain\n|upkeep\n|turn|56\n|\n|t:|1665840391\n|move|p1a: Tornadus|Knock Off|p2a: Toxapex\n|-damage|p2a: Toxapex|55\/100 brn\n|move|p2a: Toxapex|Scald|p1a: Tornadus\n|-damage|p1a: Tornadus|45\/100 brn\n|\n|-damage|p1a: Tornadus|39\/100 brn|[from] brn\n|-damage|p2a: Toxapex|49\/100 brn|[from] brn\n|upkeep\n|turn|57\n|\n|t:|1665840395\n|switch|p1a: Slowbro|Slowbro, M|100\/100\n|switch|p2a: Tapu Koko|Tapu Koko|82\/100\n|-damage|p2a: Tapu Koko|70\/100|[from] Stealth Rock\n|-fieldstart|move: Electric Terrain|[from] ability: Electric Surge|[of] p2a: Tapu Koko\n|\n|upkeep\n|turn|58\n|\n|t:|1665840402\n|switch|p1a: Scizor|Scizor-Mega, M|89\/100\n|move|p2a: Tapu Koko|Thunderbolt|p1a: Scizor\n|-damage|p1a: Scizor|52\/100\n|\n|upkeep\n|turn|59\n|\n|t:|1665840410\n|switch|p2a: Toxapex|Toxapex, F|82\/100 brn\n|-damage|p2a: Toxapex|70\/100 brn|[from] Stealth Rock\n|move|p1a: Scizor|Roost|p1a: Scizor\n|-heal|p1a: Scizor|100\/100\n|-singleturn|p1a: Scizor|move: Roost\n|\n|-damage|p2a: Toxapex|64\/100 brn|[from] brn\n|upkeep\n|turn|60\n|\n|t:|1665840416\n|move|p1a: Scizor|U-turn|p2a: Toxapex\n|-resisted|p2a: Toxapex\n|-damage|p2a: Toxapex|50\/100 brn\n|\n|t:|1665840418\n|switch|p1a: Tornadus|Tornadus-Therian, M|73\/100 brn|[from]move: U-turn\n|move|p2a: Toxapex|Scald|p1a: Tornadus\n|-damage|p1a: Tornadus|53\/100 brn\n|\n|-damage|p1a: Tornadus|47\/100 brn|[from] brn\n|-damage|p2a: Toxapex|44\/100 brn|[from] brn\n|upkeep\n|turn|61\n|\n|t:|1665840423\n|switch|p2a: Tapu Koko|Tapu Koko|70\/100\n|-damage|p2a: Tapu Koko|57\/100|[from] Stealth Rock\n|move|p1a: Tornadus|Knock Off|p2a: Tapu Koko\n|-resisted|p2a: Tapu Koko\n|-damage|p2a: Tapu Koko|54\/100\n|\n|-damage|p1a: Tornadus|41\/100 brn|[from] brn\n|-fieldend|move: Electric Terrain\n|upkeep\n|turn|62\n|\n|t:|1665840433\n|switch|p1a: Scizor|Scizor-Mega, M|100\/100\n|move|p2a: Tapu Koko|Roost|p2a: Tapu Koko\n|-heal|p2a: Tapu Koko|100\/100\n|-singleturn|p2a: Tapu Koko|move: Roost\n|\n|upkeep\n|turn|63\n|\n|t:|1665840437\n|switch|p2a: Gliscor|Gliscor, F|93\/100 tox\n|-damage|p2a: Gliscor|80\/100 tox|[from] Stealth Rock\n|move|p1a: Scizor|U-turn|p2a: Gliscor\n|-resisted|p2a: Gliscor\n|-damage|p2a: Gliscor|66\/100 tox\n|\n|t:|1665840439\n|switch|p1a: Weavile|Weavile, M|33\/100|[from]move: U-turn\n|\n|-heal|p2a: Gliscor|79\/100 tox|[from] ability: Poison Heal\n|upkeep\n|turn|64\n|inactive|MangoSteak has 270 seconds left.\n|\n|t:|1665840486\n|switch|p2a: Toxapex|Toxapex, F|78\/100 brn\n|-damage|p2a: Toxapex|66\/100 brn|[from] Stealth Rock\n|move|p1a: Weavile|Icicle Crash|p2a: Toxapex\n|-resisted|p2a: Toxapex\n|-damage|p2a: Toxapex|43\/100 brn\n|\n|-damage|p2a: Toxapex|37\/100 brn|[from] brn\n|upkeep\n|turn|65\n|\n|t:|1665840494\n|move|p1a: Weavile|Icicle Crash|p2a: Toxapex\n|-resisted|p2a: Toxapex\n|-damage|p2a: Toxapex|11\/100 brn\n|move|p2a: Toxapex|Recover|p2a: Toxapex\n|-heal|p2a: Toxapex|62\/100 brn\n|\n|-damage|p2a: Toxapex|56\/100 brn|[from] brn\n|upkeep\n|turn|66\n|\n|t:|1665840502\n|move|p1a: Weavile|Icicle Crash|p2a: Toxapex\n|-resisted|p2a: Toxapex\n|-damage|p2a: Toxapex|30\/100 brn\n|move|p2a: Toxapex|Toxic Spikes|p1a: Weavile\n|-sidestart|p1: Redflix|move: Toxic Spikes\n|\n|-damage|p2a: Toxapex|24\/100 brn|[from] brn\n|upkeep\n|turn|67\n|inactive|MangoSteak has 270 seconds left.\n|\n|t:|1665840524\n|switch|p2a: Weavile|Weavile, M|100\/100\n|-damage|p2a: Weavile|76\/100|[from] Stealth Rock\n|move|p1a: Weavile|Icicle Crash|p2a: Weavile\n|-resisted|p2a: Weavile\n|-damage|p2a: Weavile|17\/100\n|\n|upkeep\n|turn|68\n|\n|t:|1665840531\n|switch|p1a: Toxapex|Toxapex, M|100\/100 brn\n|-sideend|p1: Redflix|move: Toxic Spikes|[of] p1a: Toxapex\n|move|p2a: Weavile|Knock Off|p1a: Toxapex\n|-damage|p1a: Toxapex|61\/100 brn\n|-enditem|p1a: Toxapex|Black Sludge|[from] move: Knock Off|[of] p2a: Weavile\n|\n|-damage|p1a: Toxapex|55\/100 brn|[from] brn\n|upkeep\n|turn|69\n|\n|t:|1665840541\n|switch|p2a: Toxapex|Toxapex, F|57\/100 brn\n|-damage|p2a: Toxapex|45\/100 brn|[from] Stealth Rock\n|move|p1a: Toxapex|Scald|p2a: Toxapex\n|-resisted|p2a: Toxapex\n|-damage|p2a: Toxapex|40\/100 brn\n|\n|-damage|p2a: Toxapex|34\/100 brn|[from] brn\n|-damage|p1a: Toxapex|49\/100 brn|[from] brn\n|upkeep\n|turn|70\n|\n|t:|1665840545\n|switch|p1a: Slowbro|Slowbro, M|100\/100\n|move|p2a: Toxapex|Recover|p2a: Toxapex\n|-heal|p2a: Toxapex|84\/100 brn\n|\n|-damage|p2a: Toxapex|78\/100 brn|[from] brn\n|upkeep\n|turn|71\n|\n|t:|1665840548\n|switch|p1a: Tornadus|Tornadus-Therian, M|75\/100 brn\n|move|p2a: Toxapex|Scald|p1a: Tornadus\n|-damage|p1a: Tornadus|55\/100 brn\n|\n|-damage|p1a: Tornadus|49\/100 brn|[from] brn\n|-damage|p2a: Toxapex|72\/100 brn|[from] brn\n|upkeep\n|turn|72\n|\n|t:|1665840554\n|switch|p2a: Tapu Koko|Tapu Koko|100\/100\n|-damage|p2a: Tapu Koko|88\/100|[from] Stealth Rock\n|-fieldstart|move: Electric Terrain|[from] ability: Electric Surge|[of] p2a: Tapu Koko\n|move|p1a: Tornadus|Taunt|p2a: Tapu Koko\n|-start|p2a: Tapu Koko|move: Taunt\n|\n|-damage|p1a: Tornadus|43\/100 brn|[from] brn\n|upkeep\n|turn|73\n|\n|t:|1665840558\n|switch|p1a: Scizor|Scizor-Mega, M|100\/100\n|move|p2a: Tapu Koko|Thunderbolt|p1a: Scizor\n|-damage|p1a: Scizor|59\/100\n|\n|upkeep\n|turn|74\n|\n|t:|1665840564\n|move|p2a: Tapu Koko|Thunderbolt|p1a: Scizor\n|-damage|p1a: Scizor|16\/100\n|move|p1a: Scizor|Roost|p1a: Scizor\n|-heal|p1a: Scizor|66\/100\n|-singleturn|p1a: Scizor|move: Roost\n|\n|-end|p2a: Tapu Koko|move: Taunt\n|upkeep\n|turn|75\n|\n|t:|1665840579\n|switch|p2a: Toxapex|Toxapex, F|100\/100 brn\n|-damage|p2a: Toxapex|88\/100 brn|[from] Stealth Rock\n|move|p1a: Scizor|Roost|p1a: Scizor\n|-heal|p1a: Scizor|100\/100\n|-singleturn|p1a: Scizor|move: Roost\n|\n|-damage|p2a: Toxapex|82\/100 brn|[from] brn\n|upkeep\n|turn|76\n|\n|t:|1665840583\n|move|p1a: Scizor|U-turn|p2a: Toxapex\n|-resisted|p2a: Toxapex\n|-damage|p2a: Toxapex|68\/100 brn\n|\n|t:|1665840584\n|switch|p1a: Tornadus|Tornadus-Therian, M|76\/100 brn|[from]move: U-turn\n|move|p2a: Toxapex|Toxic Spikes|p1a: Tornadus\n|-sidestart|p1: Redflix|move: Toxic Spikes\n|\n|-damage|p1a: Tornadus|70\/100 brn|[from] brn\n|-damage|p2a: Toxapex|63\/100 brn|[from] brn\n|-fieldend|move: Electric Terrain\n|upkeep\n|turn|77\n|\n|t:|1665840592\n|switch|p1a: Toxapex|Toxapex, M|82\/100 brn\n|-sideend|p1: Redflix|move: Toxic Spikes|[of] p1a: Toxapex\n|switch|p2a: Tapu Koko|Tapu Koko|88\/100\n|-damage|p2a: Tapu Koko|76\/100|[from] Stealth Rock\n|-fieldstart|move: Electric Terrain|[from] ability: Electric Surge|[of] p2a: Tapu Koko\n|\n|-damage|p1a: Toxapex|75\/100 brn|[from] brn\n|upkeep\n|turn|78\n|\n|t:|1665840599\n|switch|p2a: Ferrothorn|Ferrothorn, M|52\/100\n|-damage|p2a: Ferrothorn|45\/100|[from] Stealth Rock\n|switch|p1a: Scizor|Scizor-Mega, M|100\/100\n|\n|upkeep\n|turn|79\n|\n|t:|1665840605\n|move|p1a: Scizor|Swords Dance|p1a: Scizor\n|-boost|p1a: Scizor|atk|2\n|move|p2a: Ferrothorn|Stealth Rock|p1a: Scizor\n|-sidestart|p1: Redflix|move: Stealth Rock\n|\n|upkeep\n|turn|80\n|\n|t:|1665840607\n|switch|p2a: Toxapex|Toxapex, F|96\/100 brn\n|-damage|p2a: Toxapex|84\/100 brn|[from] Stealth Rock\n|move|p1a: Scizor|U-turn|p2a: Toxapex\n|-resisted|p2a: Toxapex\n|-damage|p2a: Toxapex|59\/100 brn\n|\n|t:|1665840612\n|switch|p1a: Tornadus|Tornadus-Therian, M|100\/100 brn|[from]move: U-turn\n|-damage|p1a: Tornadus|75\/100 brn|[from] Stealth Rock\n|\n|-damage|p1a: Tornadus|69\/100 brn|[from] brn\n|-damage|p2a: Toxapex|53\/100 brn|[from] brn\n|upkeep\n|turn|81\n|\n|t:|1665840625\n|switch|p1a: Toxapex|Toxapex, M|100\/100 brn\n|-damage|p1a: Toxapex|88\/100 brn|[from] Stealth Rock\n|switch|p2a: Gliscor|Gliscor, F|79\/100 tox\n|-damage|p2a: Gliscor|66\/100 tox|[from] Stealth Rock\n|\n|-heal|p2a: Gliscor|79\/100 tox|[from] ability: Poison Heal\n|-damage|p1a: Toxapex|82\/100 brn|[from] brn\n|-fieldend|move: Electric Terrain\n|upkeep\n|turn|82\n|\n|t:|1665840634\n|switch|p1a: Slowbro|Slowbro, M|100\/100\n|-damage|p1a: Slowbro|88\/100|[from] Stealth Rock\n|move|p2a: Gliscor|Swords Dance|p2a: Gliscor\n|-boost|p2a: Gliscor|atk|2\n|\n|-heal|p1a: Slowbro|94\/100|[from] item: Leftovers\n|-heal|p2a: Gliscor|91\/100 tox|[from] ability: Poison Heal\n|upkeep\n|turn|83\n|inactive|MangoSteak has 270 seconds left.\n|\n|t:|1665840671\n|move|p2a: Gliscor|Roost|p2a: Gliscor\n|-heal|p2a: Gliscor|100\/100 tox\n|-singleturn|p2a: Gliscor|move: Roost\n|move|p1a: Slowbro|Scald|p2a: Gliscor\n|-supereffective|p2a: Gliscor\n|-damage|p2a: Gliscor|39\/100 tox\n|\n|-heal|p1a: Slowbro|99\/100|[from] item: Leftovers\n|-heal|p2a: Gliscor|52\/100 tox|[from] ability: Poison Heal\n|upkeep\n|turn|84\n|inactive|MangoSteak has 270 seconds left.\n|\n|t:|1665840677\n|switch|p2a: Toxapex|Toxapex, F|87\/100 brn\n|-damage|p2a: Toxapex|74\/100 brn|[from] Stealth Rock\n|move|p1a: Slowbro|Scald|p2a: Toxapex\n|-resisted|p2a: Toxapex\n|-damage|p2a: Toxapex|66\/100 brn\n|\n|-heal|p1a: Slowbro|100\/100|[from] item: Leftovers\n|-damage|p2a: Toxapex|60\/100 brn|[from] brn\n|upkeep\n|turn|85\n|\n|t:|1665840682\n|switch|p1a: Tornadus|Tornadus-Therian, M|100\/100 brn\n|-damage|p1a: Tornadus|75\/100 brn|[from] Stealth Rock\n|move|p2a: Toxapex|Scald|p1a: Tornadus\n|-damage|p1a: Tornadus|54\/100 brn\n|\n|-damage|p1a: Tornadus|48\/100 brn|[from] brn\n|-damage|p2a: Toxapex|54\/100 brn|[from] brn\n|upkeep\n|turn|86\n|\n|t:|1665840696\n|switch|p1a: Toxapex|Toxapex, M|100\/100 brn\n|-damage|p1a: Toxapex|88\/100 brn|[from] Stealth Rock\n|switch|p2a: Tapu Koko|Tapu Koko|76\/100\n|-damage|p2a: Tapu Koko|64\/100|[from] Stealth Rock\n|-fieldstart|move: Electric Terrain|[from] ability: Electric Surge|[of] p2a: Tapu Koko\n|\n|-damage|p1a: Toxapex|82\/100 brn|[from] brn\n|upkeep\n|turn|87\n|inactive|Redflix has 270 seconds left.\n|inactive|MangoSteak has 270 seconds left.\n|inactive|MangoSteak has 240 seconds left.\n|inactive|Redflix has 240 seconds left.\n|inactive|MangoSteak has 210 seconds left.\n|\n|t:|1665840809\n|switch|p2a: Gliscor|Gliscor, F|52\/100 tox\n|-damage|p2a: Gliscor|39\/100 tox|[from] Stealth Rock\n|switch|p1a: Scizor|Scizor-Mega, M|100\/100\n|-damage|p1a: Scizor|88\/100|[from] Stealth Rock\n|\n|-heal|p2a: Gliscor|52\/100 tox|[from] ability: Poison Heal\n|upkeep\n|turn|88\n|inactive|Redflix has 240 seconds left.\n|\n|t:|1665840815\n|switch|p2a: Toxapex|Toxapex, F|88\/100 brn\n|-damage|p2a: Toxapex|75\/100 brn|[from] Stealth Rock\n|move|p1a: Scizor|Bullet Punch|p2a: Toxapex\n|-resisted|p2a: Toxapex\n|-damage|p2a: Toxapex|65\/100 brn\n|\n|-damage|p2a: Toxapex|59\/100 brn|[from] brn\n|upkeep\n|turn|89\n|inactive|MangoSteak has 210 seconds left.\n|\n|t:|1665840821\n|move|p1a: Scizor|U-turn|p2a: Toxapex\n|-resisted|p2a: Toxapex\n|-damage|p2a: Toxapex|46\/100 brn\n|\n|t:|1665840823\n|switch|p1a: Slowbro|Slowbro, M|100\/100|[from]move: U-turn\n|-damage|p1a: Slowbro|88\/100|[from] Stealth Rock\n|move|p2a: Toxapex|Recover|p2a: Toxapex\n|-heal|p2a: Toxapex|96\/100 brn\n|\n|-heal|p1a: Slowbro|94\/100|[from] item: Leftovers\n|-damage|p2a: Toxapex|90\/100 brn|[from] brn\n|upkeep\n|turn|90\n|\n|t:|1665840827\n|move|p2a: Toxapex|Toxic Spikes|p1a: Slowbro\n|-sidestart|p1: Redflix|move: Toxic Spikes\n|move|p1a: Slowbro|Scald|p2a: Toxapex\n|-resisted|p2a: Toxapex\n|-damage|p2a: Toxapex|82\/100 brn\n|\n|-heal|p1a: Slowbro|99\/100|[from] item: Leftovers\n|-damage|p2a: Toxapex|76\/100 brn|[from] brn\n|-fieldend|move: Electric Terrain\n|upkeep\n|turn|91\n|\n|t:|1665840835\n|move|p2a: Toxapex|Haze|p2a: Toxapex\n|-clearallboost\n|move|p1a: Slowbro|Scald|p2a: Toxapex\n|-resisted|p2a: Toxapex\n|-damage|p2a: Toxapex|67\/100 brn\n|\n|-heal|p1a: Slowbro|100\/100|[from] item: Leftovers\n|-damage|p2a: Toxapex|61\/100 brn|[from] brn\n|upkeep\n|turn|92\n|\n|t:|1665840842\n|move|p2a: Toxapex|Haze|p2a: Toxapex\n|-clearallboost\n|move|p1a: Slowbro|Thunder Wave||[still]\n|-fail|p1a: Slowbro\n|\n|-damage|p2a: Toxapex|55\/100 brn|[from] brn\n|upkeep\n|turn|93\n|inactive|MangoSteak has 240 seconds left.\n|\n|t:|1665840855\n|move|p2a: Toxapex|Scald|p1a: Slowbro\n|-resisted|p1a: Slowbro\n|-damage|p1a: Slowbro|93\/100\n|move|p1a: Slowbro|Scald|p2a: Toxapex\n|-resisted|p2a: Toxapex\n|-damage|p2a: Toxapex|46\/100 brn\n|\n|-heal|p1a: Slowbro|99\/100|[from] item: Leftovers\n|-damage|p2a: Toxapex|40\/100 brn|[from] brn\n|upkeep\n|turn|94\n|\n|t:|1665840860\n|switch|p1a: Toxapex|Toxapex, M|100\/100 brn\n|-damage|p1a: Toxapex|88\/100 brn|[from] Stealth Rock\n|-sideend|p1: Redflix|move: Toxic Spikes|[of] p1a: Toxapex\n|move|p2a: Toxapex|Recover|p2a: Toxapex\n|-heal|p2a: Toxapex|90\/100 brn\n|\n|-damage|p2a: Toxapex|84\/100 brn|[from] brn\n|-damage|p1a: Toxapex|82\/100 brn|[from] brn\n|upkeep\n|turn|95\n|inactive|MangoSteak has 240 seconds left.\n|\n|t:|1665840890\n|move|p2a: Toxapex|Haze|p2a: Toxapex\n|-clearallboost\n|move|p1a: Toxapex|Scald|p2a: Toxapex\n|-resisted|p2a: Toxapex\n|-damage|p2a: Toxapex|79\/100 brn\n|\n|-damage|p2a: Toxapex|73\/100 brn|[from] brn\n|-damage|p1a: Toxapex|75\/100 brn|[from] brn\n|upkeep\n|turn|96\n|\n|t:|1665840897\n|switch|p1a: Tornadus|Tornadus-Therian, M|82\/100 brn\n|-damage|p1a: Tornadus|57\/100 brn|[from] Stealth Rock\n|move|p2a: Toxapex|Haze|p2a: Toxapex\n|-clearallboost\n|\n|-damage|p1a: Tornadus|51\/100 brn|[from] brn\n|-damage|p2a: Toxapex|67\/100 brn|[from] brn\n|upkeep\n|turn|97\n|\n|t:|1665840902\n|switch|p2a: Tapu Koko|Tapu Koko|64\/100\n|-damage|p2a: Tapu Koko|52\/100|[from] Stealth Rock\n|-fieldstart|move: Electric Terrain|[from] ability: Electric Surge|[of] p2a: Tapu Koko\n|move|p1a: Tornadus|Taunt|p2a: Tapu Koko\n|-start|p2a: Tapu Koko|move: Taunt\n|\n|-damage|p1a: Tornadus|45\/100 brn|[from] brn\n|upkeep\n|turn|98\n|\n|t:|1665840909\n|switch|p1a: Scizor|Scizor-Mega, M|88\/100\n|-damage|p1a: Scizor|76\/100|[from] Stealth Rock\n|move|p2a: Tapu Koko|Thunderbolt|p1a: Scizor\n|-damage|p1a: Scizor|36\/100\n|\n|upkeep\n|turn|99\n|\n|t:|1665840912\n|move|p1a: Scizor|Bullet Punch|p2a: Tapu Koko\n|-damage|p2a: Tapu Koko|19\/100\n|move|p2a: Tapu Koko|Thunderbolt|p1a: Scizor\n|-damage|p1a: Scizor|0 fnt\n|faint|p1a: Scizor\n|\n|-end|p2a: Tapu Koko|move: Taunt\n|upkeep\n|\n|t:|1665840916\n|switch|p1a: Weavile|Weavile, M|33\/100\n|-damage|p1a: Weavile|8\/100|[from] Stealth Rock\n|turn|100\n|inactive|MangoSteak has 270 seconds left.\n|inactive|Redflix has 270 seconds left.\n|inactive|MangoSteak has 240 seconds left.\n|\n|t:|1665840968\n|-activate|p2a: Tapu Koko|move: Pursuit\n|move|p1a: Weavile|Pursuit|p2a: Tapu Koko|[from]Pursuit\n|-resisted|p2a: Tapu Koko\n|-damage|p2a: Tapu Koko|0 fnt\n|faint|p2a: Tapu Koko\n|-hint|A Pokemon can't switch between when it runs out of HP and when it faints\n|\n|upkeep\n|inactive|MangoSteak has 240 seconds left.\n|\n|t:|1665840974\n|switch|p2a: Ferrothorn|Ferrothorn, M|45\/100\n|-damage|p2a: Ferrothorn|39\/100|[from] Stealth Rock\n|turn|101\n|\n|t:|1665840978\n|switch|p1a: Slowbro|Slowbro, M|100\/100\n|-damage|p1a: Slowbro|88\/100|[from] Stealth Rock\n|move|p2a: Ferrothorn|Leech Seed|p1a: Slowbro\n|-start|p1a: Slowbro|move: Leech Seed\n|\n|-heal|p1a: Slowbro|94\/100|[from] item: Leftovers\n|-damage|p1a: Slowbro|82\/100|[from] Leech Seed|[of] p2a: Ferrothorn\n|-heal|p2a: Ferrothorn|53\/100|[silent]\n|-fieldend|move: Electric Terrain\n|upkeep\n|turn|102\n|\n|t:|1665840987\n|switch|p2a: Toxapex|Toxapex, F|99\/100 brn\n|-damage|p2a: Toxapex|88\/100 brn|[from] Stealth Rock\n|move|p1a: Slowbro|Flamethrower|p2a: Toxapex\n|-resisted|p2a: Toxapex\n|-damage|p2a: Toxapex|81\/100 brn\n|\n|-heal|p1a: Slowbro|88\/100|[from] item: Leftovers\n|-damage|p1a: Slowbro|75\/100|[from] Leech Seed|[of] p2a: Toxapex\n|-heal|p2a: Toxapex|98\/100 brn|[silent]\n|-damage|p2a: Toxapex|92\/100 brn|[from] brn\n|upkeep\n|turn|103\n|\n|t:|1665840994\n|switch|p1a: Toxapex|Toxapex, M|100\/100 brn\n|-damage|p1a: Toxapex|88\/100 brn|[from] Stealth Rock\n|move|p2a: Toxapex|Toxic Spikes|p1a: Toxapex\n|-sidestart|p1: Redflix|move: Toxic Spikes\n|\n|-damage|p2a: Toxapex|86\/100 brn|[from] brn\n|-damage|p1a: Toxapex|82\/100 brn|[from] brn\n|upkeep\n|turn|104\n|\n|t:|1665841000\n|switch|p2a: Gliscor|Gliscor, F|52\/100 tox\n|-damage|p2a: Gliscor|39\/100 tox|[from] Stealth Rock\n|switch|p1a: Tornadus|Tornadus-Therian, M|78\/100 brn\n|-damage|p1a: Tornadus|53\/100 brn|[from] Stealth Rock\n|\n|-heal|p2a: Gliscor|52\/100 tox|[from] ability: Poison Heal\n|-damage|p1a: Tornadus|47\/100 brn|[from] brn\n|upkeep\n|turn|105\n|inactive|MangoSteak has 270 seconds left.\n|inactive|MangoSteak has 240 seconds left.\n|\n|t:|1665841047\n|move|p1a: Tornadus|Hurricane|p2a: Gliscor|[miss]\n|-miss|p1a: Tornadus|p2a: Gliscor\n|move|p2a: Gliscor|Facade|p1a: Tornadus\n|-damage|p1a: Tornadus|5\/100 brn\n|\n|-heal|p2a: Gliscor|64\/100 tox|[from] ability: Poison Heal\n|-damage|p1a: Tornadus|0 fnt|[from] brn\n|faint|p1a: Tornadus\n|upkeep\n|inactive|Redflix has 270 seconds left.\n|\n|t:|1665841077\n|switch|p1a: Toxapex|Toxapex, M|100\/100 brn\n|-damage|p1a: Toxapex|88\/100 brn|[from] Stealth Rock\n|-sideend|p1: Redflix|move: Toxic Spikes|[of] p1a: Toxapex\n|turn|106\n|inactive|MangoSteak has 240 seconds left.\n|\n|t:|1665841082\n|switch|p1a: Slowbro|Slowbro, M|100\/100\n|-damage|p1a: Slowbro|88\/100|[from] Stealth Rock\n|move|p2a: Gliscor|Roost|p2a: Gliscor\n|-heal|p2a: Gliscor|100\/100 tox\n|-singleturn|p2a: Gliscor|move: Roost\n|\n|-heal|p1a: Slowbro|94\/100|[from] item: Leftovers\n|upkeep\n|turn|107\n|\n|t:|1665841092\n|switch|p2a: Toxapex|Toxapex, F|100\/100 brn\n|-damage|p2a: Toxapex|88\/100 brn|[from] Stealth Rock\n|move|p1a: Slowbro|Thunder Wave|p2a: Toxapex|[miss]\n|-miss|p1a: Slowbro|p2a: Toxapex\n|\n|-heal|p1a: Slowbro|99\/100|[from] item: Leftovers\n|-damage|p2a: Toxapex|82\/100 brn|[from] brn\n|upkeep\n|turn|108\n|\n|t:|1665841094\n|switch|p1a: Toxapex|Toxapex, M|100\/100 brn\n|-damage|p1a: Toxapex|88\/100 brn|[from] Stealth Rock\n|move|p2a: Toxapex|Toxic Spikes|p1a: Toxapex\n|-sidestart|p1: Redflix|move: Toxic Spikes\n|\n|-damage|p2a: Toxapex|76\/100 brn|[from] brn\n|-damage|p1a: Toxapex|82\/100 brn|[from] brn\n|upkeep\n|turn|109\n|\n|t:|1665841119\n|switch|p1a: Slowbro|Slowbro, M|100\/100\n|-damage|p1a: Slowbro|88\/100|[from] Stealth Rock\n|-status|p1a: Slowbro|psn\n|move|p2a: Toxapex|Toxic Spikes|p1a: Slowbro\n|-sidestart|p1: Redflix|move: Toxic Spikes\n|\n|-heal|p1a: Slowbro|94\/100 psn|[from] item: Leftovers\n|-damage|p1a: Slowbro|82\/100 psn|[from] psn\n|-damage|p2a: Toxapex|70\/100 brn|[from] brn\n|upkeep\n|turn|110\n|\n|t:|1665841129\n|move|p2a: Toxapex|Haze|p2a: Toxapex\n|-clearallboost\n|move|p1a: Slowbro|Thunder Wave||[still]\n|-fail|p1a: Slowbro\n|\n|-heal|p1a: Slowbro|88\/100 psn|[from] item: Leftovers\n|-damage|p1a: Slowbro|75\/100 psn|[from] psn\n|-damage|p2a: Toxapex|65\/100 brn|[from] brn\n|upkeep\n|turn|111\n|\n|t:|1665841137\n|switch|p2a: Gliscor|Gliscor, F|100\/100 tox\n|-damage|p2a: Gliscor|88\/100 tox|[from] Stealth Rock\n|move|p1a: Slowbro|Thunder Wave|p2a: Gliscor\n|-immune|p2a: Gliscor\n|\n|-heal|p1a: Slowbro|81\/100 psn|[from] item: Leftovers\n|-heal|p2a: Gliscor|100\/100 tox|[from] ability: Poison Heal\n|-damage|p1a: Slowbro|69\/100 psn|[from] psn\n|upkeep\n|turn|112\n|inactive|MangoSteak has 270 seconds left.\n|\n|t:|1665841145\n|switch|p2a: Toxapex|Toxapex, F|98\/100 brn\n|-damage|p2a: Toxapex|86\/100 brn|[from] Stealth Rock\n|move|p1a: Slowbro|Thunder Wave||[still]\n|-fail|p1a: Slowbro\n|\n|-heal|p1a: Slowbro|75\/100 psn|[from] item: Leftovers\n|-damage|p1a: Slowbro|63\/100 psn|[from] psn\n|-damage|p2a: Toxapex|80\/100 brn|[from] brn\n|upkeep\n|turn|113\n|inactive|MangoSteak has 270 seconds left.\n|\n|t:|1665841163\n|switch|p2a: Ferrothorn|Ferrothorn, M|53\/100\n|-damage|p2a: Ferrothorn|47\/100|[from] Stealth Rock\n|switch|p1a: Toxapex|Toxapex, M|100\/100 brn\n|-damage|p1a: Toxapex|88\/100 brn|[from] Stealth Rock\n|-sideend|p1: Redflix|move: Toxic Spikes|[of] p1a: Toxapex\n|\n|-damage|p1a: Toxapex|82\/100 brn|[from] brn\n|upkeep\n|turn|114\n|\n|t:|1665841168\n|move|p1a: Toxapex|Scald|p2a: Ferrothorn\n|-resisted|p2a: Ferrothorn\n|-damage|p2a: Ferrothorn|41\/100\n|-status|p2a: Ferrothorn|brn\n|move|p2a: Ferrothorn|Spikes|p1a: Toxapex\n|-sidestart|p1: Redflix|Spikes\n|\n|-damage|p1a: Toxapex|75\/100 brn|[from] brn\n|-damage|p2a: Ferrothorn|35\/100 brn|[from] brn\n|upkeep\n|turn|115\n|\n|t:|1665841173\n|switch|p1a: Slowbro|Slowbro, M|96\/100 psn\n|-damage|p1a: Slowbro|83\/100 psn|[from] Stealth Rock\n|-damage|p1a: Slowbro|71\/100 psn|[from] Spikes\n|move|p2a: Ferrothorn|Spikes|p1a: Slowbro\n|-sidestart|p1: Redflix|Spikes\n|\n|-heal|p1a: Slowbro|77\/100 psn|[from] item: Leftovers\n|-damage|p1a: Slowbro|65\/100 psn|[from] psn\n|-damage|p2a: Ferrothorn|28\/100 brn|[from] brn\n|upkeep\n|turn|116\n|\n|t:|1665841179\n|move|p1a: Slowbro|Flamethrower|p2a: Ferrothorn\n|-supereffective|p2a: Ferrothorn\n|-damage|p2a: Ferrothorn|0 fnt\n|faint|p2a: Ferrothorn\n|\n|-heal|p1a: Slowbro|71\/100 psn|[from] item: Leftovers\n|-damage|p1a: Slowbro|58\/100 psn|[from] psn\n|upkeep\n|\n|t:|1665841183\n|switch|p2a: Toxapex|Toxapex, F|100\/100 brn\n|-damage|p2a: Toxapex|88\/100 brn|[from] Stealth Rock\n|turn|117\n|\n|t:|1665841189\n|move|p2a: Toxapex|Haze|p2a: Toxapex\n|-clearallboost\n|move|p1a: Slowbro|Slack Off|p1a: Slowbro\n|-heal|p1a: Slowbro|100\/100 psn\n|\n|-damage|p1a: Slowbro|88\/100 psn|[from] psn\n|-damage|p2a: Toxapex|82\/100 brn|[from] brn\n|upkeep\n|turn|118\n|\n|t:|1665841191\n|move|p2a: Toxapex|Haze|p2a: Toxapex\n|-clearallboost\n|move|p1a: Slowbro|Thunder Wave||[still]\n|-fail|p1a: Slowbro\n|\n|-heal|p1a: Slowbro|94\/100 psn|[from] item: Leftovers\n|-damage|p1a: Slowbro|82\/100 psn|[from] psn\n|-damage|p2a: Toxapex|76\/100 brn|[from] brn\n|upkeep\n|turn|119\n|\n|t:|1665841194\n|move|p2a: Toxapex|Haze|p2a: Toxapex\n|-clearallboost\n|move|p1a: Slowbro|Thunder Wave||[still]\n|-fail|p1a: Slowbro\n|\n|-heal|p1a: Slowbro|88\/100 psn|[from] item: Leftovers\n|-damage|p1a: Slowbro|75\/100 psn|[from] psn\n|-damage|p2a: Toxapex|70\/100 brn|[from] brn\n|upkeep\n|turn|120\n|\n|t:|1665841197\n|move|p2a: Toxapex|Haze|p2a: Toxapex\n|-clearallboost\n|move|p1a: Slowbro|Thunder Wave||[still]\n|-fail|p1a: Slowbro\n|\n|-heal|p1a: Slowbro|81\/100 psn|[from] item: Leftovers\n|-damage|p1a: Slowbro|69\/100 psn|[from] psn\n|-damage|p2a: Toxapex|65\/100 brn|[from] brn\n|upkeep\n|turn|121\n|\n|t:|1665841199\n|switch|p2a: Gliscor|Gliscor, F|100\/100 tox\n|-damage|p2a: Gliscor|88\/100 tox|[from] Stealth Rock\n|switch|p1a: Toxapex|Toxapex, M|100\/100 brn\n|-damage|p1a: Toxapex|88\/100 brn|[from] Stealth Rock\n|-damage|p1a: Toxapex|72\/100 brn|[from] Spikes\n|\n|-heal|p2a: Gliscor|100\/100 tox|[from] ability: Poison Heal\n|-damage|p1a: Toxapex|65\/100 brn|[from] brn\n|upkeep\n|turn|122\n|\n|t:|1665841208\n|switch|p1a: Slowbro|Slowbro, M|100\/100 psn\n|-damage|p1a: Slowbro|88\/100 psn|[from] Stealth Rock\n|-damage|p1a: Slowbro|71\/100 psn|[from] Spikes\n|move|p2a: Gliscor|Swords Dance|p2a: Gliscor\n|-boost|p2a: Gliscor|atk|2\n|\n|-heal|p1a: Slowbro|78\/100 psn|[from] item: Leftovers\n|-damage|p1a: Slowbro|65\/100 psn|[from] psn\n|upkeep\n|turn|123\n|\n|t:|1665841210\n|move|p2a: Gliscor|Earthquake|p1a: Slowbro\n|-damage|p1a: Slowbro|24\/100 psn\n|move|p1a: Slowbro|Slack Off|p1a: Slowbro\n|-heal|p1a: Slowbro|75\/100 psn\n|\n|-heal|p1a: Slowbro|81\/100 psn|[from] item: Leftovers\n|-damage|p1a: Slowbro|68\/100 psn|[from] psn\n|upkeep\n|turn|124\n|\n|t:|1665841216\n|move|p2a: Gliscor|Swords Dance|p2a: Gliscor\n|-boost|p2a: Gliscor|atk|2\n|move|p1a: Slowbro|Scald|p2a: Gliscor\n|-supereffective|p2a: Gliscor\n|-crit|p2a: Gliscor\n|-damage|p2a: Gliscor|19\/100 tox\n|\n|-heal|p1a: Slowbro|74\/100 psn|[from] item: Leftovers\n|-heal|p2a: Gliscor|31\/100 tox|[from] ability: Poison Heal\n|-damage|p1a: Slowbro|62\/100 psn|[from] psn\n|upkeep\n|turn|125\n|\n|t:|1665841230\n|switch|p1a: Weavile|Weavile, M|8\/100\n|-damage|p1a: Weavile|0 fnt|[from] Stealth Rock\n|faint|p1a: Weavile\n|move|p2a: Gliscor|Roost|p2a: Gliscor\n|-heal|p2a: Gliscor|82\/100 tox\n|-singleturn|p2a: Gliscor|move: Roost\n|\n|-heal|p2a: Gliscor|94\/100 tox|[from] ability: Poison Heal\n|upkeep\n|\n|t:|1665841233\n|switch|p1a: Slowbro|Slowbro, M|95\/100 psn\n|-damage|p1a: Slowbro|83\/100 psn|[from] Stealth Rock\n|-damage|p1a: Slowbro|66\/100 psn|[from] Spikes\n|turn|126\n|\n|t:|1665841241\n|move|p2a: Gliscor|Earthquake|p1a: Slowbro\n|-damage|p1a: Slowbro|0 fnt\n|faint|p1a: Slowbro\n|\n|-heal|p2a: Gliscor|100\/100 tox|[from] ability: Poison Heal\n|upkeep\n|-message|Redflix forfeited.\n|\n|win|MangoSteak\n","uploadtime":1665841249,"views":21,"p1id":"redflix","p2id":"mangosteak","formatid":"gen7ou","rating":0,"private":0,"password":null}