{"id":"smogtours-gen4ubers-628331","p1":"Alkione","p2":"Raph369","format":"gen4ubers","log":"|inactive|Battle timer is ON: inactive players will automatically lose when time's up.\n|t:|1653605684\n|gametype|singles\n|player|p1|Alkione|#splxisharks|\n|player|p2|Raph369|archer|\n|teamsize|p1|6\n|teamsize|p2|6\n|gen|4\n|tier|[Gen 4] Ubers\n|rule|Sleep Clause Mod: Limit one foe put to sleep\n|rule|Species Clause: Limit one of each Pok\u00e9mon\n|rule|OHKO Clause: OHKO moves are banned\n|rule|Evasion Moves Clause: Evasion moves are banned\n|rule|Endless Battle Clause: Forcing endless battles is banned\n|rule|HP Percentage Mod: HP is shown in percentages\n|\n|t:|1653605684\n|start\n|switch|p1a: Deoxys|Deoxys-Speed|100\/100\n|switch|p2a: Kyogre|Kyogre|100\/100\n|-ability|p1a: Deoxys|Pressure\n|-weather|RainDance|[from] ability: Drizzle|[of] p2a: Kyogre\n|turn|1\n|c|\u2606Alkione|Hf\n|c|\u2606Raph369|hf\n|c|+plat27|upl?\n|\n|t:|1653605713\n|move|p1a: Deoxys|Spikes|p2a: Kyogre\n|-sidestart|p2: Raph369|Spikes\n|move|p2a: Kyogre|Water Spout|p1a: Deoxys\n|-damage|p1a: Deoxys|0 fnt\n|faint|p1a: Deoxys\n|\n|-weather|RainDance|[upkeep]\n|upkeep\n|c|+edgar|seasonal\n|\n|t:|1653605725\n|switch|p1a: Dialga|Dialga|100\/100\n|-ability|p1a: Dialga|Pressure\n|turn|2\n|inactive|Raph369 has 270 seconds left.\n|c|+Nael222|t nul Raph \n|c|+Nael222|lache sa\n|\n|t:|1653605771\n|switch|p2a: Jirachi|Jirachi|100\/100\n|-damage|p2a: Jirachi|88\/100|[from] Spikes\n|move|p1a: Dialga|Thunder|p2a: Jirachi\n|-damage|p2a: Jirachi|62\/100\n|-status|p2a: Jirachi|par\n|\n|-weather|RainDance|[upkeep]\n|-heal|p2a: Jirachi|68\/100 par|[from] item: Leftovers\n|upkeep\n|turn|3\n|\n|t:|1653605782\n|move|p1a: Dialga|Earth Power|p2a: Jirachi\n|-supereffective|p2a: Jirachi\n|-damage|p2a: Jirachi|27\/100 par\n|-unboost|p2a: Jirachi|spd|1\n|move|p2a: Jirachi|Stealth Rock|p1a: Dialga\n|-sidestart|p1: Alkione|move: Stealth Rock\n|\n|-weather|RainDance|[upkeep]\n|-heal|p2a: Jirachi|33\/100 par|[from] item: Leftovers\n|upkeep\n|turn|4\n|\n|t:|1653605788\n|move|p2a: Jirachi|Protect|p2a: Jirachi\n|-singleturn|p2a: Jirachi|Protect\n|move|p1a: Dialga|Thunder|p2a: Jirachi\n|-activate|p2a: Jirachi|Protect\n|\n|-weather|RainDance|[upkeep]\n|-heal|p2a: Jirachi|39\/100 par|[from] item: Leftovers\n|upkeep\n|turn|5\n|inactive|Raph369 has 270 seconds left.\n|inactive|Raph369 has 240 seconds left.\n|c|+Expulso|Mdrrr\n|inactive|Raph369 has 210 seconds left.\n|inactive|Raph369 has 180 seconds left.\n|\n|t:|1653605903\n|move|p2a: Jirachi|Protect|p2a: Jirachi\n|-singleturn|p2a: Jirachi|Protect\n|move|p1a: Dialga|Earth Power|p2a: Jirachi\n|-activate|p2a: Jirachi|Protect\n|\n|-weather|RainDance|[upkeep]\n|-heal|p2a: Jirachi|46\/100 par|[from] item: Leftovers\n|upkeep\n|turn|6\n|\n|t:|1653605919\n|switch|p2a: Latios|Latios, M|100\/100\n|move|p1a: Dialga|Earth Power|p2a: Latios\n|-immune|p2a: Latios|[from] ability: Levitate\n|\n|-weather|RainDance|[upkeep]\n|upkeep\n|turn|7\n|\n|t:|1653605929\n|switch|p2a: Jirachi|Jirachi|46\/100 par\n|-damage|p2a: Jirachi|33\/100 par|[from] Spikes\n|switch|p1a: Bronzong|Bronzong|100\/100\n|-damage|p1a: Bronzong|94\/100|[from] Stealth Rock\n|\n|-weather|RainDance|[upkeep]\n|-heal|p1a: Bronzong|100\/100|[from] item: Leftovers\n|-heal|p2a: Jirachi|39\/100 par|[from] item: Leftovers\n|upkeep\n|turn|8\n|\n|t:|1653605936\n|switch|p2a: Magnezone|Magnezone|100\/100\n|-damage|p2a: Magnezone|88\/100|[from] Spikes\n|move|p1a: Bronzong|Earthquake|p2a: Magnezone\n|-supereffective|p2a: Magnezone\n|-damage|p2a: Magnezone|1\/100\n|\n|-weather|RainDance|[upkeep]\n|upkeep\n|turn|9\n|\n|t:|1653605947\n|-enditem|p2a: Magnezone|Custap Berry|[eat]\n|-message|Custap Berry activated.\n|move|p2a: Magnezone|Magnet Rise|p2a: Magnezone\n|-start|p2a: Magnezone|Magnet Rise\n|move|p1a: Bronzong|Stealth Rock|p2a: Magnezone\n|-sidestart|p2: Raph369|move: Stealth Rock\n|\n|-weather|RainDance|[upkeep]\n|upkeep\n|turn|10\n|c|+Lasen|EV'd\n|c|+Lasen|LOL\n|c|+Lasen|bot\n|c|+Lasen|bot\n|c|+Perry|i dont understand what happened but sure\n|\n|t:|1653605970\n|move|p2a: Magnezone|Thunder|p1a: Bronzong\n|-damage|p1a: Bronzong|62\/100\n|-status|p1a: Bronzong|par\n|move|p1a: Bronzong|Explosion|p2a: Magnezone\n|-resisted|p2a: Magnezone\n|-damage|p2a: Magnezone|0 fnt\n|faint|p1a: Bronzong\n|faint|p2a: Magnezone\n|\n|-weather|RainDance|[upkeep]\n|upkeep\n|\n|t:|1653605989\n|switch|p2a: Latios|Latios, M|100\/100\n|switch|p1a: Dialga|Dialga|100\/100\n|-damage|p2a: Latios|88\/100|[from] Stealth Rock\n|-damage|p1a: Dialga|94\/100|[from] Stealth Rock\n|-ability|p1a: Dialga|Pressure\n|turn|11\n|\n|t:|1653605995\n|move|p2a: Latios|Draco Meteor|p1a: Dialga|[miss]\n|-miss|p2a: Latios|p1a: Dialga\n|move|p1a: Dialga|Draco Meteor|p2a: Latios\n|-supereffective|p2a: Latios\n|-damage|p2a: Latios|0 fnt\n|-unboost|p1a: Dialga|spa|2\n|faint|p2a: Latios\n|\n|-weather|RainDance|[upkeep]\n|-heal|p1a: Dialga|100\/100|[from] item: Leftovers\n|upkeep\n|\n|t:|1653606004\n|switch|p2a: Dialga|Dialga|100\/100\n|-damage|p2a: Dialga|88\/100|[from] Spikes\n|-damage|p2a: Dialga|82\/100|[from] Stealth Rock\n|-ability|p2a: Dialga|Pressure\n|turn|12\n|\n|t:|1653606015\n|switch|p1a: Kyogre|Kyogre|100\/100\n|-damage|p1a: Kyogre|88\/100|[from] Stealth Rock\n|move|p2a: Dialga|Bulk Up|p2a: Dialga\n|-boost|p2a: Dialga|atk|1\n|-boost|p2a: Dialga|def|1\n|\n|-weather|RainDance|[upkeep]\n|-heal|p2a: Dialga|88\/100|[from] item: Leftovers\n|-heal|p1a: Kyogre|94\/100|[from] item: Leftovers\n|upkeep\n|turn|13\n|\n|t:|1653606022\n|move|p2a: Dialga|Substitute|p2a: Dialga\n|-start|p2a: Dialga|Substitute\n|-damage|p2a: Dialga|63\/100\n|move|p1a: Kyogre|Thunder Wave||[still]\n|-fail|p1a: Kyogre\n|\n|-weather|RainDance|[upkeep]\n|-heal|p2a: Dialga|69\/100|[from] item: Leftovers\n|-heal|p1a: Kyogre|100\/100|[from] item: Leftovers\n|upkeep\n|turn|14\n|\n|t:|1653606028\n|move|p2a: Dialga|Dragon Claw|p1a: Kyogre\n|-damage|p1a: Kyogre|62\/100\n|move|p1a: Kyogre|Ice Beam|p2a: Dialga\n|-activate|p2a: Dialga|Substitute|[damage]\n|\n|-weather|RainDance|[upkeep]\n|-heal|p2a: Dialga|75\/100|[from] item: Leftovers\n|-heal|p1a: Kyogre|68\/100|[from] item: Leftovers\n|upkeep\n|turn|15\n|\n|t:|1653606036\n|move|p2a: Dialga|Dragon Claw|p1a: Kyogre\n|-crit|p1a: Kyogre\n|-damage|p1a: Kyogre|0 fnt\n|faint|p1a: Kyogre\n|\n|-weather|RainDance|[upkeep]\n|-heal|p2a: Dialga|82\/100|[from] item: Leftovers\n|upkeep\n|\n|t:|1653606041\n|switch|p1a: Dialga|Dialga|100\/100\n|-damage|p1a: Dialga|94\/100|[from] Stealth Rock\n|-ability|p1a: Dialga|Pressure\n|turn|16\n|\n|t:|1653606047\n|move|p2a: Dialga|Protect|p2a: Dialga\n|-singleturn|p2a: Dialga|Protect\n|move|p1a: Dialga|Roar|p2a: Dialga\n|-activate|p2a: Dialga|Protect\n|\n|-weather|RainDance|[upkeep]\n|-heal|p1a: Dialga|100\/100|[from] item: Leftovers\n|-heal|p2a: Dialga|88\/100|[from] item: Leftovers\n|upkeep\n|turn|17\n|\n|t:|1653606051\n|move|p2a: Dialga|Dragon Claw|p1a: Dialga\n|-damage|p1a: Dialga|63\/100\n|move|p1a: Dialga|Roar|p2a: Dialga\n|drag|p2a: Kyogre|Kyogre|100\/100\n|-damage|p2a: Kyogre|88\/100|[from] Spikes\n|-damage|p2a: Kyogre|76\/100|[from] Stealth Rock\n|\n|-weather|RainDance|[upkeep]\n|-heal|p1a: Dialga|69\/100|[from] item: Leftovers\n|upkeep\n|turn|18\n|\n|t:|1653606061\n|switch|p2a: Jirachi|Jirachi|39\/100 par\n|-damage|p2a: Jirachi|27\/100 par|[from] Spikes\n|-damage|p2a: Jirachi|21\/100 par|[from] Stealth Rock\n|move|p1a: Dialga|Thunder|p2a: Jirachi\n|-damage|p2a: Jirachi|0 fnt\n|faint|p2a: Jirachi\n|\n|-weather|RainDance|[upkeep]\n|-heal|p1a: Dialga|75\/100|[from] item: Leftovers\n|upkeep\n|\n|t:|1653606068\n|switch|p2a: Mewtwo|Mewtwo|100\/100\n|-damage|p2a: Mewtwo|88\/100|[from] Spikes\n|-damage|p2a: Mewtwo|75\/100|[from] Stealth Rock\n|-ability|p2a: Mewtwo|Pressure\n|turn|19\n|\n|t:|1653606079\n|move|p2a: Mewtwo|Will-O-Wisp|p1a: Dialga\n|-status|p1a: Dialga|brn\n|move|p1a: Dialga|Draco Meteor|p2a: Mewtwo\n|-damage|p2a: Mewtwo|9\/100\n|-unboost|p1a: Dialga|spa|2\n|\n|-weather|RainDance|[upkeep]\n|-heal|p2a: Mewtwo|15\/100|[from] item: Leftovers\n|-heal|p1a: Dialga|81\/100 brn|[from] item: Leftovers\n|-damage|p1a: Dialga|69\/100 brn|[from] brn\n|upkeep\n|turn|20\n|\n|t:|1653606086\n|move|p2a: Mewtwo|Recover|p2a: Mewtwo\n|-heal|p2a: Mewtwo|65\/100\n|move|p1a: Dialga|Roar|p2a: Mewtwo\n|drag|p2a: Dialga|Dialga|88\/100\n|-damage|p2a: Dialga|75\/100|[from] Spikes\n|-damage|p2a: Dialga|69\/100|[from] Stealth Rock\n|-ability|p2a: Dialga|Pressure\n|\n|-weather|RainDance|[upkeep]\n|-heal|p1a: Dialga|75\/100 brn|[from] item: Leftovers\n|-damage|p1a: Dialga|63\/100 brn|[from] brn\n|-heal|p2a: Dialga|75\/100|[from] item: Leftovers\n|upkeep\n|turn|21\n|inactive|Raph369 has 270 seconds left.\n|\n|t:|1653606094\n|move|p2a: Dialga|Protect|p2a: Dialga\n|-singleturn|p2a: Dialga|Protect\n|move|p1a: Dialga|Roar|p2a: Dialga\n|-activate|p2a: Dialga|Protect\n|\n|-weather|RainDance|[upkeep]\n|-heal|p1a: Dialga|69\/100 brn|[from] item: Leftovers\n|-damage|p1a: Dialga|56\/100 brn|[from] brn\n|-heal|p2a: Dialga|82\/100|[from] item: Leftovers\n|upkeep\n|turn|22\n|\n|t:|1653606104\n|move|p2a: Dialga|Dragon Claw|p1a: Dialga\n|-damage|p1a: Dialga|35\/100 brn\n|move|p1a: Dialga|Roar|p2a: Dialga\n|drag|p2a: Mewtwo|Mewtwo|65\/100\n|-damage|p2a: Mewtwo|53\/100|[from] Spikes\n|-damage|p2a: Mewtwo|40\/100|[from] Stealth Rock\n|-ability|p2a: Mewtwo|Pressure\n|\n|-weather|RainDance|[upkeep]\n|-heal|p2a: Mewtwo|46\/100|[from] item: Leftovers\n|-heal|p1a: Dialga|41\/100 brn|[from] item: Leftovers\n|-damage|p1a: Dialga|28\/100 brn|[from] brn\n|upkeep\n|turn|23\n|\n|t:|1653606111\n|move|p2a: Mewtwo|Recover|p2a: Mewtwo\n|-heal|p2a: Mewtwo|96\/100\n|move|p1a: Dialga|Roar|p2a: Mewtwo\n|drag|p2a: Kyogre|Kyogre|76\/100\n|-damage|p2a: Kyogre|64\/100|[from] Spikes\n|-damage|p2a: Kyogre|51\/100|[from] Stealth Rock\n|\n|-weather|RainDance|[upkeep]\n|-heal|p1a: Dialga|35\/100 brn|[from] item: Leftovers\n|-damage|p1a: Dialga|22\/100 brn|[from] brn\n|upkeep\n|turn|24\n|\n|t:|1653606125\n|move|p2a: Kyogre|Surf|p1a: Dialga\n|-resisted|p1a: Dialga\n|-damage|p1a: Dialga|0 fnt\n|faint|p1a: Dialga\n|\n|-weather|RainDance|[upkeep]\n|upkeep\n|inactive|Alkione has 270 seconds left.\n|\n|t:|1653606161\n|switch|p1a: Giratina|Giratina-Origin|100\/100\n|-damage|p1a: Giratina|88\/100|[from] Stealth Rock\n|turn|25\n|\n|t:|1653606171\n|move|p2a: Kyogre|Surf|p1a: Giratina\n|-resisted|p1a: Giratina\n|-damage|p1a: Giratina|50\/100\n|move|p1a: Giratina|Thunder|p2a: Kyogre\n|-supereffective|p2a: Kyogre\n|-damage|p2a: Kyogre|0 fnt\n|faint|p2a: Kyogre\n|\n|-weather|RainDance|[upkeep]\n|upkeep\n|\n|t:|1653606174\n|switch|p2a: Mewtwo|Mewtwo|96\/100\n|-damage|p2a: Mewtwo|84\/100|[from] Spikes\n|-damage|p2a: Mewtwo|71\/100|[from] Stealth Rock\n|-ability|p2a: Mewtwo|Pressure\n|turn|26\n|\n|t:|1653606180\n|move|p1a: Giratina|Shadow Sneak|p2a: Mewtwo\n|-supereffective|p2a: Mewtwo\n|-damage|p2a: Mewtwo|45\/100\n|move|p2a: Mewtwo|Will-O-Wisp|p1a: Giratina\n|-status|p1a: Giratina|brn\n|\n|-weather|RainDance|[upkeep]\n|-heal|p2a: Mewtwo|51\/100|[from] item: Leftovers\n|-damage|p1a: Giratina|38\/100 brn|[from] brn\n|upkeep\n|turn|27\n|\n|t:|1653606187\n|move|p2a: Mewtwo|Recover|p2a: Mewtwo\n|-heal|p2a: Mewtwo|100\/100\n|move|p1a: Giratina|Thunder|p2a: Mewtwo\n|-damage|p2a: Mewtwo|64\/100\n|\n|-weather|RainDance|[upkeep]\n|-heal|p2a: Mewtwo|70\/100|[from] item: Leftovers\n|-damage|p1a: Giratina|25\/100 brn|[from] brn\n|upkeep\n|turn|28\n|\n|t:|1653606194\n|move|p2a: Mewtwo|Ice Beam|p1a: Giratina\n|-supereffective|p1a: Giratina\n|-damage|p1a: Giratina|0 fnt\n|faint|p1a: Giratina\n|\n|-weather|RainDance|[upkeep]\n|-heal|p2a: Mewtwo|76\/100|[from] item: Leftovers\n|upkeep\n|\n|t:|1653606196\n|switch|p1a: Kabutops|Kabutops, M|100\/100\n|-damage|p1a: Kabutops|88\/100|[from] Stealth Rock\n|turn|29\n|\n|t:|1653606201\n|move|p1a: Kabutops|Waterfall|p2a: Mewtwo\n|-damage|p2a: Mewtwo|15\/100\n|-damage|p1a: Kabutops|78\/100|[from] item: Life Orb\n|cant|p2a: Mewtwo|flinch\n|\n|-weather|RainDance|[upkeep]\n|-heal|p2a: Mewtwo|22\/100|[from] item: Leftovers\n|upkeep\n|turn|30\n|\n|t:|1653606207\n|move|p1a: Kabutops|Waterfall|p2a: Mewtwo\n|-damage|p2a: Mewtwo|0 fnt\n|faint|p2a: Mewtwo\n|-damage|p1a: Kabutops|69\/100|[from] item: Life Orb\n|\n|-weather|RainDance|[upkeep]\n|upkeep\n|c|+Perry|...\n|c|+Highlord|kek\n|c|+Nael222|perfect\n|inactive|Raph369 has 270 seconds left.\n|\n|t:|1653606244\n|switch|p2a: Dialga|Dialga|82\/100\n|-damage|p2a: Dialga|69\/100|[from] Spikes\n|-damage|p2a: Dialga|63\/100|[from] Stealth Rock\n|-ability|p2a: Dialga|Pressure\n|turn|31\n|inactive|Raph369 has 270 seconds left.\n|\n|t:|1653606250\n|move|p2a: Dialga|Protect|p2a: Dialga\n|-singleturn|p2a: Dialga|Protect\n|move|p1a: Kabutops|Low Kick|p2a: Dialga\n|-activate|p2a: Dialga|Protect\n|\n|-weather|RainDance|[upkeep]\n|-heal|p2a: Dialga|69\/100|[from] item: Leftovers\n|upkeep\n|turn|32\n|inactive|Raph369 has 270 seconds left.\n|\n|t:|1653606266\n|move|p2a: Dialga|Protect||[still]\n|-fail|p2a: Dialga\n|move|p1a: Kabutops|Low Kick|p2a: Dialga\n|-supereffective|p2a: Dialga\n|-damage|p2a: Dialga|0 fnt\n|faint|p2a: Dialga\n|-damage|p1a: Kabutops|59\/100|[from] item: Life Orb\n|\n|win|Alkione\n|c|\u2606Raph369|gg\n|c|\u2606Alkione|Gg\n","uploadtime":1653606267,"views":483,"p1id":"alkione","p2id":"raph369","formatid":"gen4ubers","rating":0,"private":0,"password":null}