{"id":"smogtours-gen4ou-647876","p1":"gilbert arenas(","p2":"Mimikyu Stardust","format":"gen4ou","log":"|inactive|Battle timer is ON: inactive players will automatically lose when time's up.\n|t:|1662916213\n|gametype|singles\n|player|p1|gilbert arenas(|#splxiiityrants|\n|player|p2|Mimikyu Stardust|#mimikyustardust|\n|teamsize|p1|6\n|teamsize|p2|6\n|gen|4\n|tier|[Gen 4] OU\n|rule|Sleep Clause Mod: Limit one foe put to sleep\n|rule|Species Clause: Limit one of each Pok\u00e9mon\n|rule|OHKO Clause: OHKO moves are banned\n|rule|Evasion Items Clause: Evasion items are banned\n|rule|Evasion Moves Clause: Evasion moves are banned\n|rule|Endless Battle Clause: Forcing endless battles is banned\n|rule|HP Percentage Mod: HP is shown in percentages\n|rule|Freeze Clause Mod: Limit one foe frozen\n|\n|t:|1662916213\n|start\n|switch|p1a: Bronzong|Bronzong|100\/100\n|switch|p2a: Skarmory|Skarmory, F|100\/100\n|turn|1\n|c|\u2606Mimikyu Stardust|hf\n|\n|t:|1662916232\n|switch|p1a: Magnezone|Magnezone|100\/100\n|move|p2a: Skarmory|Taunt|p1a: Magnezone\n|-start|p1a: Magnezone|move: Taunt\n|\n|upkeep\n|turn|2\n|\n|t:|1662916241\n|move|p1a: Magnezone|Thunderbolt|p2a: Skarmory\n|-supereffective|p2a: Skarmory\n|-damage|p2a: Skarmory|1\/100\n|-enditem|p2a: Skarmory|Focus Sash\n|move|p2a: Skarmory|Stealth Rock|p1a: Magnezone\n|-sidestart|p1: gilbert arenas(|move: Stealth Rock\n|\n|upkeep\n|turn|3\n|\n|t:|1662916246\n|move|p1a: Magnezone|Thunderbolt|p2a: Skarmory\n|-supereffective|p2a: Skarmory\n|-damage|p2a: Skarmory|0 fnt\n|faint|p2a: Skarmory\n|\n|-end|p1a: Magnezone|move: Taunt\n|upkeep\n|\n|t:|1662916251\n|switch|p2a: Latias|Latias, F|100\/100\n|turn|4\n|\n|t:|1662916257\n|move|p1a: Magnezone|Thunderbolt|p2a: Latias\n|-resisted|p2a: Latias\n|-damage|p2a: Latias|78\/100\n|-status|p2a: Latias|par\n|cant|p2a: Latias|par\n|\n|upkeep\n|turn|5\n|\n|t:|1662916260\n|switch|p1a: Bronzong|Bronzong|100\/100\n|-damage|p1a: Bronzong|94\/100|[from] Stealth Rock\n|move|p2a: Latias|Hidden Power|p1a: Bronzong\n|-immune|p1a: Bronzong|[from] ability: Levitate\n|\n|upkeep\n|turn|6\n|\n|t:|1662916263\n|switch|p2a: Rotom|Rotom-Wash|100\/100\n|move|p1a: Bronzong|Stealth Rock|p2a: Rotom\n|-sidestart|p2: Mimikyu Stardust|move: Stealth Rock\n|\n|upkeep\n|turn|7\n|\n|t:|1662916265\n|move|p2a: Rotom|Thunderbolt|p1a: Bronzong\n|-damage|p1a: Bronzong|37\/100\n|move|p1a: Bronzong|Payback|p2a: Rotom\n|-supereffective|p2a: Rotom\n|-damage|p2a: Rotom|18\/100\n|\n|upkeep\n|turn|8\n|\n|t:|1662916269\n|switch|p1a: Mamoswine|Mamoswine, M|100\/100\n|-damage|p1a: Mamoswine|88\/100|[from] Stealth Rock\n|move|p2a: Rotom|Thunderbolt|p1a: Mamoswine\n|-immune|p1a: Mamoswine\n|\n|-heal|p1a: Mamoswine|94\/100|[from] item: Leftovers\n|upkeep\n|turn|9\n|\n|t:|1662916274\n|switch|p2a: Suicune|Suicune|100\/100\n|-damage|p2a: Suicune|88\/100|[from] Stealth Rock\n|-ability|p2a: Suicune|Pressure\n|move|p1a: Mamoswine|Ice Shard|p2a: Suicune\n|-resisted|p2a: Suicune\n|-damage|p2a: Suicune|79\/100\n|\n|-heal|p2a: Suicune|85\/100|[from] item: Leftovers\n|-heal|p1a: Mamoswine|99\/100|[from] item: Leftovers\n|upkeep\n|turn|10\n|\n|t:|1662916285\n|switch|p1a: Magnezone|Magnezone|100\/100\n|-damage|p1a: Magnezone|94\/100|[from] Stealth Rock\n|move|p2a: Suicune|Hydro Pump|p1a: Magnezone\n|-crit|p1a: Magnezone\n|-damage|p1a: Magnezone|0 fnt\n|faint|p1a: Magnezone\n|\n|-heal|p2a: Suicune|91\/100|[from] item: Leftovers\n|upkeep\n|\n|t:|1662916290\n|switch|p1a: Latias|Latias, F|100\/100\n|-damage|p1a: Latias|88\/100|[from] Stealth Rock\n|turn|11\n|\n|t:|1662916293\n|switch|p2a: Rotom|Rotom-Wash|18\/100\n|-damage|p2a: Rotom|5\/100|[from] Stealth Rock\n|move|p1a: Latias|Calm Mind|p1a: Latias\n|-boost|p1a: Latias|spa|1\n|-boost|p1a: Latias|spd|1\n|\n|-heal|p1a: Latias|94\/100|[from] item: Leftovers\n|upkeep\n|turn|12\n|\n|t:|1662916295\n|move|p1a: Latias|Dragon Pulse|p2a: Rotom\n|-damage|p2a: Rotom|0 fnt\n|faint|p2a: Rotom\n|\n|-heal|p1a: Latias|99\/100|[from] item: Leftovers\n|upkeep\n|\n|t:|1662916297\n|switch|p2a: Metagross|Metagross|100\/100\n|-damage|p2a: Metagross|94\/100|[from] Stealth Rock\n|turn|13\n|\n|t:|1662916299\n|move|p1a: Latias|Hidden Power|p2a: Metagross\n|-supereffective|p2a: Metagross\n|-damage|p2a: Metagross|51\/100\n|move|p2a: Metagross|Trick|p1a: Latias\n|-activate|p2a: Metagross|move: Trick|[of] p1a: Latias\n|-item|p1a: Latias|Iron Ball|[from] move: Trick\n|-item|p2a: Metagross|Leftovers|[from] move: Trick\n|\n|-heal|p2a: Metagross|57\/100|[from] item: Leftovers\n|upkeep\n|turn|14\n|\n|t:|1662916305\n|switch|p1a: Starmie|Starmie|100\/100\n|-damage|p1a: Starmie|88\/100|[from] Stealth Rock\n|move|p2a: Metagross|Meteor Mash|p1a: Starmie\n|-resisted|p1a: Starmie\n|-damage|p1a: Starmie|56\/100\n|-boost|p2a: Metagross|atk|1\n|\n|-heal|p1a: Starmie|62\/100|[from] item: Leftovers\n|-heal|p2a: Metagross|63\/100|[from] item: Leftovers\n|upkeep\n|turn|15\n|\n|t:|1662916309\n|move|p1a: Starmie|Rapid Spin|p2a: Metagross\n|-resisted|p2a: Metagross\n|-damage|p2a: Metagross|62\/100\n|-sideend|p1: gilbert arenas(|Stealth Rock|[from] move: Rapid Spin|[of] p1a: Starmie\n|move|p2a: Metagross|Earthquake|p1a: Starmie\n|-crit|p1a: Starmie\n|-damage|p1a: Starmie|0 fnt\n|faint|p1a: Starmie\n|\n|-heal|p2a: Metagross|68\/100|[from] item: Leftovers\n|upkeep\n|\n|t:|1662916311\n|switch|p1a: Mamoswine|Mamoswine, M|99\/100\n|turn|16\n|\n|t:|1662916315\n|switch|p2a: Latias|Latias, F|78\/100 par\n|-damage|p2a: Latias|66\/100 par|[from] Stealth Rock\n|move|p1a: Mamoswine|Earthquake|p2a: Latias\n|-immune|p2a: Latias|[from] ability: Levitate\n|\n|-heal|p1a: Mamoswine|100\/100|[from] item: Leftovers\n|upkeep\n|turn|17\n|\n|t:|1662916318\n|move|p1a: Mamoswine|Ice Fang|p2a: Latias\n|-supereffective|p2a: Latias\n|-damage|p2a: Latias|0 fnt\n|faint|p2a: Latias\n|\n|upkeep\n|\n|t:|1662916322\n|switch|p2a: Suicune|Suicune|91\/100\n|-damage|p2a: Suicune|79\/100|[from] Stealth Rock\n|-ability|p2a: Suicune|Pressure\n|turn|18\n|\n|t:|1662916324\n|switch|p1a: Bronzong|Bronzong|37\/100\n|move|p2a: Suicune|Hydro Pump|p1a: Bronzong\n|-damage|p1a: Bronzong|0 fnt\n|faint|p1a: Bronzong\n|\n|-heal|p2a: Suicune|85\/100|[from] item: Leftovers\n|upkeep\n|\n|t:|1662916326\n|switch|p1a: Breloom|Breloom, M|100\/100\n|turn|19\n|\n|t:|1662916331\n|switch|p2a: Metagross|Metagross|68\/100\n|-damage|p2a: Metagross|62\/100|[from] Stealth Rock\n|move|p1a: Breloom|Spore|p2a: Metagross\n|-status|p2a: Metagross|slp|[from] move: Spore\n|\n|-status|p1a: Breloom|tox|[from] item: Toxic Orb\n|-heal|p2a: Metagross|68\/100 slp|[from] item: Leftovers\n|upkeep\n|turn|20\n|\n|t:|1662916338\n|switch|p1a: Mamoswine|Mamoswine, M|100\/100\n|cant|p2a: Metagross|slp\n|\n|-heal|p2a: Metagross|74\/100 slp|[from] item: Leftovers\n|upkeep\n|turn|21\n|\n|t:|1662916341\n|move|p1a: Mamoswine|Earthquake|p2a: Metagross\n|-supereffective|p2a: Metagross\n|-damage|p2a: Metagross|0 fnt\n|faint|p2a: Metagross\n|\n|upkeep\n|\n|t:|1662916343\n|switch|p2a: Suicune|Suicune|85\/100\n|-damage|p2a: Suicune|73\/100|[from] Stealth Rock\n|-ability|p2a: Suicune|Pressure\n|turn|22\n|\n|t:|1662916345\n|move|p2a: Suicune|Calm Mind|p2a: Suicune\n|-boost|p2a: Suicune|spa|1\n|-boost|p2a: Suicune|spd|1\n|move|p1a: Mamoswine|Earthquake|p2a: Suicune\n|-damage|p2a: Suicune|25\/100\n|\n|-heal|p2a: Suicune|31\/100|[from] item: Leftovers\n|upkeep\n|turn|23\n|\n|t:|1662916349\n|move|p2a: Suicune|Hydro Pump|p1a: Mamoswine\n|-supereffective|p1a: Mamoswine\n|-damage|p1a: Mamoswine|0 fnt\n|faint|p1a: Mamoswine\n|\n|-heal|p2a: Suicune|37\/100|[from] item: Leftovers\n|upkeep\n|\n|t:|1662916350\n|switch|p1a: Latias|Latias, F|99\/100\n|turn|24\n|\n|t:|1662916355\n|move|p2a: Suicune|Ice Beam|p1a: Latias\n|-supereffective|p1a: Latias\n|-damage|p1a: Latias|47\/100\n|move|p1a: Latias|Calm Mind|p1a: Latias\n|-boost|p1a: Latias|spa|1\n|-boost|p1a: Latias|spd|1\n|\n|-heal|p2a: Suicune|43\/100|[from] item: Leftovers\n|upkeep\n|turn|25\n|\n|t:|1662916358\n|move|p2a: Suicune|Ice Beam|p1a: Latias\n|-supereffective|p1a: Latias\n|-damage|p1a: Latias|7\/100\n|move|p1a: Latias|Dragon Pulse|p2a: Suicune\n|-damage|p2a: Suicune|11\/100\n|\n|-heal|p2a: Suicune|17\/100|[from] item: Leftovers\n|upkeep\n|turn|26\n|\n|t:|1662916360\n|move|p2a: Suicune|Ice Beam|p1a: Latias\n|-supereffective|p1a: Latias\n|-damage|p1a: Latias|0 fnt\n|faint|p1a: Latias\n|\n|-heal|p2a: Suicune|24\/100|[from] item: Leftovers\n|upkeep\n|\n|t:|1662916361\n|switch|p1a: Breloom|Breloom, M|100\/100 tox\n|turn|27\n|\n|t:|1662916364\n|move|p1a: Breloom|Mach Punch|p2a: Suicune\n|-damage|p2a: Suicune|6\/100\n|move|p2a: Suicune|Ice Beam|p1a: Breloom\n|-supereffective|p1a: Breloom\n|-damage|p1a: Breloom|0 fnt\n|faint|p1a: Breloom\n|\n|win|Mimikyu Stardust\n","uploadtime":1662916365,"views":12,"p1id":"gilbertarenas","p2id":"mimikyustardust","formatid":"gen4ou","rating":0,"private":0,"password":null}