{"id":"smogtours-gen5ou-554856","p1":"airfare!?","p2":"Goootzinho","format":"gen5ou","log":"|inactive|Battle timer is ON: inactive players will automatically lose when time's up.\n|t:|1618082901\n|gametype|singles\n|player|p1|airfare!?|shelly|\n|player|p2|Goootzinho|galacticgrunt|\n|teamsize|p1|6\n|teamsize|p2|6\n|gen|5\n|tier|[Gen 5] OU\n|clearpoke\n|poke|p1|Latios, M|item\n|poke|p1|Jirachi|item\n|poke|p1|Magnezone|item\n|poke|p1|Reuniclus, F|item\n|poke|p1|Garchomp, M|item\n|poke|p1|Kyurem-Black|item\n|poke|p2|Xatu, F|item\n|poke|p2|Latios, M|item\n|poke|p2|Jirachi|item\n|poke|p2|Hippowdon, F|item\n|poke|p2|Rotom-Wash|item\n|poke|p2|Terrakion|item\n|rule|Species Clause: Limit one of each Pok\u00e9mon\n|rule|OHKO Clause: OHKO moves are banned\n|rule|Moody Clause: Moody is banned\n|rule|Evasion Moves Clause: Evasion moves are banned\n|rule|Endless Battle Clause: Forcing endless battles is banned\n|rule|HP Percentage Mod: HP is shown in percentages\n|rule|Evasion Abilities Clause: Evasion abilities are banned\n|rule|Baton Pass Clause: Limit one Baton Passer, can't pass Spe and other stats simultaneously\n|rule|Sleep Clause: Sleep-inducing moves are banned\n|rule|Swagger Clause: Swagger is banned\n|teampreview\n|c|\u2606airfare!?|hf\n|c|\u2606Goootzinho|u2\n|inactive|Goootzinho has 270 seconds left.\n|\n|t:|1618082959\n|start\n|switch|p1a: Jirachi|Jirachi|100\/100\n|switch|p2a: Shiny Happy People|Hippowdon, F|100\/100\n|-weather|Sandstorm|[from] ability: Sand Stream|[of] p2a: Shiny Happy People\n|turn|1\n|\n|t:|1618082965\n|move|p1a: Jirachi|Stealth Rock|p2a: Shiny Happy People\n|-sidestart|p2: Goootzinho|move: Stealth Rock\n|move|p2a: Shiny Happy People|Stealth Rock|p1a: Jirachi\n|-sidestart|p1: airfare!?|move: Stealth Rock\n|\n|-weather|Sandstorm|[upkeep]\n|upkeep\n|turn|2\n|inactive|Goootzinho has 270 seconds left.\n|\n|t:|1618083003\n|switch|p2a: Shining|Rotom-Wash, shiny|100\/100\n|-damage|p2a: Shining|88\/100|[from] Stealth Rock\n|move|p1a: Jirachi|U-turn|p2a: Shining\n|-damage|p2a: Shining|73\/100\n|inactive|airfare!? has 270 seconds left.\n|\n|t:|1618083039\n|switch|p1a: Latios|Latios, M|100\/100|[from]move: U-turn\n|-damage|p1a: Latios|88\/100|[from] Stealth Rock\n|\n|-weather|Sandstorm|[upkeep]\n|-damage|p1a: Latios|82\/100|[from] Sandstorm\n|-damage|p2a: Shining|67\/100|[from] Sandstorm\n|-heal|p2a: Shining|73\/100|[from] item: Leftovers\n|upkeep\n|turn|3\n|inactive|Goootzinho has 270 seconds left.\n|\n|t:|1618083067\n|move|p1a: Latios|Draco Meteor|p2a: Shining\n|-damage|p2a: Shining|6\/100\n|-unboost|p1a: Latios|spa|2\n|move|p2a: Shining|Volt Switch|p1a: Latios\n|-resisted|p1a: Latios\n|-damage|p1a: Latios|69\/100\n|inactive|Goootzinho has 240 seconds left.\n|\n|t:|1618083104\n|switch|p2a: Yooperlites|Terrakion|100\/100|[from]move: Volt Switch\n|-damage|p2a: Yooperlites|94\/100|[from] Stealth Rock\n|\n|-weather|Sandstorm|[upkeep]\n|-damage|p1a: Latios|63\/100|[from] Sandstorm\n|upkeep\n|turn|4\n|inactive|airfare!? has 270 seconds left.\n|\n|t:|1618083130\n|switch|p1a: Jirachi|Jirachi|100\/100\n|-damage|p1a: Jirachi|94\/100|[from] Stealth Rock\n|move|p2a: Yooperlites|Close Combat|p1a: Jirachi\n|-damage|p1a: Jirachi|17\/100\n|-unboost|p2a: Yooperlites|def|1\n|-unboost|p2a: Yooperlites|spd|1\n|\n|-weather|Sandstorm|[upkeep]\n|-heal|p1a: Jirachi|23\/100|[from] item: Leftovers\n|upkeep\n|turn|5\n|\n|t:|1618083134\n|move|p2a: Yooperlites|Close Combat|p1a: Jirachi\n|-damage|p1a: Jirachi|0 fnt\n|-unboost|p2a: Yooperlites|def|1\n|-unboost|p2a: Yooperlites|spd|1\n|faint|p1a: Jirachi\n|\n|-weather|Sandstorm|[upkeep]\n|upkeep\n|\n|t:|1618083158\n|switch|p1a: Reuniclus|Reuniclus, F|100\/100\n|turn|6\n|\n|t:|1618083171\n|switch|p2a: Shine Bright Like|Jirachi|100\/100\n|-damage|p2a: Shine Bright Like|94\/100|[from] Stealth Rock\n|move|p1a: Reuniclus|Focus Blast|p2a: Shine Bright Like\n|-crit|p2a: Shine Bright Like\n|-damage|p2a: Shine Bright Like|21\/100\n|\n|-weather|Sandstorm|[upkeep]\n|-heal|p2a: Shine Bright Like|27\/100|[from] item: Leftovers\n|upkeep\n|turn|7\n|inactive|Goootzinho has 240 seconds left.\n|\n|t:|1618083196\n|move|p2a: Shine Bright Like|Wish|p2a: Shine Bright Like\n|move|p1a: Reuniclus|Trick Room|p1a: Reuniclus\n|-fieldstart|move: Trick Room|[of] p1a: Reuniclus\n|\n|-weather|Sandstorm|[upkeep]\n|-heal|p2a: Shine Bright Like|33\/100|[from] item: Leftovers\n|upkeep\n|turn|8\n|c|\u2606Goootzinho|. \n|\n|t:|1618083203\n|switch|p1a: Magnezone|Magnezone, shiny|100\/100\n|-damage|p1a: Magnezone|94\/100|[from] Stealth Rock\n|-item|p1a: Magnezone|Air Balloon\n|move|p2a: Shine Bright Like|Protect||[still]\n|-fail|p2a: Shine Bright Like\n|\n|-weather|Sandstorm|[upkeep]\n|-heal|p2a: Shine Bright Like|83\/100|[from] move: Wish|[wisher] Shine Bright Like\n|-heal|p2a: Shine Bright Like|89\/100|[from] item: Leftovers\n|upkeep\n|turn|9\n|inactive|airfare!? has 270 seconds left.\n|\n|t:|1618083211\n|move|p1a: Magnezone|Hidden Power|p2a: Shine Bright Like\n|-supereffective|p2a: Shine Bright Like\n|-damage|p2a: Shine Bright Like|54\/100\n|move|p2a: Shine Bright Like|Body Slam|p1a: Magnezone\n|-resisted|p1a: Magnezone\n|-damage|p1a: Magnezone|85\/100\n|-status|p1a: Magnezone|par\n|-enditem|p1a: Magnezone|Air Balloon\n|\n|-weather|Sandstorm|[upkeep]\n|-heal|p2a: Shine Bright Like|60\/100|[from] item: Leftovers\n|upkeep\n|turn|10\n|\n|t:|1618083217\n|move|p1a: Magnezone|Sunny Day|p1a: Magnezone\n|-weather|SunnyDay\n|move|p2a: Shine Bright Like|Wish|p2a: Shine Bright Like\n|\n|-weather|SunnyDay|[upkeep]\n|-heal|p2a: Shine Bright Like|67\/100|[from] item: Leftovers\n|upkeep\n|turn|11\n|\n|t:|1618083221\n|move|p2a: Shine Bright Like|Protect|p2a: Shine Bright Like\n|-singleturn|p2a: Shine Bright Like|Protect\n|move|p1a: Magnezone|Hidden Power|p2a: Shine Bright Like\n|-activate|p2a: Shine Bright Like|move: Protect\n|\n|-weather|SunnyDay|[upkeep]\n|-heal|p2a: Shine Bright Like|100\/100|[from] move: Wish|[wisher] Shine Bright Like\n|-fieldend|move: Trick Room\n|upkeep\n|turn|12\n|\n|t:|1618083224\n|move|p2a: Shine Bright Like|Iron Head|p1a: Magnezone\n|-resisted|p1a: Magnezone\n|-damage|p1a: Magnezone|77\/100 par\n|cant|p1a: Magnezone|par\n|\n|-weather|SunnyDay|[upkeep]\n|upkeep\n|turn|13\n|\n|t:|1618083229\n|move|p2a: Shine Bright Like|Iron Head|p1a: Magnezone\n|-resisted|p1a: Magnezone\n|-damage|p1a: Magnezone|70\/100 par\n|move|p1a: Magnezone|Hidden Power|p2a: Shine Bright Like\n|-supereffective|p2a: Shine Bright Like\n|-damage|p2a: Shine Bright Like|47\/100\n|\n|-weather|SunnyDay|[upkeep]\n|-heal|p2a: Shine Bright Like|53\/100|[from] item: Leftovers\n|upkeep\n|turn|14\n|\n|t:|1618083237\n|move|p2a: Shine Bright Like|Protect|p2a: Shine Bright Like\n|-singleturn|p2a: Shine Bright Like|Protect\n|move|p1a: Magnezone|Hidden Power|p2a: Shine Bright Like\n|-activate|p2a: Shine Bright Like|move: Protect\n|\n|-weather|none\n|-heal|p2a: Shine Bright Like|59\/100|[from] item: Leftovers\n|upkeep\n|turn|15\n|\n|t:|1618083248\n|move|p2a: Shine Bright Like|Wish|p2a: Shine Bright Like\n|move|p1a: Magnezone|Thunderbolt|p2a: Shine Bright Like\n|-crit|p2a: Shine Bright Like\n|-damage|p2a: Shine Bright Like|0 fnt\n|faint|p2a: Shine Bright Like\n|\n|upkeep\n|c|\u2606airfare!?|sorry\n|c|\u2606airfare!?|tht was big\n|inactive|Goootzinho has 270 seconds left.\n|c|\u2606Goootzinho|like icicle crash the previous game\n|inactive|Goootzinho has 240 seconds left.\n|inactive|Goootzinho has 210 seconds left.\n|inactive|Goootzinho has 180 seconds left.\n|\n|t:|1618083398\n|switch|p2a: Yooperlites|Terrakion|94\/100\n|-damage|p2a: Yooperlites|88\/100|[from] Stealth Rock\n|turn|16\n|\n|t:|1618083402\n|move|p2a: Yooperlites|Earthquake|p1a: Magnezone\n|-supereffective|p1a: Magnezone\n|-damage|p1a: Magnezone|0 fnt\n|faint|p1a: Magnezone\n|\n|-heal|p2a: Yooperlites|100\/100|[from] move: Wish|[wisher] Shine Bright Like\n|upkeep\n|\n|t:|1618083408\n|switch|p1a: Latios|Latios, M|63\/100\n|-damage|p1a: Latios|51\/100|[from] Stealth Rock\n|turn|17\n|\n|t:|1618083420\n|switch|p2a: Shining|Rotom-Wash, shiny|6\/100\n|-damage|p2a: Shining|0 fnt|[from] Stealth Rock\n|faint|p2a: Shining\n|move|p1a: Latios|Draco Meteor|p2: Shining|[notarget]\n|-fail|p1a: Latios\n|\n|upkeep\n|\n|t:|1618083423\n|switch|p2a: Shiny Happy People|Hippowdon, F|100\/100\n|-damage|p2a: Shiny Happy People|94\/100|[from] Stealth Rock\n|-weather|Sandstorm|[from] ability: Sand Stream|[of] p2a: Shiny Happy People\n|turn|18\n|inactive|Goootzinho has 180 seconds left.\n|inactive|Goootzinho has 150 seconds left.\n|\n|t:|1618083483\n|switch|p1a: Reuniclus|Reuniclus, F|100\/100\n|move|p2a: Shiny Happy People|Whirlwind|p1a: Reuniclus\n|drag|p1a: Garchomp|Garchomp, M|100\/100\n|-damage|p1a: Garchomp|94\/100|[from] Stealth Rock\n|\n|-weather|Sandstorm|[upkeep]\n|-heal|p2a: Shiny Happy People|100\/100|[from] item: Leftovers\n|upkeep\n|turn|19\n|\n|t:|1618083495\n|move|p1a: Garchomp|Earthquake|p2a: Shiny Happy People\n|-damage|p2a: Shiny Happy People|73\/100\n|move|p2a: Shiny Happy People|Earthquake|p1a: Garchomp\n|-damage|p1a: Garchomp|58\/100\n|\n|-weather|Sandstorm|[upkeep]\n|-heal|p2a: Shiny Happy People|79\/100|[from] item: Leftovers\n|upkeep\n|turn|20\n|\n|t:|1618083501\n|move|p1a: Garchomp|Swords Dance|p1a: Garchomp\n|-boost|p1a: Garchomp|atk|2\n|move|p2a: Shiny Happy People|Slack Off|p2a: Shiny Happy People\n|-heal|p2a: Shiny Happy People|100\/100\n|\n|-weather|Sandstorm|[upkeep]\n|upkeep\n|turn|21\n|inactive|Goootzinho has 120 seconds left.\n|\n|t:|1618083533\n|move|p1a: Garchomp|Outrage|p2a: Shiny Happy People\n|-damage|p2a: Shiny Happy People|30\/100\n|move|p2a: Shiny Happy People|Earthquake|p1a: Garchomp\n|-damage|p1a: Garchomp|20\/100\n|-enditem|p1a: Garchomp|Salac Berry|[eat]\n|-boost|p1a: Garchomp|spe|1|[from] item: Salac Berry\n|\n|-weather|Sandstorm|[upkeep]\n|-heal|p2a: Shiny Happy People|36\/100|[from] item: Leftovers\n|upkeep\n|turn|22\n|inactive|Goootzinho has 120 seconds left.\n|inactive|Goootzinho has 90 seconds left.\n|\n|t:|1618083579\n|switch|p2a: SHINY NATU|Xatu, F, shiny|100\/100\n|-damage|p2a: SHINY NATU|76\/100|[from] Stealth Rock\n|move|p1a: Garchomp|Outrage|p2a: SHINY NATU|[from]lockedmove\n|-damage|p2a: SHINY NATU|0 fnt\n|faint|p2a: SHINY NATU\n|\n|-weather|Sandstorm|[upkeep]\n|upkeep\n|\n|t:|1618083594\n|switch|p2a: Fox's Down B|Latios, M|100\/100\n|-damage|p2a: Fox's Down B|88\/100|[from] Stealth Rock\n|turn|23\n|\n|t:|1618083597\n|move|p1a: Garchomp|Outrage|p2a: Fox's Down B|[from]lockedmove\n|-supereffective|p2a: Fox's Down B\n|-damage|p2a: Fox's Down B|0 fnt\n|-start|p1a: Garchomp|confusion|[fatigue]\n|faint|p2a: Fox's Down B\n|\n|-weather|Sandstorm|[upkeep]\n|upkeep\n|\n|t:|1618083610\n|switch|p2a: Yooperlites|Terrakion|100\/100\n|-damage|p2a: Yooperlites|94\/100|[from] Stealth Rock\n|turn|24\n|\n|t:|1618083616\n|-activate|p1a: Garchomp|confusion\n|-damage|p1a: Garchomp|0 fnt|[from] confusion\n|faint|p1a: Garchomp\n|move|p2a: Yooperlites|Stone Edge|p1: Garchomp|[notarget]\n|-fail|p2a: Yooperlites\n|\n|-weather|Sandstorm|[upkeep]\n|upkeep\n|inactive|airfare!? has 270 seconds left.\n|\n|t:|1618083666\n|switch|p1a: Reuniclus|Reuniclus, F|100\/100\n|turn|25\n|inactive|Goootzinho has 90 seconds left.\n|c|\u2606Goootzinho|crit please\n|\n|t:|1618083681\n|move|p2a: Yooperlites|Stone Edge|p1a: Reuniclus\n|-crit|p1a: Reuniclus\n|-damage|p1a: Reuniclus|0 fnt\n|faint|p1a: Reuniclus\n|\n|-weather|Sandstorm|[upkeep]\n|upkeep\n|inactive|airfare!? has 240 seconds left.\n|c|+stareal|w\n|inactive|airfare!? has 210 seconds left.\n|\n|t:|1618083759\n|switch|p1a: Latios|Latios, M|51\/100\n|-damage|p1a: Latios|39\/100|[from] Stealth Rock\n|turn|26\n|inactive|Goootzinho has 90 seconds left.\n|inactive|Goootzinho has 60 seconds left.\n|\n|t:|1618083806\n|move|p1a: Latios|Surf|p2a: Yooperlites\n|-supereffective|p2a: Yooperlites\n|-damage|p2a: Yooperlites|45\/100\n|move|p2a: Yooperlites|Stone Edge|p1a: Latios\n|-damage|p1a: Latios|0 fnt\n|faint|p1a: Latios\n|\n|-weather|Sandstorm|[upkeep]\n|upkeep\n|\n|t:|1618083817\n|switch|p1a: Kyurem|Kyurem-Black|100\/100\n|-damage|p1a: Kyurem|76\/100|[from] Stealth Rock\n|-ability|p1a: Kyurem|Teravolt\n|turn|27\n|inactive|Goootzinho has 60 seconds left.\n|\n|t:|1618083828\n|switch|p2a: Shiny Happy People|Hippowdon, F|36\/100\n|-damage|p2a: Shiny Happy People|30\/100|[from] Stealth Rock\n|move|p1a: Kyurem|Outrage|p2a: Shiny Happy People\n|-damage|p2a: Shiny Happy People|0 fnt\n|faint|p2a: Shiny Happy People\n|\n|-weather|Sandstorm|[upkeep]\n|-damage|p1a: Kyurem|70\/100|[from] Sandstorm\n|upkeep\n|\n|t:|1618083831\n|switch|p2a: Yooperlites|Terrakion|45\/100\n|-damage|p2a: Yooperlites|39\/100|[from] Stealth Rock\n|turn|28\n|\n|t:|1618083838\n|move|p2a: Yooperlites|Close Combat|p1a: Kyurem\n|-supereffective|p1a: Kyurem\n|-damage|p1a: Kyurem|0 fnt\n|-unboost|p2a: Yooperlites|def|1\n|-unboost|p2a: Yooperlites|spd|1\n|faint|p1a: Kyurem\n|\n|win|Goootzinho\n","uploadtime":1618083840,"views":132,"p1id":"airfare","p2id":"goootzinho","formatid":"gen5ou","rating":0,"private":0,"password":null}