{"id":"smogtours-gen7ou-652331","p1":"Lucians Call","p2":"Monai","format":"gen7ou","log":"|inactive|Battle timer is ON: inactive players will automatically lose when time's up.\n|t:|1664725552\n|gametype|singles\n|player|p1|Lucians Call|furisodegirl-blue|\n|player|p2|Monai|#uplxdurians|\n|teamsize|p1|6\n|teamsize|p2|6\n|gen|7\n|tier|[Gen 7] OU\n|rule|Sleep Clause Mod: Limit one foe put to sleep\n|rule|Species Clause: Limit one of each Pok\u00e9mon\n|rule|OHKO Clause: OHKO moves are banned\n|rule|Moody Clause: Moody is banned\n|rule|Evasion Items Clause: Evasion items are banned\n|rule|Evasion Moves Clause: Evasion moves are banned\n|rule|Endless Battle Clause: Forcing endless battles is banned\n|rule|HP Percentage Mod: HP is shown in percentages\n|clearpoke\n|poke|p1|Mawile, M|item\n|poke|p1|Salamence, M|item\n|poke|p1|Ferrothorn, F|item\n|poke|p1|Tapu Lele|item\n|poke|p1|Landorus-Therian, M|item\n|poke|p1|Blacephalon|item\n|poke|p2|Magearna|item\n|poke|p2|Volcarona, M|item\n|poke|p2|Diancie|item\n|poke|p2|Thundurus-Therian, M|item\n|poke|p2|Serperior, M|item\n|poke|p2|Kommo-o, F|item\n|teampreview\n|c|\u2606Monai|Glhf\n|c|\u2606Lucians Call|u2\n|c|+Inder|monai lisa\n|inactive|Lucians Call has 270 seconds left.\n|inactive|Monai has 270 seconds left.\n|\n|t:|1664725611\n|start\n|switch|p1a: Mawile|Mawile, M|100\/100\n|switch|p2a: Thundurus|Thundurus-Therian, M|100\/100\n|-ability|p1a: Mawile|Intimidate|boost\n|-unboost|p2a: Thundurus|atk|1\n|turn|1\n|inactive|Lucians Call has 270 seconds left.\n|\n|t:|1664725647\n|switch|p1a: Landorus|Landorus-Therian, M|100\/100\n|-ability|p1a: Landorus|Intimidate|boost\n|-unboost|p2a: Thundurus|atk|1\n|move|p2a: Thundurus|Thunderbolt|p1a: Landorus\n|-immune|p1a: Landorus\n|\n|upkeep\n|turn|2\n|inactive|Lucians Call has 270 seconds left.\n|inactive|Lucians Call has 240 seconds left.\n|\n|t:|1664725690\n|move|p2a: Thundurus|Hidden Power|p1a: Landorus\n|-supereffective|p1a: Landorus\n|-damage|p1a: Landorus|0 fnt\n|faint|p1a: Landorus\n|\n|upkeep\n|\n|t:|1664725694\n|switch|p1a: Blacephalon|Blacephalon|100\/100\n|turn|3\n|\n|t:|1664725701\n|switch|p2a: Diancie|Diancie|100\/100\n|move|p1a: Blacephalon|Fire Blast|p2a: Diancie\n|-resisted|p2a: Diancie\n|-damage|p2a: Diancie|64\/100\n|\n|upkeep\n|turn|4\n|\n|t:|1664725707\n|switch|p1a: Ferrothorn|Ferrothorn, F|100\/100\n|detailschange|p2a: Diancie|Diancie-Mega\n|-mega|p2a: Diancie|Diancie|Diancite\n|move|p2a: Diancie|Stealth Rock|p1a: Ferrothorn\n|-sidestart|p1: Lucians Call|move: Stealth Rock\n|\n|upkeep\n|turn|5\n|\n|t:|1664725712\n|move|p2a: Diancie|Substitute|p2a: Diancie\n|-start|p2a: Diancie|Substitute\n|-damage|p2a: Diancie|39\/100\n|move|p1a: Ferrothorn|Gyro Ball|p2a: Diancie\n|-supereffective|p2a: Diancie\n|-end|p2a: Diancie|Substitute\n|\n|upkeep\n|turn|6\n|\n|t:|1664725717\n|move|p2a: Diancie|Substitute|p2a: Diancie\n|-start|p2a: Diancie|Substitute\n|-damage|p2a: Diancie|14\/100\n|move|p1a: Ferrothorn|Gyro Ball|p2a: Diancie\n|-supereffective|p2a: Diancie\n|-end|p2a: Diancie|Substitute\n|\n|upkeep\n|turn|7\n|\n|t:|1664725731\n|move|p2a: Diancie|Endeavor|p1a: Ferrothorn\n|-damage|p1a: Ferrothorn|12\/100\n|-damage|p2a: Diancie|2\/100|[from] ability: Iron Barbs|[of] p1a: Ferrothorn\n|move|p1a: Ferrothorn|Gyro Ball|p2a: Diancie\n|-supereffective|p2a: Diancie\n|-damage|p2a: Diancie|0 fnt\n|faint|p2a: Diancie\n|\n|-heal|p1a: Ferrothorn|19\/100|[from] item: Leftovers\n|upkeep\n|\n|t:|1664725742\n|switch|p2a: Volcarona|Volcarona, M|100\/100\n|turn|8\n|\n|t:|1664725748\n|switch|p1a: Salamence|Salamence, M|100\/100\n|-damage|p1a: Salamence|76\/100|[from] Stealth Rock\n|move|p2a: Volcarona|Substitute|p2a: Volcarona\n|-start|p2a: Volcarona|Substitute\n|-damage|p2a: Volcarona|76\/100\n|\n|-heal|p2a: Volcarona|82\/100|[from] item: Leftovers\n|upkeep\n|turn|9\n|\n|t:|1664725764\n|move|p1a: Salamence|Dragon Dance|p1a: Salamence\n|-boost|p1a: Salamence|atk|1\n|-boost|p1a: Salamence|spe|1\n|move|p2a: Volcarona|Bug Buzz|p1a: Salamence\n|-resisted|p1a: Salamence\n|-damage|p1a: Salamence|49\/100\n|\n|-heal|p2a: Volcarona|88\/100|[from] item: Leftovers\n|upkeep\n|turn|10\n|\n|t:|1664725773\n|move|p1a: Salamence|Earthquake|p2a: Volcarona\n|-end|p2a: Volcarona|Substitute\n|move|p2a: Volcarona|Quiver Dance|p2a: Volcarona\n|-boost|p2a: Volcarona|spa|1\n|-boost|p2a: Volcarona|spd|1\n|-boost|p2a: Volcarona|spe|1\n|\n|-heal|p2a: Volcarona|94\/100|[from] item: Leftovers\n|upkeep\n|turn|11\n|inactive|Lucians Call has 270 seconds left.\n|\n|t:|1664725806\n|move|p1a: Salamence|Dragon Dance|p1a: Salamence\n|-boost|p1a: Salamence|atk|1\n|-boost|p1a: Salamence|spe|1\n|move|p2a: Volcarona|Bug Buzz|p1a: Salamence\n|-resisted|p1a: Salamence\n|-damage|p1a: Salamence|9\/100\n|\n|-heal|p2a: Volcarona|99\/100|[from] item: Leftovers\n|upkeep\n|turn|12\n|inactive|Lucians Call has 270 seconds left.\n|\n|t:|1664725823\n|move|p1a: Salamence|Fly||[still]\n|-prepare|p1a: Salamence|Fly\n|move|p2a: Volcarona|Bug Buzz|p1a: Salamence|[miss]\n|-miss|p2a: Volcarona|p1a: Salamence\n|\n|-heal|p2a: Volcarona|100\/100|[from] item: Leftovers\n|upkeep\n|turn|13\n|\n|t:|1664725825\n|switch|p2a: Serperior|Serperior, M|100\/100\n|move|p1a: Salamence|Fly|p2a: Serperior|[from]lockedmove\n|-supereffective|p2a: Serperior\n|-damage|p2a: Serperior|0 fnt\n|-damage|p1a: Salamence|0 fnt|[from] item: Rocky Helmet|[of] p2a: Serperior\n|faint|p2a: Serperior\n|faint|p1a: Salamence\n|\n|upkeep\n|inactive|Lucians Call has 270 seconds left.\n|\n|t:|1664725867\n|switch|p2a: Magearna|Magearna|100\/100\n|switch|p1a: Blacephalon|Blacephalon|100\/100\n|-damage|p1a: Blacephalon|76\/100|[from] Stealth Rock\n|turn|14\n|\n|t:|1664725873\n|switch|p2a: Kommo-o|Kommo-o, F|100\/100\n|move|p1a: Blacephalon|Fire Blast|p2a: Kommo-o\n|-resisted|p2a: Kommo-o\n|-damage|p2a: Kommo-o|42\/100\n|\n|upkeep\n|turn|15\n|inactive|Lucians Call has 240 seconds left.\n|\n|t:|1664725895\n|move|p1a: Blacephalon|Fire Blast|p2a: Kommo-o\n|-resisted|p2a: Kommo-o\n|-crit|p2a: Kommo-o\n|-damage|p2a: Kommo-o|0 fnt\n|faint|p2a: Kommo-o\n|-ability|p1a: Blacephalon|Beast Boost|boost\n|-boost|p1a: Blacephalon|spa|1\n|\n|upkeep\n|\n|t:|1664725904\n|switch|p2a: Volcarona|Volcarona, M|100\/100\n|turn|16\n|\n|t:|1664725906\n|move|p1a: Blacephalon|Fire Blast|p2a: Volcarona\n|-damage|p2a: Volcarona|0 fnt\n|faint|p2a: Volcarona\n|-ability|p1a: Blacephalon|Beast Boost|boost\n|-boost|p1a: Blacephalon|spa|1\n|\n|upkeep\n|c|\u2606Monai|Ah lmao gh\n|-message|Monai forfeited.\n|\n|win|Lucians Call\n","uploadtime":1664725917,"views":44,"p1id":"lucianscall","p2id":"monai","formatid":"gen7ou","rating":0,"private":0,"password":null}