{"id":"smogtours-gen7ou-650197","p1":"Mewthree69","p2":"NeoNaruto\u00ae++","format":"gen7ou","log":"|inactive|Battle timer is ON: inactive players will automatically lose when time's up.\n|t:|1664026686\n|gametype|singles\n|player|p1|Mewthree69|1|\n|player|p2|NeoNaruto\u00ae++|burglar-gen1rb|\n|teamsize|p1|6\n|teamsize|p2|6\n|gen|7\n|tier|[Gen 7] OU\n|rule|Sleep Clause Mod: Limit one foe put to sleep\n|rule|Species Clause: Limit one of each Pok\u00e9mon\n|rule|OHKO Clause: OHKO moves are banned\n|rule|Moody Clause: Moody is banned\n|rule|Evasion Items Clause: Evasion items are banned\n|rule|Evasion Moves Clause: Evasion moves are banned\n|rule|Endless Battle Clause: Forcing endless battles is banned\n|rule|HP Percentage Mod: HP is shown in percentages\n|clearpoke\n|poke|p1|Kommo-o, M|item\n|poke|p1|Landorus-Therian, M|item\n|poke|p1|Serperior, M|item\n|poke|p1|Greninja, M|item\n|poke|p1|Diancie|item\n|poke|p1|Celesteela|item\n|poke|p2|Staraptor, F|item\n|poke|p2|Alakazam, F|item\n|poke|p2|Dragonite, F|item\n|poke|p2|Magnezone|item\n|poke|p2|Tapu Fini|item\n|poke|p2|Landorus-Therian, M|item\n|teampreview\n|inactive|NeoNaruto\u00ae++ also wants the timer to be on.\n|c|\u2606NeoNaruto\u00ae++|hf\n|c|\u2606Mewthree69|u2\n|\n|t:|1664026710\n|start\n|switch|p1a: Landorus|Landorus-Therian, M|100\/100\n|switch|p2a: OH SHIT HE USED|Alakazam, F|100\/100\n|-ability|p1a: Landorus|Intimidate|boost\n|-unboost|p2a: OH SHIT HE USED|atk|1\n|turn|1\n|\n|t:|1664026722\n|detailschange|p2a: OH SHIT HE USED|Alakazam-Mega, F\n|-mega|p2a: OH SHIT HE USED|Alakazam|Alakazite\n|-ability|p2a: OH SHIT HE USED|Intimidate|[from] ability: Trace|[of] p1a: Landorus\n|-ability|p2a: OH SHIT HE USED|Intimidate|boost\n|-unboost|p1a: Landorus|atk|1\n|move|p2a: OH SHIT HE USED|Hidden Power|p1a: Landorus\n|-supereffective|p1a: Landorus\n|-enditem|p1a: Landorus|Focus Sash\n|-damage|p1a: Landorus|1\/100\n|move|p1a: Landorus|Earthquake|p2a: OH SHIT HE USED\n|-damage|p2a: OH SHIT HE USED|25\/100\n|\n|upkeep\n|turn|2\n|\n|t:|1664026752\n|switch|p1a: Greninja|Greninja, M|100\/100\n|move|p2a: OH SHIT HE USED|Psychic|p1a: Greninja\n|-immune|p1a: Greninja\n|\n|upkeep\n|turn|3\n|\n|t:|1664026756\n|switch|p2a: ZORQUAX IS FREE|Tapu Fini|100\/100\n|-fieldstart|move: Misty Terrain|[from] ability: Misty Surge|[of] p2a: ZORQUAX IS FREE\n|switch|p1a: Landorus|Landorus-Therian, M|1\/100\n|-ability|p1a: Landorus|Intimidate|boost\n|-unboost|p2a: ZORQUAX IS FREE|atk|1\n|\n|upkeep\n|turn|4\n|\n|t:|1664026764\n|move|p1a: Landorus|Stealth Rock|p2a: ZORQUAX IS FREE\n|-sidestart|p2: NeoNaruto\u00ae++|move: Stealth Rock\n|move|p2a: ZORQUAX IS FREE|Taunt|p1a: Landorus\n|-start|p1a: Landorus|move: Taunt\n|\n|upkeep\n|turn|5\n|\n|t:|1664026777\n|switch|p1a: Serperior|Serperior, M|100\/100\n|move|p2a: ZORQUAX IS FREE|Defog|p1a: Serperior\n|-boost|p1a: Serperior|evasion|1\n|-sideend|p2: NeoNaruto\u00ae++|Stealth Rock|[from] move: Defog|[of] p2a: ZORQUAX IS FREE\n|\n|upkeep\n|turn|6\n|\n|t:|1664026782\n|switch|p2a: KRXXK|Magnezone|100\/100\n|move|p1a: Serperior|Leaf Storm|p2a: KRXXK|[miss]\n|-miss|p1a: Serperior|p2a: KRXXK\n|\n|upkeep\n|turn|7\n|\n|t:|1664026791\n|switch|p1a: Celesteela|Celesteela|100\/100\n|move|p2a: KRXXK|Hidden Power|p1a: Celesteela\n|-supereffective|p1a: Celesteela\n|-damage|p1a: Celesteela|46\/100\n|\n|-fieldend|Misty Terrain\n|upkeep\n|turn|8\n|\n|t:|1664026798\n|switch|p2a: Bernie Landers|Landorus-Therian, M|100\/100\n|-ability|p2a: Bernie Landers|Intimidate|boost\n|-unboost|p1a: Celesteela|atk|1\n|move|p1a: Celesteela|Earthquake|p2a: Bernie Landers\n|-immune|p2a: Bernie Landers\n|\n|upkeep\n|turn|9\n|\n|t:|1664026808\n|move|p2a: Bernie Landers|Knock Off|p1a: Celesteela\n|-damage|p1a: Celesteela|7\/100\n|-enditem|p1a: Celesteela|Metronome|[from] move: Knock Off|[of] p2a: Bernie Landers\n|move|p1a: Celesteela|Autotomize|p1a: Celesteela\n|-boost|p1a: Celesteela|spe|2\n|-start|p1a: Celesteela|Autotomize\n|\n|upkeep\n|turn|10\n|\n|t:|1664026815\n|move|p1a: Celesteela|Air Slash|p2a: Bernie Landers\n|-damage|p2a: Bernie Landers|57\/100\n|move|p2a: Bernie Landers|Stealth Rock|p1a: Celesteela\n|-sidestart|p1: Mewthree69|move: Stealth Rock\n|\n|upkeep\n|turn|11\n|\n|t:|1664026819\n|switch|p2a: ZORQUAX IS FREE|Tapu Fini|100\/100\n|-fieldstart|move: Misty Terrain|[from] ability: Misty Surge|[of] p2a: ZORQUAX IS FREE\n|move|p1a: Celesteela|Air Slash|p2a: ZORQUAX IS FREE\n|-damage|p2a: ZORQUAX IS FREE|79\/100\n|\n|-heal|p2a: ZORQUAX IS FREE|85\/100|[from] item: Leftovers\n|upkeep\n|turn|12\n|\n|t:|1664026822\n|move|p1a: Celesteela|Air Slash|p2a: ZORQUAX IS FREE\n|-damage|p2a: ZORQUAX IS FREE|65\/100\n|cant|p2a: ZORQUAX IS FREE|flinch\n|\n|-heal|p2a: ZORQUAX IS FREE|71\/100|[from] item: Leftovers\n|upkeep\n|turn|13\n|\n|t:|1664026827\n|move|p1a: Celesteela|Air Slash|p2a: ZORQUAX IS FREE\n|-damage|p2a: ZORQUAX IS FREE|49\/100\n|move|p2a: ZORQUAX IS FREE|Moonblast|p1a: Celesteela\n|-resisted|p1a: Celesteela\n|-damage|p1a: Celesteela|0 fnt\n|faint|p1a: Celesteela\n|\n|-heal|p2a: ZORQUAX IS FREE|55\/100|[from] item: Leftovers\n|upkeep\n|\n|t:|1664026846\n|switch|p1a: Diancie|Diancie|100\/100\n|-damage|p1a: Diancie|88\/100|[from] Stealth Rock\n|turn|14\n|\n|t:|1664026853\n|switch|p2a: KRXXK|Magnezone|100\/100\n|detailschange|p1a: Diancie|Diancie-Mega\n|-mega|p1a: Diancie|Diancie|Diancite\n|move|p1a: Diancie|Diamond Storm|p2a: KRXXK\n|-resisted|p2a: KRXXK\n|-crit|p2a: KRXXK\n|-damage|p2a: KRXXK|67\/100\n|\n|upkeep\n|turn|15\n|\n|t:|1664026882\n|move|p1a: Diancie|Earth Power|p2a: KRXXK\n|-supereffective|p2a: KRXXK\n|-damage|p2a: KRXXK|0 fnt\n|faint|p2a: KRXXK\n|\n|-fieldend|Misty Terrain\n|upkeep\n|\n|t:|1664026889\n|switch|p2a: OH SHIT HE USED|Alakazam-Mega, F|25\/100\n|-ability|p2a: OH SHIT HE USED|Magic Bounce|[from] ability: Trace|[of] p1a: Diancie\n|turn|16\n|inactive|Mewthree69 has 270 seconds left.\n|\n|t:|1664026915\n|move|p2a: OH SHIT HE USED|Energy Ball|p1a: Diancie\n|-supereffective|p1a: Diancie\n|-damage|p1a: Diancie|0 fnt\n|faint|p1a: Diancie\n|\n|upkeep\n|\n|t:|1664026920\n|switch|p1a: Serperior|Serperior, M|100\/100\n|-damage|p1a: Serperior|88\/100|[from] Stealth Rock\n|turn|17\n|inactive|Mewthree69 has 270 seconds left.\n|\n|t:|1664026929\n|move|p1a: Serperior|Glare|p2a: OH SHIT HE USED\n|move|p2a: OH SHIT HE USED|Glare|p1a: Serperior|[from]ability: Magic Bounce\n|-status|p1a: Serperior|par\n|move|p2a: OH SHIT HE USED|Psychic|p1a: Serperior\n|-damage|p1a: Serperior|10\/100 par\n|\n|upkeep\n|turn|18\n|\n|t:|1664026935\n|switch|p1a: Landorus|Landorus-Therian, M|1\/100\n|-damage|p1a: Landorus|0 fnt|[from] Stealth Rock\n|faint|p1a: Landorus\n|move|p2a: OH SHIT HE USED|Energy Ball|p1: Landorus|[notarget]\n|-fail|p2a: OH SHIT HE USED\n|\n|upkeep\n|c|\u2606Mewthree69|XDDDDDDDDD\n|inactive|Mewthree69 has 270 seconds left.\n|\n|t:|1664026951\n|switch|p1a: Greninja|Greninja, M|100\/100\n|-damage|p1a: Greninja|88\/100|[from] Stealth Rock\n|turn|19\n|inactive|Mewthree69 has 270 seconds left.\n|\n|t:|1664026958\n|switch|p2a: ZORQUAX IS FREE|Tapu Fini|55\/100\n|-fieldstart|move: Misty Terrain|[from] ability: Misty Surge|[of] p2a: ZORQUAX IS FREE\n|move|p1a: Greninja|Gunk Shot|p2a: ZORQUAX IS FREE\n|-start|p1a: Greninja|typechange|Poison|[from] ability: Protean\n|-supereffective|p2a: ZORQUAX IS FREE\n|-damage|p2a: ZORQUAX IS FREE|0 fnt\n|faint|p2a: ZORQUAX IS FREE\n|\n|upkeep\n|\n|t:|1664026973\n|switch|p2a: OH SHIT HE USED|Alakazam-Mega, F|25\/100\n|-ability|p2a: OH SHIT HE USED|Protean|[from] ability: Trace|[of] p1a: Greninja\n|turn|20\n|\n|t:|1664026981\n|switch|p1a: Serperior|Serperior, M|10\/100 par\n|-damage|p1a: Serperior|0 fnt|[from] Stealth Rock\n|faint|p1a: Serperior\n|move|p2a: OH SHIT HE USED|Psychic|p1: Serperior|[notarget]\n|-fail|p2a: OH SHIT HE USED\n|\n|upkeep\n|\n|t:|1664026986\n|switch|p1a: Greninja|Greninja, M|88\/100\n|-damage|p1a: Greninja|76\/100|[from] Stealth Rock\n|turn|21\n|\n|t:|1664026999\n|switch|p2a: Bird Jesus|Staraptor, F, shiny|100\/100\n|switch|p1a: Kommo-o|Kommo-o, M|100\/100\n|-damage|p1a: Kommo-o|94\/100|[from] Stealth Rock\n|\n|upkeep\n|turn|22\n|\n|t:|1664027019\n|move|p2a: Bird Jesus|Brave Bird|p1a: Kommo-o\n|-supereffective|p1a: Kommo-o\n|-damage|p1a: Kommo-o|0 fnt\n|faint|p1a: Kommo-o\n|-damage|p2a: Bird Jesus|72\/100|[from] Recoil\n|\n|upkeep\n|\n|t:|1664027025\n|switch|p1a: Greninja|Greninja, M|76\/100\n|-damage|p1a: Greninja|64\/100|[from] Stealth Rock\n|turn|23\n|c|\u2606Mewthree69|gg\n|\n|t:|1664027029\n|move|p1a: Greninja|Hydro Pump|p2a: Bird Jesus\n|-start|p1a: Greninja|typechange|Water|[from] ability: Protean\n|-damage|p2a: Bird Jesus|0 fnt\n|faint|p2a: Bird Jesus\n|\n|-fieldend|Misty Terrain\n|upkeep\n|c|\u2606NeoNaruto\u00ae++|gg\n|\n|t:|1664027034\n|switch|p2a: OH SHIT HE USED|Alakazam-Mega, F|25\/100\n|-ability|p2a: OH SHIT HE USED|Protean|[from] ability: Trace|[of] p1a: Greninja\n|turn|24\n|\n|t:|1664027041\n|move|p2a: OH SHIT HE USED|Energy Ball|p1a: Greninja\n|-start|p2a: OH SHIT HE USED|typechange|Grass|[from] ability: Protean\n|-supereffective|p1a: Greninja\n|-crit|p1a: Greninja\n|-damage|p1a: Greninja|0 fnt\n|faint|p1a: Greninja\n|\n|win|NeoNaruto\u00ae++\n","uploadtime":1664027043,"views":24,"p1id":"mewthree69","p2id":"neonaruto","formatid":"gen7ou","rating":0,"private":0,"password":null}