{"id":"smogtours-gen6ou-651876","p1":"Laroxyl","p2":"estarossa","format":"gen6ou","log":"|inactive|Battle timer is ON: inactive players will automatically lose when time's up.\n|t:|1664632899\n|gametype|singles\n|player|p1|Laroxyl|#scl1spartans|\n|player|p2|estarossa|#estarossa|\n|teamsize|p1|6\n|teamsize|p2|6\n|gen|6\n|tier|[Gen 6] OU\n|rule|Sleep Clause Mod: Limit one foe put to sleep\n|rule|Species Clause: Limit one of each Pok\u00e9mon\n|rule|OHKO Clause: OHKO moves are banned\n|rule|Moody Clause: Moody is banned\n|rule|Evasion Items Clause: Evasion items are banned\n|rule|Evasion Moves Clause: Evasion moves are banned\n|rule|Endless Battle Clause: Forcing endless battles is banned\n|rule|HP Percentage Mod: HP is shown in percentages\n|rule|Swagger Clause: Swagger is banned\n|clearpoke\n|poke|p1|Charizard, F|item\n|poke|p1|Weavile, F|item\n|poke|p1|Rotom-Wash|item\n|poke|p1|Excadrill, F|item\n|poke|p1|Tornadus-Therian, M|item\n|poke|p1|Clefable, F|item\n|poke|p2|Tyranitar, M|item\n|poke|p2|Gliscor, M|item\n|poke|p2|Rotom-Wash|item\n|poke|p2|Excadrill, M|item\n|poke|p2|Tornadus-Therian, M|item\n|poke|p2|Keldeo|item\n|teampreview\n|inactive|Laroxyl has 270 seconds left.\n|\n|t:|1664632941\n|start\n|switch|p1a: Clefable|Clefable, F|100\/100\n|switch|p2a: Tornadus|Tornadus-Therian, M|100\/100\n|turn|1\n|inactive|estarossa has 270 seconds left.\n|\n|t:|1664632984\n|move|p2a: Tornadus|Knock Off|p1a: Clefable\n|-resisted|p1a: Clefable\n|-damage|p1a: Clefable|91\/100\n|-enditem|p1a: Clefable|Leftovers|[from] move: Knock Off|[of] p2a: Tornadus\n|move|p1a: Clefable|Toxic|p2a: Tornadus\n|-status|p2a: Tornadus|tox\n|\n|-damage|p2a: Tornadus|94\/100 tox|[from] psn\n|upkeep\n|turn|2\n|\n|t:|1664632988\n|move|p2a: Tornadus|U-turn|p1a: Clefable\n|-resisted|p1a: Clefable\n|-damage|p1a: Clefable|85\/100\n|inactive|estarossa has 270 seconds left.\n|\n|t:|1664632995\n|switch|p2a: Excadrill|Excadrill, M|100\/100|[from]move: U-turn\n|move|p1a: Clefable|Stealth Rock|p2a: Excadrill\n|-sidestart|p2: estarossa|move: Stealth Rock\n|\n|upkeep\n|turn|3\n|\n|t:|1664633008\n|switch|p1a: Tornadus|Tornadus-Therian, M|100\/100\n|move|p2a: Excadrill|Rapid Spin|p1a: Tornadus\n|-damage|p1a: Tornadus|94\/100\n|-sideend|p2: estarossa|Stealth Rock|[from] move: Rapid Spin|[of] p2a: Excadrill\n|\n|upkeep\n|turn|4\n|\n|t:|1664633015\n|move|p1a: Tornadus|Knock Off|p2a: Excadrill\n|-damage|p2a: Excadrill|74\/100\n|-enditem|p2a: Excadrill|Leftovers|[from] move: Knock Off|[of] p1a: Tornadus\n|move|p2a: Excadrill|Rock Slide|p1a: Tornadus\n|-supereffective|p1a: Tornadus\n|-damage|p1a: Tornadus|40\/100\n|\n|upkeep\n|turn|5\n|\n|t:|1664633024\n|switch|p2a: Gliscor|Gliscor, M|100\/100\n|move|p1a: Tornadus|U-turn|p2a: Gliscor\n|-resisted|p2a: Gliscor\n|-damage|p2a: Gliscor|95\/100\n|\n|t:|1664633037\n|switch|p1a: Weavile|Weavile, F|100\/100|[from]move: U-turn\n|-ability|p1a: Weavile|Pressure\n|\n|-status|p2a: Gliscor|tox|[from] item: Toxic Orb\n|upkeep\n|turn|6\n|\n|t:|1664633049\n|switch|p2a: Keldeo|Keldeo|100\/100\n|move|p1a: Weavile|Icicle Crash|p2a: Keldeo|[miss]\n|-miss|p1a: Weavile|p2a: Keldeo\n|\n|upkeep\n|turn|7\n|\n|t:|1664633063\n|switch|p1a: Rotom|Rotom-Wash|100\/100\n|move|p2a: Keldeo|Hydro Pump|p1a: Rotom\n|-resisted|p1a: Rotom\n|-damage|p1a: Rotom|58\/100\n|\n|-heal|p1a: Rotom|65\/100|[from] item: Leftovers\n|upkeep\n|turn|8\n|\n|t:|1664633087\n|switch|p2a: Rotom|Rotom-Wash|100\/100\n|move|p1a: Rotom|Volt Switch|p2a: Rotom\n|-damage|p2a: Rotom|75\/100\n|inactive|Laroxyl has 270 seconds left.\n|\n|t:|1664633103\n|switch|p1a: Excadrill|Excadrill, F|100\/100|[from]move: Volt Switch\n|-ability|p1a: Excadrill|Mold Breaker\n|\n|-heal|p2a: Rotom|81\/100|[from] item: Leftovers\n|upkeep\n|turn|9\n|inactive|Laroxyl has 270 seconds left.\n|\n|t:|1664633127\n|switch|p1a: Clefable|Clefable, F|85\/100\n|switch|p2a: Gliscor|Gliscor, M|95\/100 tox\n|\n|-heal|p2a: Gliscor|100\/100 tox|[from] ability: Poison Heal\n|upkeep\n|turn|10\n|inactive|Laroxyl has 270 seconds left.\n|\n|t:|1664633145\n|move|p2a: Gliscor|Swords Dance|p2a: Gliscor\n|-boost|p2a: Gliscor|atk|2\n|move|p1a: Clefable|Stealth Rock|p2a: Gliscor\n|-sidestart|p2: estarossa|move: Stealth Rock\n|\n|upkeep\n|turn|11\n|inactive|Laroxyl has 270 seconds left.\n|\n|t:|1664633153\n|move|p2a: Gliscor|Facade|p1a: Clefable\n|-damage|p1a: Clefable|30\/100\n|move|p1a: Clefable|Ice Beam|p2a: Gliscor\n|-supereffective|p2a: Gliscor\n|-damage|p2a: Gliscor|26\/100 tox\n|\n|-heal|p2a: Gliscor|38\/100 tox|[from] ability: Poison Heal\n|upkeep\n|turn|12\n|inactive|Laroxyl has 270 seconds left.\n|\n|t:|1664633172\n|move|p2a: Gliscor|Facade|p1a: Clefable\n|-damage|p1a: Clefable|0 fnt\n|faint|p1a: Clefable\n|\n|-heal|p2a: Gliscor|51\/100 tox|[from] ability: Poison Heal\n|upkeep\n|inactive|Laroxyl has 240 seconds left.\n|\n|t:|1664633206\n|switch|p1a: Charizard|Charizard, F|100\/100\n|turn|13\n|\n|t:|1664633212\n|switch|p2a: Tornadus|Tornadus-Therian, M|100\/100 tox\n|-damage|p2a: Tornadus|76\/100 tox|[from] Stealth Rock\n|detailschange|p1a: Charizard|Charizard-Mega-Y, F\n|-mega|p1a: Charizard|Charizard|Charizardite Y\n|-weather|SunnyDay|[from] ability: Drought|[of] p1a: Charizard\n|move|p1a: Charizard|Fire Blast|p2a: Tornadus\n|-damage|p2a: Tornadus|8\/100 tox\n|\n|-weather|SunnyDay|[upkeep]\n|-damage|p2a: Tornadus|2\/100 tox|[from] psn\n|upkeep\n|turn|14\n|inactive|Laroxyl has 240 seconds left.\n|\n|t:|1664633252\n|move|p2a: Tornadus|U-turn|p1a: Charizard\n|-resisted|p1a: Charizard\n|-damage|p1a: Charizard|96\/100\n|\n|t:|1664633254\n|switch|p2a: Tyranitar|Tyranitar, M|100\/100|[from]move: U-turn\n|-damage|p2a: Tyranitar|88\/100|[from] Stealth Rock\n|-weather|Sandstorm|[from] ability: Sand Stream|[of] p2a: Tyranitar\n|move|p1a: Charizard|Roost|p1a: Charizard\n|-heal|p1a: Charizard|100\/100\n|-singleturn|p1a: Charizard|move: Roost\n|\n|-weather|Sandstorm|[upkeep]\n|-damage|p1a: Charizard|94\/100|[from] Sandstorm\n|upkeep\n|turn|15\n|\n|t:|1664633269\n|detailschange|p2a: Tyranitar|Tyranitar-Mega, M\n|-mega|p2a: Tyranitar|Tyranitar|Tyranitarite\n|move|p1a: Charizard|Focus Blast|p2a: Tyranitar\n|-supereffective|p2a: Tyranitar\n|-damage|p2a: Tyranitar|1\/100\n|move|p2a: Tyranitar|Superpower|p1a: Charizard\n|-resisted|p1a: Charizard\n|-damage|p1a: Charizard|56\/100\n|-unboost|p2a: Tyranitar|atk|1\n|-unboost|p2a: Tyranitar|def|1\n|\n|-weather|Sandstorm|[upkeep]\n|-damage|p1a: Charizard|50\/100|[from] Sandstorm\n|upkeep\n|turn|16\n|inactive|Laroxyl has 210 seconds left.\n|\n|t:|1664633304\n|switch|p1a: Tornadus|Tornadus-Therian, M|73\/100\n|move|p2a: Tyranitar|Stealth Rock|p1a: Tornadus\n|-sidestart|p1: Laroxyl|move: Stealth Rock\n|\n|-weather|Sandstorm|[upkeep]\n|-damage|p1a: Tornadus|67\/100|[from] Sandstorm\n|upkeep\n|turn|17\n|inactive|Laroxyl has 210 seconds left.\n|\n|t:|1664633321\n|switch|p1a: Excadrill|Excadrill, F|100\/100\n|-damage|p1a: Excadrill|97\/100|[from] Stealth Rock\n|-ability|p1a: Excadrill|Mold Breaker\n|switch|p2a: Tornadus|Tornadus-Therian, M|35\/100 tox\n|-damage|p2a: Tornadus|10\/100 tox|[from] Stealth Rock\n|\n|-weather|Sandstorm|[upkeep]\n|-damage|p2a: Tornadus|4\/100 tox|[from] Sandstorm\n|-heal|p1a: Excadrill|100\/100|[from] item: Leftovers\n|-damage|p2a: Tornadus|0 fnt|[from] psn\n|faint|p2a: Tornadus\n|upkeep\n|\n|t:|1664633325\n|switch|p2a: Keldeo|Keldeo|100\/100\n|-damage|p2a: Keldeo|94\/100|[from] Stealth Rock\n|turn|18\n|inactive|Laroxyl has 210 seconds left.\n|inactive|Laroxyl has 180 seconds left.\n|\n|t:|1664633368\n|switch|p1a: Tornadus|Tornadus-Therian, M|99\/100\n|-damage|p1a: Tornadus|75\/100|[from] Stealth Rock\n|move|p2a: Keldeo|Scald|p1a: Tornadus\n|-damage|p1a: Tornadus|31\/100\n|\n|-weather|none\n|upkeep\n|turn|19\n|inactive|Laroxyl has 180 seconds left.\n|\n|t:|1664633389\n|switch|p2a: Gliscor|Gliscor, M|51\/100 tox\n|-damage|p2a: Gliscor|38\/100 tox|[from] Stealth Rock\n|move|p1a: Tornadus|Hurricane|p2a: Gliscor\n|-damage|p2a: Gliscor|0 fnt\n|faint|p2a: Gliscor\n|\n|upkeep\n|\n|t:|1664633400\n|switch|p2a: Rotom|Rotom-Wash|81\/100\n|-damage|p2a: Rotom|69\/100|[from] Stealth Rock\n|turn|20\n|inactive|Laroxyl has 180 seconds left.\n|\n|t:|1664633413\n|move|p1a: Tornadus|U-turn|p2a: Rotom\n|-damage|p2a: Rotom|56\/100\n|\n|t:|1664633423\n|switch|p1a: Weavile|Weavile, F|100\/100|[from]move: U-turn\n|-damage|p1a: Weavile|76\/100|[from] Stealth Rock\n|-ability|p1a: Weavile|Pressure\n|move|p2a: Rotom|Hydro Pump|p1a: Weavile\n|-damage|p1a: Weavile|21\/100\n|\n|-heal|p2a: Rotom|62\/100|[from] item: Leftovers\n|upkeep\n|turn|21\n|\n|t:|1664633441\n|move|p1a: Weavile|Knock Off|p2a: Rotom\n|-damage|p2a: Rotom|4\/100\n|-enditem|p2a: Rotom|Leftovers|[from] move: Knock Off|[of] p1a: Weavile\n|move|p2a: Rotom|Volt Switch|p1a: Weavile\n|-damage|p1a: Weavile|0 fnt\n|faint|p1a: Weavile\n|\n|t:|1664633447\n|switch|p2a: Keldeo|Keldeo|94\/100|[from]move: Volt Switch\n|-damage|p2a: Keldeo|88\/100|[from] Stealth Rock\n|\n|upkeep\n|\n|t:|1664633453\n|switch|p1a: Tornadus|Tornadus-Therian, M|64\/100\n|-damage|p1a: Tornadus|40\/100|[from] Stealth Rock\n|turn|22\n|\n|t:|1664633465\n|switch|p2a: Rotom|Rotom-Wash|4\/100\n|-damage|p2a: Rotom|0 fnt|[from] Stealth Rock\n|faint|p2a: Rotom\n|move|p1a: Tornadus|Hurricane|p2: Rotom|[notarget]\n|-fail|p1a: Tornadus\n|\n|upkeep\n|\n|t:|1664633467\n|switch|p2a: Excadrill|Excadrill, M|74\/100\n|-damage|p2a: Excadrill|71\/100|[from] Stealth Rock\n|turn|23\n|inactive|Laroxyl has 180 seconds left.\n|\n|t:|1664633482\n|move|p1a: Tornadus|U-turn|p2a: Excadrill\n|-resisted|p2a: Excadrill\n|-damage|p2a: Excadrill|60\/100\n|\n|t:|1664633490\n|switch|p1a: Charizard|Charizard-Mega-Y, F|50\/100|[from]move: U-turn\n|-damage|p1a: Charizard|0 fnt|[from] Stealth Rock\n|faint|p1a: Charizard\n|move|p2a: Excadrill|Rapid Spin|p1: Charizard|[notarget]\n|-fail|p2a: Excadrill\n|\n|upkeep\n|inactive|Laroxyl disconnected and has 300 seconds to reconnect!\n|player|p1|\n|inactive|Laroxyl reconnected and has 155 seconds left.\n|player|p1|Laroxyl|#scl1spartans\n|inactive|Laroxyl has 150 seconds left.\n|inactive|Laroxyl has 120 seconds left.\n|inactive|Laroxyl has 90 seconds left.\n|\n|t:|1664633609\n|switch|p1a: Rotom|Rotom-Wash|65\/100\n|-damage|p1a: Rotom|52\/100|[from] Stealth Rock\n|turn|24\n|inactive|estarossa has 270 seconds left.\n|\n|t:|1664633657\n|switch|p2a: Tyranitar|Tyranitar-Mega, M|1\/100\n|-damage|p2a: Tyranitar|0 fnt|[from] Stealth Rock\n|faint|p2a: Tyranitar\n|move|p1a: Rotom|Hydro Pump|p2: Tyranitar|[notarget]\n|-fail|p1a: Rotom\n|\n|-heal|p1a: Rotom|58\/100|[from] item: Leftovers\n|upkeep\n|\n|t:|1664633659\n|switch|p2a: Keldeo|Keldeo|88\/100\n|-damage|p2a: Keldeo|82\/100|[from] Stealth Rock\n|turn|25\n|inactive|Laroxyl has 90 seconds left.\n|inactive|Laroxyl has 60 seconds left.\n|\n|t:|1664633703\n|switch|p1a: Excadrill|Excadrill, F|100\/100\n|-damage|p1a: Excadrill|97\/100|[from] Stealth Rock\n|-ability|p1a: Excadrill|Mold Breaker\n|move|p2a: Keldeo|Hydro Pump|p1a: Excadrill\n|-supereffective|p1a: Excadrill\n|-damage|p1a: Excadrill|0 fnt\n|faint|p1a: Excadrill\n|\n|upkeep\n|\n|t:|1664633709\n|switch|p1a: Tornadus|Tornadus-Therian, M|73\/100\n|-damage|p1a: Tornadus|48\/100|[from] Stealth Rock\n|turn|26\n|inactive|Laroxyl has 60 seconds left.\n|inactive|estarossa has 270 seconds left.\n|\n|t:|1664633744\n|switch|p2a: Excadrill|Excadrill, M|60\/100\n|-damage|p2a: Excadrill|57\/100|[from] Stealth Rock\n|move|p1a: Tornadus|Hurricane|p2a: Excadrill|[miss]\n|-miss|p1a: Tornadus|p2a: Excadrill\n|\n|upkeep\n|turn|27\n|inactive|Laroxyl has 60 seconds left.\n|\n|t:|1664633755\n|move|p1a: Tornadus|U-turn|p2a: Excadrill\n|-resisted|p2a: Excadrill\n|-damage|p2a: Excadrill|46\/100\n|\n|t:|1664633757\n|switch|p1a: Rotom|Rotom-Wash|58\/100|[from]move: U-turn\n|-damage|p1a: Rotom|46\/100|[from] Stealth Rock\n|move|p2a: Excadrill|Rock Slide|p1a: Rotom\n|-damage|p1a: Rotom|25\/100\n|\n|-heal|p1a: Rotom|31\/100|[from] item: Leftovers\n|upkeep\n|turn|28\n|\n|t:|1664633776\n|switch|p2a: Keldeo|Keldeo|82\/100\n|-damage|p2a: Keldeo|76\/100|[from] Stealth Rock\n|move|p1a: Rotom|Hydro Pump|p2a: Keldeo\n|-resisted|p2a: Keldeo\n|-damage|p2a: Keldeo|53\/100\n|\n|-heal|p1a: Rotom|38\/100|[from] item: Leftovers\n|upkeep\n|turn|29\n|inactive|estarossa has 240 seconds left.\n|\n|t:|1664633798\n|move|p2a: Keldeo|Secret Sword|p1a: Rotom\n|-damage|p1a: Rotom|0 fnt\n|faint|p1a: Rotom\n|\n|upkeep\n|\n|t:|1664633801\n|switch|p1a: Tornadus|Tornadus-Therian, M|81\/100\n|-damage|p1a: Tornadus|56\/100|[from] Stealth Rock\n|turn|30\n|\n|t:|1664633803\n|move|p1a: Tornadus|Hurricane|p2a: Keldeo\n|-supereffective|p2a: Keldeo\n|-damage|p2a: Keldeo|0 fnt\n|faint|p2a: Keldeo\n|\n|upkeep\n|\n|t:|1664633805\n|switch|p2a: Excadrill|Excadrill, M|46\/100\n|-damage|p2a: Excadrill|43\/100|[from] Stealth Rock\n|turn|31\n|\n|t:|1664633808\n|move|p1a: Tornadus|Heat Wave|p2a: Excadrill\n|-supereffective|p2a: Excadrill\n|-damage|p2a: Excadrill|0 fnt\n|faint|p2a: Excadrill\n|\n|win|Laroxyl\n|c|\u2606Laroxyl|gg\n","uploadtime":1664633809,"views":18,"p1id":"laroxyl","p2id":"estarossa","formatid":"gen6ou","rating":0,"private":0,"password":null}