{"id":"sports-gen8nationaldexdlclegacy-313449","p1":"TehranTyphlosions","p2":"TeamDaniel","format":"gen8nationaldexdlclegacy","log":"|j|\u2606TehranTyphlosions\n|j|\u2606TeamDaniel\n|t:|1610060856\n|player|p1|TehranTyphlosions|clair|\n|player|p2|TeamDaniel|teamdaniel.png|\n|teamsize|p1|6\n|teamsize|p2|6\n|gametype|singles\n|gen|8\n|tier|[Gen 8] National Dex DLC Legacy\n|rule|Sleep Clause Mod: Limit one foe put to sleep\n|rule|OHKO Clause: OHKO moves are banned\n|rule|Evasion Moves Clause: Evasion moves are banned\n|rule|Endless Battle Clause: Forcing endless battles is banned\n|rule|HP Percentage Mod: HP is shown in percentages\n|clearpoke\n|poke|p1|Ferrothorn, F|\n|poke|p1|Gengar, F|\n|poke|p1|Tornadus-Therian, M|\n|poke|p1|Urshifu-*, M|\n|poke|p1|Altaria, M|\n|poke|p1|Entei|\n|poke|p2|Regigigas|\n|poke|p2|Lopunny, F|\n|poke|p2|Noivern, M|\n|poke|p2|Rotom-Heat|\n|poke|p2|Drapion, M|\n|poke|p2|Sylveon, F|\n|rule|Dynamax Clause: You cannot dynamax\n|teampreview\n|html|<button name=\"send\" class=\"button\" value=\"\/timer ds\"><i class=\"fa fa-hourglass-start\"><\/i> DS Timer<\/button> <button name=\"send\" class=\"button\" value=\"\/timer smogon\"><i class=\"fa fa-hourglass-start\"><\/i> Smogon Timer<\/button>\n|c|\u2606TehranTyphlosions|gl gl\n|j| Bananacrazy111\n|j| PorygonTheBot\n|c| PorygonTheBot|ghlf :)\n|c|\u2606TeamDaniel|glhf :)\n|\n|t:|1610060903\n|start\n|switch|p1a: Tornadus|Tornadus-Therian, M|100\/100\n|switch|p2a: bassthoven|Noivern, M|100\/100\n|-item|p1a: Tornadus|Heavy-Duty Boots|[from] ability: Frisk|[of] p2a: bassthoven|[identify]\n|turn|1\n|\n|t:|1610060918\n|switch|p2a: big fan|Rotom-Heat|100\/100\n|move|p1a: Tornadus|U-turn|p2a: big fan\n|-resisted|p2a: big fan\n|-damage|p2a: big fan|91\/100\n|\n|t:|1610060959\n|switch|p1a: Entei|Entei|100\/100|[from]move: U-turn\n|\n|upkeep\n|turn|2\n|\n|t:|1610060978\n|move|p1a: Entei|Eruption|p2a: big fan\n|-resisted|p2a: big fan\n|-damage|p2a: big fan|30\/100\n|move|p2a: big fan|Volt Switch|p1a: Entei\n|-crit|p1a: Entei\n|-damage|p1a: Entei|48\/100\n|c|\u2606TeamDaniel|o\n|j| EGAGastrodons\n|\n|t:|1610061006\n|switch|p2a: bassthoven|Noivern, M|100\/100|[from]move: Volt Switch\n|-item|p1a: Entei|Choice Specs|[from] ability: Frisk|[of] p2a: bassthoven|[identify]\n|\n|upkeep\n|turn|3\n|\n|t:|1610061018\n|switch|p1a: Ferrothorn|Ferrothorn, F|100\/100\n|move|p2a: bassthoven|U-turn|p1a: Ferrothorn\n|-damage|p1a: Ferrothorn|95\/100\n|-damage|p2a: bassthoven|88\/100|[from] ability: Iron Barbs|[of] p1a: Ferrothorn\n|-damage|p2a: bassthoven|72\/100|[from] item: Rocky Helmet|[of] p1a: Ferrothorn\n|\n|t:|1610061031\n|switch|p2a: big fan|Rotom-Heat|30\/100|[from]move: U-turn\n|\n|upkeep\n|turn|4\n|\n|t:|1610061042\n|switch|p1a: Altaria|Altaria, M|100\/100\n|move|p2a: big fan|Overheat|p1a: Altaria\n|-resisted|p1a: Altaria\n|-damage|p1a: Altaria|80\/100\n|-unboost|p2a: big fan|spa|2\n|\n|upkeep\n|turn|5\n|\n|t:|1610061047\n|detailschange|p1a: Altaria|Altaria-Mega, M\n|-mega|p1a: Altaria|Altaria|Altarianite\n|move|p2a: big fan|Will-O-Wisp|p1a: Altaria|[miss]\n|-miss|p2a: big fan|p1a: Altaria\n|move|p1a: Altaria|Toxic|p2a: big fan\n|-status|p2a: big fan|tox\n|\n|-damage|p2a: big fan|24\/100 tox|[from] psn\n|upkeep\n|turn|6\n|c| EGAGastrodons|Eruption :monkaS:\n|\n|t:|1610061064\n|move|p2a: big fan|Will-O-Wisp|p1a: Altaria\n|-status|p1a: Altaria|brn\n|move|p1a: Altaria|Hyper Voice|p2a: big fan\n|-resisted|p2a: big fan\n|-damage|p2a: big fan|0 fnt\n|faint|p2a: big fan\n|\n|-damage|p1a: Altaria|74\/100 brn|[from] brn\n|upkeep\n|c| EGAGastrodons|Holy fuck\n|\n|t:|1610061086\n|switch|p2a: :)|Sylveon, F|100\/100\n|turn|7\n|\n|t:|1610061094\n|switch|p1a: Gengar|Gengar, F|100\/100\n|move|p2a: :)|Calm Mind|p2a: :)\n|-boost|p2a: :)|spa|1\n|-boost|p2a: :)|spd|1\n|\n|upkeep\n|turn|8\n|\n|t:|1610061098\n|move|p1a: Gengar|Sludge Wave|p2a: :)\n|-supereffective|p2a: :)\n|-damage|p2a: :)|50\/100\n|move|p2a: :)|Psyshock|p1a: Gengar\n|-supereffective|p1a: Gengar\n|-damage|p1a: Gengar|0 fnt\n|faint|p1a: Gengar\n|\n|-heal|p2a: :)|56\/100|[from] item: Leftovers\n|upkeep\n|\n|t:|1610061122\n|switch|p1a: Urshifu|Urshifu, M|100\/100\n|turn|9\n|\n|t:|1610061128\n|switch|p2a: >:(|Drapion, M|100\/100\n|move|p1a: Urshifu|Poison Jab|p2a: >:(\n|-resisted|p2a: >:(\n|-damage|p2a: >:(|90\/100\n|-damage|p1a: Urshifu|84\/100|[from] item: Rocky Helmet|[of] p2a: >:(\n|\n|upkeep\n|turn|10\n|\n|t:|1610061142\n|switch|p1a: Tornadus|Tornadus-Therian, M|100\/100\n|move|p2a: >:(|Knock Off|p1a: Tornadus\n|-damage|p1a: Tornadus|74\/100\n|-enditem|p1a: Tornadus|Heavy-Duty Boots|[from] move: Knock Off|[of] p2a: >:(\n|\n|upkeep\n|turn|11\n|\n|t:|1610061154\n|move|p1a: Tornadus|Hurricane|p2a: >:(\n|-damage|p2a: >:(|39\/100\n|-start|p2a: >:(|confusion\n|-activate|p2a: >:(|confusion\n|move|p2a: >:(|Poison Jab|p1a: Tornadus\n|-damage|p1a: Tornadus|49\/100\n|\n|upkeep\n|turn|12\n|\n|t:|1610061173\n|switch|p2a: bassthoven|Noivern, M|72\/100\n|move|p1a: Tornadus|U-turn|p2a: bassthoven\n|-resisted|p2a: bassthoven\n|-damage|p2a: bassthoven|62\/100\n|\n|t:|1610061178\n|switch|p1a: Urshifu|Urshifu, M|84\/100|[from]move: U-turn\n|\n|upkeep\n|turn|13\n|\n|t:|1610061193\n|move|p2a: bassthoven|Hurricane|p1a: Urshifu\n|-supereffective|p1a: Urshifu\n|-damage|p1a: Urshifu|0 fnt\n|faint|p1a: Urshifu\n|\n|upkeep\n|\n|t:|1610061195\n|switch|p1a: Altaria|Altaria-Mega, M|74\/100 brn\n|turn|14\n|c| Bananacrazy111|:o\n|\n|t:|1610061204\n|move|p2a: bassthoven|Hurricane|p1a: Altaria\n|-damage|p1a: Altaria|38\/100 brn\n|move|p1a: Altaria|Hyper Voice|p2a: bassthoven\n|-supereffective|p2a: bassthoven\n|-damage|p2a: bassthoven|0 fnt\n|faint|p2a: bassthoven\n|\n|-damage|p1a: Altaria|31\/100 brn|[from] brn\n|upkeep\n|c| Bananacrazy111|wait i just realized\n|c| Bananacrazy111|daniel has a regigigas\n|c| EGAGastrodons|That\u2019s about to sweep ofc\n|\n|t:|1610061228\n|switch|p2a: hmmmmmm|Lopunny, F|100\/100\n|turn|15\n|c| EGAGastrodons|Wrong normal type\n|\n|t:|1610061242\n|switch|p1a: Ferrothorn|Ferrothorn, F|95\/100\n|detailschange|p2a: hmmmmmm|Lopunny-Mega, F\n|-mega|p2a: hmmmmmm|Lopunny|Lopunnite\n|move|p2a: hmmmmmm|Fake Out|p1a: Ferrothorn\n|-resisted|p1a: Ferrothorn\n|-damage|p1a: Ferrothorn|88\/100\n|-damage|p2a: hmmmmmm|88\/100|[from] ability: Iron Barbs|[of] p1a: Ferrothorn\n|-damage|p2a: hmmmmmm|72\/100|[from] item: Rocky Helmet|[of] p1a: Ferrothorn\n|\n|upkeep\n|turn|16\n|\n|t:|1610061248\n|switch|p2a: >:(|Drapion, M|39\/100\n|move|p1a: Ferrothorn|Protect||[still]\n|-fail|p1a: Ferrothorn\n|\n|upkeep\n|turn|17\n|\n|t:|1610061258\n|move|p2a: >:(|Taunt|p1a: Ferrothorn\n|-start|p1a: Ferrothorn|move: Taunt\n|move|p1a: Ferrothorn|Gyro Ball|p2a: >:(\n|-damage|p2a: >:(|7\/100\n|-damage|p1a: Ferrothorn|71\/100|[from] item: Rocky Helmet|[of] p2a: >:(\n|\n|upkeep\n|turn|18\n|\n|t:|1610061267\n|switch|p1a: Tornadus|Tornadus-Therian, M|82\/100\n|move|p2a: >:(|Knock Off|p1a: Tornadus\n|-damage|p1a: Tornadus|64\/100\n|\n|upkeep\n|turn|19\n|\n|t:|1610061276\n|move|p1a: Tornadus|U-turn|p2a: >:(\n|-damage|p2a: >:(|0 fnt\n|-damage|p1a: Tornadus|47\/100|[from] item: Rocky Helmet|[of] p2a: >:(\n|faint|p2a: >:(\n|\n|t:|1610061281\n|switch|p1a: Ferrothorn|Ferrothorn, F|71\/100|[from]move: U-turn\n|\n|upkeep\n|\n|t:|1610061284\n|switch|p2a: :)|Sylveon, F|56\/100\n|turn|20\n|\n|t:|1610061288\n|move|p2a: :)|Mystical Fire|p1a: Ferrothorn\n|-supereffective|p1a: Ferrothorn\n|-crit|p1a: Ferrothorn\n|-damage|p1a: Ferrothorn|0 fnt\n|faint|p1a: Ferrothorn\n|\n|-heal|p2a: :)|62\/100|[from] item: Leftovers\n|upkeep\n|c|\u2606TeamDaniel|oh i hope that didn't matter\n|\n|t:|1610061307\n|switch|p1a: Entei|Entei|48\/100\n|turn|21\n|c| Bananacrazy111|would be a bit surprised tbh, sylveon is quite strong\n|\n|t:|1610061322\n|move|p1a: Entei|Fire Blast|p2a: :)\n|-damage|p2a: :)|13\/100\n|move|p2a: :)|Mystical Fire|p1a: Entei\n|-resisted|p1a: Entei\n|-damage|p1a: Entei|38\/100\n|-unboost|p1a: Entei|spa|1\n|\n|-heal|p2a: :)|20\/100|[from] item: Leftovers\n|upkeep\n|turn|22\n|\n|t:|1610061329\n|move|p1a: Entei|Fire Blast|p2a: :)\n|-damage|p2a: :)|0 fnt\n|faint|p2a: :)\n|\n|upkeep\n|\n|t:|1610061332\n|switch|p2a: hmmmmmm|Lopunny-Mega, F|72\/100\n|turn|23\n|c| EGAGastrodons|He don\u2019t miss yhough\n|\n|t:|1610061340\n|switch|p1a: Altaria|Altaria-Mega, M|31\/100 brn\n|move|p2a: hmmmmmm|Fake Out|p1a: Altaria\n|-damage|p1a: Altaria|10\/100 brn\n|\n|-damage|p1a: Altaria|4\/100 brn|[from] brn\n|upkeep\n|turn|24\n|c| EGAGastrodons|though\n|c| Bananacrazy111|espeed\n|c| Bananacrazy111|rn\n|\n|t:|1610061351\n|move|p2a: hmmmmmm|U-turn|p1a: Altaria\n|-resisted|p1a: Altaria\n|-damage|p1a: Altaria|0 fnt\n|faint|p1a: Altaria\n|\n|t:|1610061355\n|switch|p2a: gay computer|Regigigas|100\/100|[from]move: U-turn\n|-start|p2a: gay computer|ability: Slow Start\n|\n|upkeep\n|\n|t:|1610061358\n|switch|p1a: Entei|Entei|38\/100\n|turn|25\n|c| EGAGastrodons|Oh no\n|c| Bananacrazy111|IN\n|\n|t:|1610061366\n|move|p2a: gay computer|Protect|p2a: gay computer\n|-singleturn|p2a: gay computer|Protect\n|move|p1a: Entei|Fire Blast|p2a: gay computer\n|-activate|p2a: gay computer|move: Protect\n|\n|upkeep\n|turn|26\n|\n|t:|1610061370\n|move|p1a: Entei|Fire Blast|p2a: gay computer\n|-damage|p2a: gay computer|48\/100\n|-status|p2a: gay computer|brn\n|move|p2a: gay computer|Knock Off|p1a: Entei\n|-damage|p1a: Entei|28\/100\n|-enditem|p1a: Entei|Choice Specs|[from] move: Knock Off|[of] p2a: gay computer\n|\n|-damage|p2a: gay computer|42\/100 brn|[from] brn\n|upkeep\n|turn|27\n|c| Bananacrazy111|riiiiiiiiiiiiiiiiiiiiiiiiiiiiiiiiiiiiiiiiiiiip\n|\n|t:|1610061381\n|move|p1a: Entei|Eruption|p2a: gay computer\n|-damage|p2a: gay computer|28\/100 brn\n|move|p2a: gay computer|Thunder Wave|p1a: Entei\n|-status|p1a: Entei|par\n|\n|-damage|p2a: gay computer|22\/100 brn|[from] brn\n|upkeep\n|turn|28\n|c| EGAGastrodons|Gay computer\n|c| EGAGastrodons|more like\n|c| EGAGastrodons|dead computer\n|\n|t:|1610061389\n|move|p1a: Entei|Fire Blast|p2a: gay computer\n|-damage|p2a: gay computer|0 fnt\n|faint|p2a: gay computer\n|-end|p2a: gay computer|Slow Start|[silent]\n|\n|upkeep\n|c| Bananacrazy111|gottem\n|\n|t:|1610061394\n|switch|p2a: hmmmmmm|Lopunny-Mega, F|72\/100\n|turn|29\n|\n|t:|1610061398\n|move|p2a: hmmmmmm|Fake Out|p1a: Entei\n|-damage|p1a: Entei|6\/100 par\n|cant|p1a: Entei|par\n|\n|upkeep\n|turn|30\n|\n|t:|1610061402\n|move|p2a: hmmmmmm|U-turn|p1a: Entei\n|-resisted|p1a: Entei\n|-damage|p1a: Entei|0 fnt\n|faint|p1a: Entei\n|\n|upkeep\n|\n|t:|1610061404\n|switch|p1a: Tornadus|Tornadus-Therian, M|80\/100\n|turn|31\n|c| Bananacrazy111|smh para\n|\n|t:|1610061407\n|move|p2a: hmmmmmm|Triple Axel|p1a: Tornadus\n|-supereffective|p1a: Tornadus\n|-damage|p1a: Tornadus|68\/100\n|-supereffective|p1a: Tornadus\n|-damage|p1a: Tornadus|42\/100\n|-supereffective|p1a: Tornadus\n|-damage|p1a: Tornadus|2\/100\n|-hitcount|p1a: Tornadus|3\n|move|p1a: Tornadus|Hurricane|p2a: hmmmmmm\n|-supereffective|p2a: hmmmmmm\n|-damage|p2a: hmmmmmm|0 fnt\n|faint|p2a: hmmmmmm\n|\n|win|TehranTyphlosions\n|l| PorygonTheBot\n|c|\u2606TehranTyphlosions|gg\n|c|\u2606TehranTyphlosions|close af\n|c|\u2606TeamDaniel|gg\n|c| Bananacrazy111|wtf\n|c| Bananacrazy111|that lived?\n","uploadtime":1610061408,"views":13,"p1id":"tehrantyphlosions","p2id":"teamdaniel","formatid":"gen8nationaldexdlclegacy","rating":0,"private":0,"password":null}