{"id":"sports-gen7draftleague-667300","p1":"GeniusX","p2":"theoldydragon","format":"gen7draftleague","log":"|j|\u2606GeniusX\n|j|\u2606theoldydragon\n|t:|1655043609\n|gametype|singles\n|player|p1|GeniusX|geniusx.gif|\n|player|p2|theoldydragon|theoldydragon.png|\n|teamsize|p1|6\n|teamsize|p2|6\n|gen|7\n|tier|[Gen 7] Draft League\n|rule|Sleep Clause Mod: Limit one foe put to sleep\n|rule|OHKO Clause: OHKO moves are banned\n|rule|Evasion Moves Clause: Evasion moves are banned\n|rule|Endless Battle Clause: Forcing endless battles is banned\n|rule|HP Percentage Mod: HP is shown in percentages\n|clearpoke\n|poke|p1|Servine, F|item\n|poke|p1|Tapu Fini|item\n|poke|p1|Kartana|item\n|poke|p1|Greninja, F|item\n|poke|p1|Aerodactyl, F|item\n|poke|p1|Landorus-Therian, M|item\n|poke|p2|Rotom-Wash|item\n|poke|p2|Scizor, F|item\n|poke|p2|Pidgeot, M|item\n|poke|p2|Cofagrigus, M|item\n|poke|p2|Cobalion|item\n|poke|p2|Garchomp, M|item\n|teampreview\n|html|<button name=\"send\" class=\"button\" value=\"\/timer ds\"><i class=\"fa fa-hourglass-start\"><\/i> DS Timer<\/button> <button name=\"send\" class=\"button\" value=\"\/timer smogon\"><i class=\"fa fa-hourglass-start\"><\/i> Smogon Timer<\/button>\n|c|\u2606GeniusX|can u link\n|c|\u2606GeniusX|hf\n|c|\u2606theoldydragon|just did\n|c|\u2606theoldydragon|glhf\n|j| IronFlashGaming\n|inactive|Battle timer is ON: inactive players will automatically lose when time's up. (requested by theoldydragon)\n|j| VIG Luffy\n|j| 2 of us\n|\n|t:|1655043661\n|start\n|switch|p1a: Landorus|Landorus-Therian, M|100\/100\n|switch|p2a: Rinnegan-Washed|Rotom-Wash|100\/100\n|-ability|p1a: Landorus|Intimidate|boost\n|-unboost|p2a: Rinnegan-Washed|atk|1\n|turn|1\n|c| IronFlashGaming|Popcorn for breakfast it is\n|j| DZ Odin\n|\n|t:|1655043668\n|move|p1a: Landorus|Protect|p1a: Landorus\n|-singleturn|p1a: Landorus|Protect\n|move|p2a: Rinnegan-Washed|Volt Switch|p1a: Landorus\n|-activate|p1a: Landorus|move: Protect\n|\n|upkeep\n|turn|2\n|c| IronFlashGaming|Timer\n|j| PokeFan4125\n|j| Gods armada\n|inactive|GeniusX has 270 seconds left.\n|\n|t:|1655043702\n|move|p1a: Landorus|Stealth Rock|p2a: Rinnegan-Washed\n|-sidestart|p2: theoldydragon|move: Stealth Rock\n|move|p2a: Rinnegan-Washed|Volt Switch|p1a: Landorus\n|-immune|p1a: Landorus\n|\n|upkeep\n|turn|3\n|\n|t:|1655043711\n|switch|p1a: Servine|Servine, F, shiny|100\/100\n|move|p2a: Rinnegan-Washed|Volt Switch|p1a: Servine\n|-resisted|p1a: Servine\n|-damage|p1a: Servine|92\/100\n|\n|t:|1655043714\n|switch|p2a: Pyrogeot|Pidgeot, M|100\/100|[from]move: Volt Switch\n|-damage|p2a: Pyrogeot|76\/100|[from] Stealth Rock\n|\n|upkeep\n|turn|4\n|j| MoneyGuy9559\n|j| GO OLDHEADS\n|c| GO OLDHEADS|WOOOO\n|j| Kniops\n|\n|t:|1655043737\n|switch|p1a: Aerodactyl|Aerodactyl, F|100\/100\n|detailschange|p2a: Pyrogeot|Pidgeot-Mega, M\n|-mega|p2a: Pyrogeot|Pidgeot|Pidgeotite\n|move|p2a: Pyrogeot|Substitute|p2a: Pyrogeot\n|-start|p2a: Pyrogeot|Substitute\n|-damage|p2a: Pyrogeot|51\/100\n|\n|upkeep\n|turn|5\n|j| Guess what? PIVOT.\n|c| GO OLDHEADS|GO VES\n|\n|t:|1655043741\n|detailschange|p1a: Aerodactyl|Aerodactyl-Mega, F\n|-mega|p1a: Aerodactyl|Aerodactyl|Aerodactylite\n|move|p1a: Aerodactyl|Stone Edge|p2a: Pyrogeot\n|-supereffective|p2a: Pyrogeot\n|-end|p2a: Pyrogeot|Substitute\n|move|p2a: Pyrogeot|Toxic|p1a: Aerodactyl\n|-status|p1a: Aerodactyl|tox\n|\n|-damage|p1a: Aerodactyl|94\/100 tox|[from] psn\n|upkeep\n|turn|6\n|\n|t:|1655043744\n|-activate|p2a: Pyrogeot|move: Pursuit\n|move|p1a: Aerodactyl|Pursuit|p2a: Pyrogeot|[from]Pursuit\n|-damage|p2a: Pyrogeot|7\/100\n|switch|p2a: Tjboatalion|Cobalion|100\/100\n|-damage|p2a: Tjboatalion|97\/100|[from] Stealth Rock\n|\n|-damage|p1a: Aerodactyl|82\/100 tox|[from] psn\n|upkeep\n|turn|7\n|\n|t:|1655043753\n|switch|p1a: Landorus|Landorus-Therian, M|100\/100\n|-ability|p1a: Landorus|Intimidate|boost\n|-unboost|p2a: Tjboatalion|atk|1\n|move|p2a: Tjboatalion|Hidden Power|p1a: Landorus\n|-supereffective|p1a: Landorus\n|-crit|p1a: Landorus\n|-damage|p1a: Landorus|19\/100\n|\n|-heal|p1a: Landorus|25\/100|[from] item: Leftovers\n|upkeep\n|turn|8\n|inactive|GeniusX has 270 seconds left.\n|\n|t:|1655043790\n|switch|p2a: Rinnegan-Washed|Rotom-Wash|100\/100\n|-damage|p2a: Rinnegan-Washed|88\/100|[from] Stealth Rock\n|switch|p1a: Tapu Fini|Tapu Fini, shiny|100\/100\n|-fieldstart|move: Misty Terrain|[from] ability: Misty Surge|[of] p1a: Tapu Fini\n|\n|upkeep\n|turn|9\n|inactive|GeniusX has 270 seconds left.\n|\n|t:|1655043798\n|switch|p1a: Landorus|Landorus-Therian, M|25\/100\n|-ability|p1a: Landorus|Intimidate|boost\n|-unboost|p2a: Rinnegan-Washed|atk|1\n|move|p2a: Rinnegan-Washed|Defog|p1a: Landorus\n|-unboost|p1a: Landorus|evasion|1\n|-sideend|p2: theoldydragon|Stealth Rock|[from] move: Defog|[of] p2a: Rinnegan-Washed\n|\n|-heal|p1a: Landorus|31\/100|[from] item: Leftovers\n|upkeep\n|turn|10\n|\n|t:|1655043805\n|move|p1a: Landorus|Protect|p1a: Landorus\n|-singleturn|p1a: Landorus|Protect\n|move|p2a: Rinnegan-Washed|Hydro Pump|p1a: Landorus\n|-activate|p1a: Landorus|move: Protect\n|\n|-heal|p1a: Landorus|37\/100|[from] item: Leftovers\n|upkeep\n|turn|11\n|inactive|GeniusX has 270 seconds left.\n|\n|t:|1655043820\n|switch|p1a: Servine|Servine, F, shiny|92\/100\n|move|p2a: Rinnegan-Washed|Volt Switch|p1a: Servine\n|-resisted|p1a: Servine\n|-damage|p1a: Servine|84\/100\n|\n|t:|1655043825\n|switch|p2a: Pyrogeot|Pidgeot-Mega, M|7\/100|[from]move: Volt Switch\n|\n|upkeep\n|turn|12\n|inactive|GeniusX has 270 seconds left.\n|\n|t:|1655043860\n|switch|p1a: Aerodactyl|Aerodactyl-Mega, F|82\/100 tox\n|move|p2a: Pyrogeot|Roost|p2a: Pyrogeot\n|-heal|p2a: Pyrogeot|57\/100\n|-singleturn|p2a: Pyrogeot|move: Roost\n|\n|-damage|p1a: Aerodactyl|76\/100 tox|[from] psn\n|-fieldend|Misty Terrain\n|upkeep\n|turn|13\n|j| Joshtheturtwig\n|j| rhv moment\n|j| fartballs45\n|\n|t:|1655043869\n|-activate|p2a: Pyrogeot|move: Pursuit\n|move|p1a: Aerodactyl|Pursuit|p2a: Pyrogeot|[from]Pursuit\n|-damage|p2a: Pyrogeot|11\/100\n|switch|p2a: Tjboatalion|Cobalion|97\/100\n|\n|-damage|p1a: Aerodactyl|64\/100 tox|[from] psn\n|upkeep\n|turn|14\n|j| palkia62\n|l| Kniops\n|\n|t:|1655043876\n|switch|p1a: Tapu Fini|Tapu Fini, shiny|100\/100\n|-fieldstart|move: Misty Terrain|[from] ability: Misty Surge|[of] p1a: Tapu Fini\n|move|p2a: Tjboatalion|Volt Switch|p1a: Tapu Fini\n|-supereffective|p1a: Tapu Fini\n|-damage|p1a: Tapu Fini|67\/100\n|\n|t:|1655043885\n|switch|p2a: Pyrogeot|Pidgeot-Mega, M|11\/100|[from]move: Volt Switch\n|\n|upkeep\n|turn|15\n|inactive|GeniusX has 270 seconds left.\n|\n|t:|1655043917\n|move|p1a: Tapu Fini|Moonblast|p2a: Pyrogeot\n|-damage|p2a: Pyrogeot|0 fnt\n|faint|p2a: Pyrogeot\n|\n|upkeep\n|n| GO OLDHEADS|gooldheads\n|l| IronFlashGaming\n|\n|t:|1655043942\n|switch|p2a: Kaifagrigus|Cofagrigus, M|100\/100\n|turn|16\n|j| no fun in mons\n|inactive|GeniusX has 240 seconds left.\n|l| fartballs45\n|\n|t:|1655043987\n|switch|p1a: Servine|Servine, F, shiny|84\/100\n|move|p2a: Kaifagrigus|Nasty Plot|p2a: Kaifagrigus\n|-boost|p2a: Kaifagrigus|spa|2\n|\n|upkeep\n|turn|17\n|l| 2 of us\n|inactive|GeniusX has 240 seconds left.\n|j| burrg\n|\n|t:|1655044014\n|move|p1a: Servine|Leaf Storm|p2a: Kaifagrigus\n|-damage|p2a: Kaifagrigus|70\/100\n|-boost|p1a: Servine|spa|2\n|move|p2a: Kaifagrigus|Trick Room|p2a: Kaifagrigus\n|-fieldstart|move: Trick Room|[of] p2a: Kaifagrigus\n|\n|upkeep\n|turn|18\n|inactive|GeniusX has 210 seconds left.\n|\n|t:|1655044062\n|move|p2a: Kaifagrigus|Shadow Ball|p1a: Servine\n|-damage|p1a: Servine|41\/100\n|move|p1a: Servine|Leaf Storm|p2a: Kaifagrigus\n|-damage|p2a: Kaifagrigus|10\/100\n|-boost|p1a: Servine|spa|2\n|\n|-fieldend|Misty Terrain\n|upkeep\n|turn|19\n|inactive|GeniusX has 180 seconds left.\n|j| DoogalHH\n|j|^Bontz\n|inactive|GeniusX has 150 seconds left.\n|\n|t:|1655044108\n|switch|p1a: Aerodactyl|Aerodactyl-Mega, F|64\/100 tox\n|move|p2a: Kaifagrigus|Shadow Ball|p1a: Aerodactyl\n|-damage|p1a: Aerodactyl|0 fnt\n|faint|p1a: Aerodactyl\n|\n|upkeep\n|j| IronFlashGaming\n|inactive|GeniusX has 150 seconds left.\n|\n|t:|1655044114\n|switch|p1a: Greninja|Greninja, F|100\/100\n|turn|20\n|\n|t:|1655044117\n|move|p1a: Greninja|Water Shuriken|p2a: Kaifagrigus\n|-damage|p2a: Kaifagrigus|0 fnt\n|faint|p2a: Kaifagrigus\n|-hitcount|p2: Kaifagrigus|1\n|\n|upkeep\n|j| fartballs45\n|\n|t:|1655044129\n|switch|p2a: Rinnegan-Washed|Rotom-Wash|88\/100\n|turn|21\n|j| Flappington\n|l| rhv moment\n|j| rhv moment\n|c| GO OLDHEADS|I\u2019ve been planking this whole game btw\n|c| GO OLDHEADS|fml\n|inactive|GeniusX has 150 seconds left.\n|j| Glopper\n|\n|t:|1655044165\n|switch|p1a: Servine|Servine, F, shiny|41\/100\n|move|p2a: Rinnegan-Washed|Volt Switch|p1a: Servine\n|-resisted|p1a: Servine\n|-crit|p1a: Servine\n|-damage|p1a: Servine|29\/100\n|c| Glopper|Xinf is my goat\n|c| no fun in mons|lets go fartballs45 is here\n|inactive|theoldydragon has 270 seconds left.\n|\n|t:|1655044193\n|switch|p2a: Garchompzz|Garchomp, M|100\/100|[from]move: Volt Switch\n|\n|-fieldend|move: Trick Room\n|upkeep\n|turn|22\n|c| fartballs45|Don\u2019t mention me cyan\n|inactive|GeniusX has 150 seconds left.\n|c| no fun in mons|ok fartballs45\n|inactive|GeniusX has 120 seconds left.\n|\n|t:|1655044237\n|move|p2a: Garchompzz|Poison Jab|p1a: Servine\n|-supereffective|p1a: Servine\n|-damage|p1a: Servine|0 fnt\n|faint|p1a: Servine\n|\n|upkeep\n|\n|t:|1655044243\n|switch|p1a: Landorus|Landorus-Therian, M|37\/100\n|-ability|p1a: Landorus|Intimidate|boost\n|-unboost|p2a: Garchompzz|atk|1\n|turn|23\n|inactive|GeniusX has 120 seconds left.\n|\n|t:|1655044258\n|switch|p1a: Kartana|Kartana|100\/100\n|move|p2a: Garchompzz|Aqua Tail|p1a: Kartana\n|-resisted|p1a: Kartana\n|-damage|p1a: Kartana|93\/100\n|\n|upkeep\n|turn|24\n|inactive|GeniusX has 120 seconds left.\n|j| Bready drag\n|j| Zone KING\n|inactive|GeniusX has 90 seconds left.\n|\n|t:|1655044300\n|switch|p1a: Greninja|Greninja, F|100\/100\n|move|p2a: Garchompzz|Stealth Rock|p1a: Greninja\n|-sidestart|p1: GeniusX|move: Stealth Rock\n|\n|upkeep\n|turn|25\n|inactive|GeniusX has 90 seconds left.\n|\n|t:|1655044311\n|switch|p2a: Rinnegan-Washed|Rotom-Wash|88\/100\n|move|p1a: Greninja|Hydro Pump|p2a: Rinnegan-Washed\n|-resisted|p2a: Rinnegan-Washed\n|-damage|p2a: Rinnegan-Washed|58\/100\n|\n|upkeep\n|turn|26\n|inactive|GeniusX has 90 seconds left.\n|inactive|theoldydragon has 270 seconds left.\n|l| fartballs45\n|\n|t:|1655044349\n|switch|p1a: Landorus|Landorus-Therian, M|37\/100\n|-damage|p1a: Landorus|24\/100|[from] Stealth Rock\n|-ability|p1a: Landorus|Intimidate|boost\n|-unboost|p2a: Rinnegan-Washed|atk|1\n|move|p2a: Rinnegan-Washed|Hydro Pump|p1a: Landorus\n|-supereffective|p1a: Landorus\n|-damage|p1a: Landorus|0 fnt\n|faint|p1a: Landorus\n|\n|upkeep\n|l| Glopper\n|\n|t:|1655044356\n|switch|p1a: Kartana|Kartana|93\/100\n|-damage|p1a: Kartana|87\/100|[from] Stealth Rock\n|turn|27\n|\n|t:|1655044366\n|switch|p2a: Garchompzz|Garchomp, M|100\/100\n|-zpower|p1a: Kartana\n|move|p1a: Kartana|All-Out Pummeling|p2a: Garchompzz|[zeffect]\n|-damage|p2a: Garchompzz|49\/100\n|\n|upkeep\n|turn|28\n|\n|t:|1655044374\n|move|p1a: Kartana|Leaf Blade|p2a: Garchompzz\n|-damage|p2a: Garchompzz|11\/100\n|-damage|p1a: Kartana|74\/100|[from] ability: Rough Skin|[of] p2a: Garchompzz\n|-damage|p1a: Kartana|58\/100|[from] item: Rocky Helmet|[of] p2a: Garchompzz\n|move|p2a: Garchompzz|Earthquake|p1a: Kartana\n|-damage|p1a: Kartana|13\/100\n|\n|upkeep\n|turn|29\n|j| Glopper\n|inactive|GeniusX has 60 seconds left.\n|j| fartballs45\n|\n|t:|1655044412\n|move|p1a: Kartana|Sacred Sword|p2a: Garchompzz\n|-damage|p2a: Garchompzz|0 fnt\n|-damage|p1a: Kartana|0 fnt|[from] ability: Rough Skin|[of] p2a: Garchompzz\n|faint|p2a: Garchompzz\n|faint|p1a: Kartana\n|\n|upkeep\n|j| Redirecteon\n|c| fartballs45|Holy Shit oldheads comeback\n|\n|t:|1655044430\n|switch|p1a: Greninja|Greninja, F|100\/100\n|switch|p2a: Tjboatalion|Cobalion|97\/100\n|-damage|p1a: Greninja|88\/100|[from] Stealth Rock\n|turn|30\n|\n|t:|1655044438\n|switch|p1a: Tapu Fini|Tapu Fini, shiny|67\/100\n|-damage|p1a: Tapu Fini|54\/100|[from] Stealth Rock\n|-fieldstart|move: Misty Terrain|[from] ability: Misty Surge|[of] p1a: Tapu Fini\n|move|p2a: Tjboatalion|Volt Switch|p1a: Tapu Fini\n|-supereffective|p1a: Tapu Fini\n|-damage|p1a: Tapu Fini|24\/100\n|\n|t:|1655044445\n|switch|p2a: Veszor|Scizor, F|100\/100|[from]move: Volt Switch\n|\n|upkeep\n|turn|31\n|\n|t:|1655044450\n|move|p2a: Veszor|Bullet Punch|p1a: Tapu Fini\n|-damage|p1a: Tapu Fini|0 fnt\n|faint|p1a: Tapu Fini\n|-damage|p2a: Veszor|91\/100|[from] item: Life Orb\n|\n|upkeep\n|\n|t:|1655044454\n|switch|p1a: Greninja|Greninja, F|88\/100\n|-damage|p1a: Greninja|76\/100|[from] Stealth Rock\n|turn|32\n|\n|t:|1655044456\n|move|p2a: Veszor|Quick Attack|p1a: Greninja\n|-damage|p1a: Greninja|29\/100\n|-damage|p2a: Veszor|81\/100|[from] item: Life Orb\n|move|p1a: Greninja|Hydro Pump|p2a: Veszor|[miss]\n|-miss|p1a: Greninja|p2a: Veszor\n|\n|upkeep\n|turn|33\n|l| Bready drag\n|c|\u2606theoldydragon|gg\n|\n|t:|1655044466\n|move|p2a: Veszor|Quick Attack|p1a: Greninja\n|-damage|p1a: Greninja|0 fnt\n|faint|p1a: Greninja\n|-damage|p2a: Veszor|71\/100|[from] item: Life Orb\n|\n|win|theoldydragon\n|c|\u2606GeniusX|ggg\n|l| IronFlashGaming\n|l| Joshtheturtwig\n|l| Glopper\n","uploadtime":1655044469,"views":177,"p1id":"geniusx","p2id":"theoldydragon","formatid":"gen7draftleague","rating":0,"private":0,"password":null}