{"id":"sports-gen8nationaldexdraft-615724","p1":"UnviaSai","p2":"AsterJ","format":"gen8nationaldexdraft","log":"|j|\u2606UnviaSai\n|j|\u2606AsterJ\n|t:|1647723264\n|gametype|singles\n|player|p1|UnviaSai|unviasai.png|\n|player|p2|AsterJ|asterj.png|\n|teamsize|p1|6\n|teamsize|p2|6\n|gen|8\n|tier|[Gen 8] National Dex Draft\n|rule|Sleep Clause Mod: Limit one foe put to sleep\n|rule|OHKO Clause: OHKO moves are banned\n|rule|Evasion Moves Clause: Evasion moves are banned\n|rule|Endless Battle Clause: Forcing endless battles is banned\n|rule|HP Percentage Mod: HP is shown in percentages\n|rule|Dynamax Clause: You cannot dynamax\n|clearpoke\n|poke|p1|Gardevoir, M|\n|poke|p1|Lycanroc-Dusk, F|\n|poke|p1|Alomomola, M|\n|poke|p1|Kyurem|\n|poke|p1|Scolipede, F|\n|poke|p1|Zeraora|\n|poke|p2|Hariyama, F|\n|poke|p2|Melmetal|\n|poke|p2|Nidoking, M|\n|poke|p2|Drampa, F|\n|poke|p2|Cinderace, M|\n|poke|p2|Tapu Bulu|\n|teampreview\n|html|<button name=\"send\" class=\"button\" value=\"\/timer ds\"><i class=\"fa fa-hourglass-start\"><\/i> DS Timer<\/button> <button name=\"send\" class=\"button\" value=\"\/timer smogon\"><i class=\"fa fa-hourglass-start\"><\/i> Smogon Timer<\/button>\n|c|\u2606AsterJ|Hf dude\n|c|\u2606UnviaSai|glhf\n|j| Unviabriel\n|j| Autumn Tokisaki\n|c| Autumn Tokisaki|good comms\n|\n|t:|1647723417\n|start\n|switch|p1a: Clockmaker|Zeraora|100\/100\n|switch|p2a: Hariyama|Hariyama, F|100\/100\n|turn|1\n|\n|t:|1647723427\n|move|p1a: Clockmaker|Volt Switch|p2a: Hariyama\n|-damage|p2a: Hariyama|86\/100\n|\n|t:|1647723452\n|switch|p1a: By Myself|Alomomola, M|100\/100|[from]move: Volt Switch\n|move|p2a: Hariyama|Knock Off|p1a: By Myself\n|-damage|p1a: By Myself|84\/100\n|-damage|p2a: Hariyama|69\/100|[from] item: Rocky Helmet|[of] p1a: By Myself\n|-enditem|p1a: By Myself|Rocky Helmet|[from] move: Knock Off|[of] p2a: Hariyama\n|\n|upkeep\n|turn|2\n|j| EGAWalreins\n|\n|t:|1647723476\n|switch|p2a: Drampa|Drampa, F|100\/100\n|move|p1a: By Myself|Knock Off|p2a: Drampa\n|-damage|p2a: Drampa|78\/100\n|-enditem|p2a: Drampa|Choice Specs|[from] move: Knock Off|[of] p1a: By Myself\n|\n|upkeep\n|turn|3\n|\n|t:|1647723513\n|switch|p1a: Can't Sleep Alone|Gardevoir, M|100\/100\n|-ability|p1a: Can't Sleep Alone|Sap Sipper|[from] ability: Trace|[of] p2a: Drampa\n|move|p2a: Drampa|Hyper Voice|p1a: Can't Sleep Alone\n|-damage|p1a: Can't Sleep Alone|46\/100\n|\n|upkeep\n|turn|4\n|\n|t:|1647723623\n|switch|p2a: Cinderace|Cinderace, M|100\/100\n|detailschange|p1a: Can't Sleep Alone|Gardevoir-Mega, M\n|-mega|p1a: Can't Sleep Alone|Gardevoir|Gardevoirite\n|move|p1a: Can't Sleep Alone|Mystical Fire|p2a: Cinderace\n|-resisted|p2a: Cinderace\n|-damage|p2a: Cinderace|81\/100\n|-unboost|p2a: Cinderace|spa|1\n|\n|upkeep\n|turn|5\n|\n|t:|1647723650\n|switch|p1a: By Myself|Alomomola, M|100\/100\n|move|p2a: Cinderace|U-turn|p1a: By Myself\n|-damage|p1a: By Myself|89\/100\n|\n|t:|1647723656\n|switch|p2a: Drampa|Drampa, F|78\/100|[from]move: U-turn\n|\n|upkeep\n|turn|6\n|\n|t:|1647723705\n|move|p1a: By Myself|Protect|p1a: By Myself\n|-singleturn|p1a: By Myself|Protect\n|move|p2a: Drampa|Hyper Voice|p1a: By Myself\n|-activate|p1a: By Myself|move: Protect\n|\n|upkeep\n|turn|7\n|\n|t:|1647723761\n|move|p2a: Drampa|Hyper Voice|p1a: By Myself\n|-damage|p1a: By Myself|32\/100\n|move|p1a: By Myself|Wish|p1a: By Myself\n|\n|upkeep\n|turn|8\n|\n|t:|1647723798\n|switch|p1a: Have Faith|Kyurem, shiny|100\/100\n|-ability|p1a: Have Faith|Pressure\n|move|p2a: Drampa|Hyper Voice|p1a: Have Faith\n|-damage|p1a: Have Faith|60\/100\n|\n|-heal|p1a: Have Faith|100\/100|[from] move: Wish|[wisher] By Myself\n|upkeep\n|turn|9\n|\n|t:|1647723823\n|switch|p2a: Hariyama|Hariyama, F|69\/100\n|move|p1a: Have Faith|Substitute|p1a: Have Faith\n|-start|p1a: Have Faith|Substitute\n|-damage|p1a: Have Faith|76\/100\n|\n|upkeep\n|turn|10\n|\n|t:|1647723839\n|move|p1a: Have Faith|Earth Power|p2a: Hariyama\n|-damage|p2a: Hariyama|53\/100\n|move|p2a: Hariyama|Knock Off|p1a: Have Faith\n|-end|p1a: Have Faith|Substitute\n|\n|upkeep\n|turn|11\n|\n|t:|1647723862\n|switch|p1a: By Myself|Alomomola, M|65\/100\n|move|p2a: Hariyama|Close Combat|p1a: By Myself\n|-damage|p1a: By Myself|38\/100\n|-unboost|p2a: Hariyama|def|1\n|-unboost|p2a: Hariyama|spd|1\n|\n|upkeep\n|turn|12\n|\n|t:|1647723872\n|switch|p2a: Nidoking|Nidoking, M|100\/100\n|move|p1a: By Myself|Wish|p1a: By Myself\n|\n|upkeep\n|turn|13\n|j| 12345DD\n|\n|t:|1647723880\n|switch|p1a: Have Faith|Kyurem, shiny|76\/100\n|-ability|p1a: Have Faith|Pressure\n|move|p2a: Nidoking|Stealth Rock|p1a: Have Faith\n|-sidestart|p1: UnviaSai|move: Stealth Rock\n|\n|-heal|p1a: Have Faith|100\/100|[from] move: Wish|[wisher] By Myself\n|upkeep\n|turn|14\n|\n|t:|1647723950\n|switch|p2a: Hariyama|Hariyama, F|53\/100\n|move|p1a: Have Faith|Freeze-Dry|p2a: Hariyama\n|-damage|p2a: Hariyama|43\/100\n|\n|upkeep\n|turn|15\n|\n|t:|1647724059\n|switch|p1a: By Myself|Alomomola, M|72\/100\n|-damage|p1a: By Myself|59\/100|[from] Stealth Rock\n|move|p2a: Hariyama|Knock Off|p1a: By Myself\n|-damage|p1a: By Myself|49\/100\n|\n|upkeep\n|turn|16\n|\n|t:|1647724070\n|switch|p1a: Can't Sleep Alone|Gardevoir-Mega, M|46\/100\n|-damage|p1a: Can't Sleep Alone|34\/100|[from] Stealth Rock\n|move|p2a: Hariyama|Close Combat|p1a: Can't Sleep Alone\n|-resisted|p1a: Can't Sleep Alone\n|-damage|p1a: Can't Sleep Alone|10\/100\n|-unboost|p2a: Hariyama|def|1\n|-unboost|p2a: Hariyama|spd|1\n|\n|upkeep\n|turn|17\n|\n|t:|1647724079\n|move|p2a: Hariyama|Bullet Punch|p1a: Can't Sleep Alone\n|-supereffective|p1a: Can't Sleep Alone\n|-damage|p1a: Can't Sleep Alone|0 fnt\n|faint|p1a: Can't Sleep Alone\n|\n|upkeep\n|l| EGAWalreins\n|j| Ollitoed\n|\n|t:|1647724120\n|switch|p1a: Clockmaker|Zeraora|100\/100\n|-damage|p1a: Clockmaker|88\/100|[from] Stealth Rock\n|turn|18\n|\n|t:|1647724137\n|switch|p2a: Nidoking|Nidoking, M|100\/100\n|move|p1a: Clockmaker|Bulk Up|p1a: Clockmaker\n|-boost|p1a: Clockmaker|atk|1\n|-boost|p1a: Clockmaker|def|1\n|\n|upkeep\n|turn|19\n|\n|t:|1647724143\n|move|p1a: Clockmaker|Blaze Kick|p2a: Nidoking\n|-damage|p2a: Nidoking|57\/100\n|-status|p2a: Nidoking|brn\n|move|p2a: Nidoking|Earth Power|p1a: Clockmaker\n|-supereffective|p1a: Clockmaker\n|-crit|p1a: Clockmaker\n|-enditem|p1a: Clockmaker|Shuca Berry|[eat]\n|-enditem|p1a: Clockmaker|Shuca Berry|[weaken]\n|-damage|p1a: Clockmaker|0 fnt\n|faint|p1a: Clockmaker\n|\n|-damage|p2a: Nidoking|51\/100 brn|[from] brn\n|upkeep\n|j| Spy C\n|j| Gies\n|\n|t:|1647724207\n|switch|p1a: Have Faith|Kyurem, shiny|100\/100\n|-ability|p1a: Have Faith|Pressure\n|turn|20\n|\n|t:|1647724239\n|switch|p2a: Hariyama|Hariyama, F|43\/100\n|move|p1a: Have Faith|Earth Power|p2a: Hariyama\n|-damage|p2a: Hariyama|28\/100\n|\n|upkeep\n|turn|21\n|l| Spy C\n|\n|t:|1647724327\n|move|p1a: Have Faith|Substitute|p1a: Have Faith\n|-start|p1a: Have Faith|Substitute\n|-damage|p1a: Have Faith|76\/100\n|move|p2a: Hariyama|Knock Off|p1a: Have Faith\n|-activate|p1a: Have Faith|move: Substitute|[damage]\n|\n|upkeep\n|turn|22\n|\n|t:|1647724348\n|move|p2a: Hariyama|Bullet Punch|p1a: Have Faith\n|-supereffective|p1a: Have Faith\n|-end|p1a: Have Faith|Substitute\n|move|p1a: Have Faith|Earth Power|p2a: Hariyama\n|-damage|p2a: Hariyama|11\/100\n|\n|upkeep\n|turn|23\n|\n|t:|1647724355\n|move|p1a: Have Faith|Substitute|p1a: Have Faith\n|-start|p1a: Have Faith|Substitute\n|-damage|p1a: Have Faith|51\/100\n|move|p2a: Hariyama|Close Combat|p1a: Have Faith\n|-supereffective|p1a: Have Faith\n|-end|p1a: Have Faith|Substitute\n|-unboost|p2a: Hariyama|def|1\n|-unboost|p2a: Hariyama|spd|1\n|\n|upkeep\n|turn|24\n|\n|t:|1647724361\n|move|p1a: Have Faith|Earth Power|p2a: Hariyama\n|-damage|p2a: Hariyama|0 fnt\n|faint|p2a: Hariyama\n|\n|upkeep\n|\n|t:|1647724380\n|switch|p2a: Cinderace|Cinderace, M|81\/100\n|turn|25\n|\n|t:|1647724388\n|switch|p1a: By Myself|Alomomola, M|82\/100\n|-damage|p1a: By Myself|70\/100|[from] Stealth Rock\n|move|p2a: Cinderace|Low Kick|p1a: By Myself\n|-damage|p1a: By Myself|61\/100\n|\n|upkeep\n|turn|26\n|\n|t:|1647724433\n|move|p2a: Cinderace|U-turn|p1a: By Myself\n|-damage|p1a: By Myself|51\/100\n|\n|t:|1647724437\n|switch|p2a: Drampa|Drampa, F|78\/100|[from]move: U-turn\n|move|p1a: By Myself|Wish|p1a: By Myself\n|\n|upkeep\n|turn|27\n|\n|t:|1647724443\n|switch|p1a: Blood Plume|Lycanroc-Dusk, F|100\/100\n|-damage|p1a: Blood Plume|88\/100|[from] Stealth Rock\n|move|p2a: Drampa|Draco Meteor|p1a: Blood Plume\n|-damage|p1a: Blood Plume|0 fnt\n|-unboost|p2a: Drampa|spa|2\n|faint|p1a: Blood Plume\n|\n|upkeep\n|\n|t:|1647724449\n|switch|p1a: Ernire|Scolipede, F|100\/100\n|-damage|p1a: Ernire|76\/100|[from] Stealth Rock\n|turn|28\n|\n|t:|1647724453\n|move|p1a: Ernire|Swords Dance|p1a: Ernire\n|-boost|p1a: Ernire|atk|2\n|move|p2a: Drampa|Flamethrower|p1a: Ernire\n|-supereffective|p1a: Ernire\n|-damage|p1a: Ernire|22\/100\n|\n|-ability|p1a: Ernire|Speed Boost|boost\n|-boost|p1a: Ernire|spe|1\n|upkeep\n|turn|29\n|\n|t:|1647724460\n|move|p1a: Ernire|Megahorn|p2a: Drampa\n|-damage|p2a: Drampa|0 fnt\n|faint|p2a: Drampa\n|\n|-ability|p1a: Ernire|Speed Boost|boost\n|-boost|p1a: Ernire|spe|1\n|upkeep\n|\n|t:|1647724462\n|switch|p2a: Melmetal|Melmetal|100\/100\n|turn|30\n|\n|t:|1647724468\n|move|p1a: Ernire|Earthquake|p2a: Melmetal\n|-supereffective|p2a: Melmetal\n|-damage|p2a: Melmetal|9\/100\n|move|p2a: Melmetal|Double Iron Bash|p1a: Ernire\n|-damage|p1a: Ernire|0 fnt\n|faint|p1a: Ernire\n|-hitcount|p1: Ernire|1\n|\n|upkeep\n|\n|t:|1647724512\n|switch|p1a: Have Faith|Kyurem, shiny|51\/100\n|-ability|p1a: Have Faith|Pressure\n|turn|31\n|l| Unviabriel\n|j| Birkenstock\n|\n|t:|1647724603\n|switch|p2a: Tapu Bulu|Tapu Bulu|100\/100\n|-fieldstart|move: Grassy Terrain|[from] ability: Grassy Surge|[of] p2a: Tapu Bulu\n|move|p1a: Have Faith|Earth Power|p2a: Tapu Bulu\n|-resisted|p2a: Tapu Bulu\n|-damage|p2a: Tapu Bulu|86\/100\n|\n|-heal|p2a: Tapu Bulu|92\/100|[from] Grassy Terrain\n|-heal|p1a: Have Faith|57\/100|[from] Grassy Terrain\n|upkeep\n|turn|32\n|j| Unviabriel\n|\n|t:|1647724621\n|switch|p1a: By Myself|Alomomola, M|85\/100\n|-damage|p1a: By Myself|72\/100|[from] Stealth Rock\n|move|p2a: Tapu Bulu|Close Combat|p1a: By Myself\n|-damage|p1a: By Myself|47\/100\n|-unboost|p2a: Tapu Bulu|def|1\n|-unboost|p2a: Tapu Bulu|spd|1\n|\n|-heal|p2a: Tapu Bulu|98\/100|[from] Grassy Terrain\n|-heal|p1a: By Myself|53\/100|[from] Grassy Terrain\n|upkeep\n|turn|33\n|l| 12345DD\n|\n|t:|1647724689\n|switch|p2a: Melmetal|Melmetal|9\/100\n|move|p1a: By Myself|Wish|p1a: By Myself\n|\n|-heal|p1a: By Myself|59\/100|[from] Grassy Terrain\n|-heal|p2a: Melmetal|15\/100|[from] Grassy Terrain\n|upkeep\n|turn|34\n|j| Glopper\n|\n|t:|1647724751\n|move|p1a: By Myself|Liquidation|p2a: Melmetal\n|-damage|p2a: Melmetal|2\/100\n|-unboost|p2a: Melmetal|def|1\n|move|p2a: Melmetal|Toxic|p1a: By Myself\n|-status|p1a: By Myself|tox\n|\n|-heal|p1a: By Myself|100\/100 tox|[from] move: Wish|[wisher] By Myself\n|-heal|p2a: Melmetal|9\/100|[from] Grassy Terrain\n|-damage|p1a: By Myself|94\/100 tox|[from] psn\n|upkeep\n|turn|35\n|\n|t:|1647724816\n|move|p2a: Melmetal|Protect|p2a: Melmetal\n|-singleturn|p2a: Melmetal|Protect\n|move|p1a: By Myself|Liquidation|p2a: Melmetal\n|-activate|p2a: Melmetal|move: Protect\n|\n|-heal|p1a: By Myself|100\/100 tox|[from] Grassy Terrain\n|-heal|p2a: Melmetal|15\/100|[from] Grassy Terrain\n|-damage|p1a: By Myself|88\/100 tox|[from] psn\n|-fieldend|move: Grassy Terrain\n|upkeep\n|turn|36\n|\n|t:|1647724834\n|switch|p2a: Nidoking|Nidoking, M|51\/100 brn\n|move|p1a: By Myself|Liquidation|p2a: Nidoking\n|-supereffective|p2a: Nidoking\n|-damage|p2a: Nidoking|3\/100 brn\n|-unboost|p2a: Nidoking|def|1\n|\n|-damage|p1a: By Myself|70\/100 tox|[from] psn\n|-damage|p2a: Nidoking|0 fnt|[from] brn\n|faint|p2a: Nidoking\n|upkeep\n|\n|t:|1647724851\n|switch|p2a: Cinderace|Cinderace, M|81\/100\n|turn|37\n|\n|t:|1647724859\n|move|p2a: Cinderace|U-turn|p1a: By Myself\n|-damage|p1a: By Myself|59\/100 tox\n|\n|t:|1647724866\n|switch|p2a: Melmetal|Melmetal|15\/100|[from]move: U-turn\n|move|p1a: By Myself|Wish|p1a: By Myself\n|\n|-damage|p1a: By Myself|34\/100 tox|[from] psn\n|upkeep\n|turn|38\n|\n|t:|1647724881\n|switch|p1a: Have Faith|Kyurem, shiny|57\/100\n|-ability|p1a: Have Faith|Pressure\n|move|p2a: Melmetal|Double Iron Bash|p1a: Have Faith\n|-supereffective|p1a: Have Faith\n|-damage|p1a: Have Faith|0 fnt\n|faint|p1a: Have Faith\n|-hitcount|p1: Have Faith|1\n|\n|upkeep\n|\n|t:|1647724886\n|switch|p1a: By Myself|Alomomola, M|67\/100 tox\n|-damage|p1a: By Myself|55\/100 tox|[from] Stealth Rock\n|turn|39\n|l| Autumn Tokisaki\n|\n|t:|1647724890\n|switch|p2a: Tapu Bulu|Tapu Bulu|98\/100\n|-fieldstart|move: Grassy Terrain|[from] ability: Grassy Surge|[of] p2a: Tapu Bulu\n|move|p1a: By Myself|Wish|p1a: By Myself\n|\n|-heal|p2a: Tapu Bulu|100\/100|[from] Grassy Terrain\n|-heal|p1a: By Myself|61\/100 tox|[from] Grassy Terrain\n|-damage|p1a: By Myself|55\/100 tox|[from] psn\n|upkeep\n|turn|40\n|\n|t:|1647724893\n|move|p1a: By Myself|Protect|p1a: By Myself\n|-singleturn|p1a: By Myself|Protect\n|move|p2a: Tapu Bulu|Wood Hammer|p1a: By Myself\n|-activate|p1a: By Myself|move: Protect\n|\n|-heal|p1a: By Myself|100\/100 tox|[from] move: Wish|[wisher] By Myself\n|-damage|p1a: By Myself|88\/100 tox|[from] psn\n|upkeep\n|turn|41\n|\n|t:|1647724895\n|move|p2a: Tapu Bulu|Wood Hammer|p1a: By Myself\n|-supereffective|p1a: By Myself\n|-damage|p1a: By Myself|0 fnt\n|faint|p1a: By Myself\n|-damage|p2a: Tapu Bulu|48\/100|[from] Recoil\n|\n|win|AsterJ\n|c|\u2606UnviaSai|gg\n|c|\u2606AsterJ|Gg\n|l| Glopper\n|l| Gies\n","uploadtime":1647724901,"views":55,"p1id":"unviasai","p2id":"asterj","formatid":"gen8nationaldexdraft","rating":0,"private":0,"password":null}