{"id":"sports-gen8nationaldexdraft-710154","p1":"Jeremy D Goat","p2":"Unviabriel","format":"gen8nationaldexdraft","log":"|j|\u2606Jeremy D Goat\n|j|\u2606Unviabriel\n|t:|1660773009\n|gametype|singles\n|player|p1|Jeremy D Goat|jeremydgoat.png|\n|player|p2|Unviabriel|unviabriel.png|\n|teamsize|p1|6\n|teamsize|p2|6\n|gen|8\n|tier|[Gen 8] National Dex Draft\n|rule|Sleep Clause Mod: Limit one foe put to sleep\n|rule|OHKO Clause: OHKO moves are banned\n|rule|Evasion Moves Clause: Evasion moves are banned\n|rule|Endless Battle Clause: Forcing endless battles is banned\n|rule|HP Percentage Mod: HP is shown in percentages\n|rule|Dynamax Clause: You cannot dynamax\n|clearpoke\n|poke|p1|Urshifu-*, M|\n|poke|p1|Diancie|\n|poke|p1|Toxtricity, F|\n|poke|p1|Skarmory, F|\n|poke|p1|Krookodile, M|\n|poke|p1|Starmie|\n|poke|p2|Cinderace, M|\n|poke|p2|Zapdos|\n|poke|p2|Slowbro, M|\n|poke|p2|Excadrill, F|\n|poke|p2|Tyranitar, M|\n|poke|p2|Altaria, F|\n|teampreview\n|html|<button name=\"send\" class=\"button\" value=\"\/timer ds\"><i class=\"fa fa-hourglass-start\"><\/i> DS Timer<\/button> <button name=\"send\" class=\"button\" value=\"\/timer smogon\"><i class=\"fa fa-hourglass-start\"><\/i> Smogon Timer<\/button>\n|c|\u2606Unviabriel|glhf\n|c|\u2606Jeremy D Goat|U2\n|inactive|Battle timer is ON: inactive players will automatically lose when time's up. (requested by Jeremy D Goat)\n|inactiveoff|Battle timer is now OFF.\n|\n|t:|1660773082\n|start\n|switch|p1a: Krookodile|Krookodile, M|100\/100\n|switch|p2a: Cinderace|Cinderace, M|100\/100\n|-ability|p1a: Krookodile|Intimidate|boost\n|-unboost|p2a: Cinderace|atk|1\n|turn|1\n|\n|t:|1660773127\n|switch|p2a: Altaria|Altaria, F|100\/100\n|move|p1a: Krookodile|Earthquake|p2a: Altaria\n|-immune|p2a: Altaria\n|\n|upkeep\n|turn|2\n|\n|t:|1660773160\n|detailschange|p2a: Altaria|Altaria-Mega, F\n|-mega|p2a: Altaria|Altaria|Altarianite\n|move|p1a: Krookodile|Toxic|p2a: Altaria|[miss]\n|-miss|p1a: Krookodile|p2a: Altaria\n|move|p2a: Altaria|Hyper Voice|p1a: Krookodile\n|-supereffective|p1a: Krookodile\n|-damage|p1a: Krookodile|7\/100\n|-enditem|p1a: Krookodile|Sitrus Berry|[eat]\n|-heal|p1a: Krookodile|32\/100|[from] item: Sitrus Berry\n|\n|upkeep\n|turn|3\n|\n|t:|1660773183\n|move|p1a: Krookodile|Stealth Rock|p2a: Altaria\n|-sidestart|p2: Unviabriel|move: Stealth Rock\n|move|p2a: Altaria|Hyper Voice|p1a: Krookodile\n|-supereffective|p1a: Krookodile\n|-damage|p1a: Krookodile|0 fnt\n|faint|p1a: Krookodile\n|\n|upkeep\n|\n|t:|1660773188\n|switch|p1a: Toxtricity|Toxtricity, F|100\/100\n|turn|4\n|inactive|Battle timer is ON: inactive players will automatically lose when time's up. (requested by Jeremy D Goat)\n|\n|t:|1660773249\n|switch|p2a: Excadrill|Excadrill, F|100\/100\n|-damage|p2a: Excadrill|97\/100|[from] Stealth Rock\n|move|p1a: Toxtricity|Substitute|p1a: Toxtricity\n|-start|p1a: Toxtricity|Substitute\n|-damage|p1a: Toxtricity|76\/100\n|\n|-heal|p2a: Excadrill|100\/100|[from] item: Leftovers\n|upkeep\n|turn|5\n|\n|t:|1660773262\n|move|p2a: Excadrill|Rapid Spin|p1a: Toxtricity\n|-end|p1a: Toxtricity|Substitute\n|-sideend|p2: Unviabriel|Stealth Rock|[from] move: Rapid Spin|[of] p2a: Excadrill\n|-boost|p2a: Excadrill|spe|1\n|move|p1a: Toxtricity|Drain Punch|p2a: Excadrill\n|-supereffective|p2a: Excadrill\n|-damage|p2a: Excadrill|40\/100\n|-heal|p1a: Toxtricity|100\/100|[from] drain|[of] p2a: Excadrill\n|-damage|p1a: Toxtricity|91\/100|[from] item: Life Orb\n|\n|-heal|p2a: Excadrill|47\/100|[from] item: Leftovers\n|upkeep\n|turn|6\n|\n|t:|1660773275\n|switch|p1a: Skarmory|Skarmory, F|100\/100\n|move|p2a: Excadrill|Earthquake|p1a: Skarmory\n|-immune|p1a: Skarmory\n|\n|-heal|p2a: Excadrill|53\/100|[from] item: Leftovers\n|upkeep\n|turn|7\n|\n|t:|1660773299\n|switch|p2a: Zapdos|Zapdos|100\/100\n|move|p1a: Skarmory|Spikes|p2a: Zapdos\n|-sidestart|p2: Unviabriel|Spikes\n|\n|upkeep\n|turn|8\n|inactive|Unviabriel has 270 seconds left.\n|\n|t:|1660773323\n|switch|p1a: Toxtricity|Toxtricity, F|91\/100\n|move|p2a: Zapdos|U-turn|p1a: Toxtricity\n|-resisted|p1a: Toxtricity\n|-damage|p1a: Toxtricity|78\/100\n|inactive|Unviabriel has 270 seconds left.\n|\n|t:|1660773352\n|switch|p2a: Cinderace|Cinderace, M|100\/100|[from]move: U-turn\n|\n|upkeep\n|turn|9\n|inactive|Jeremy D Goat has 270 seconds left.\n|\n|t:|1660773384\n|switch|p1a: Starmie|Starmie|100\/100\n|move|p2a: Cinderace|Pyro Ball|p1a: Starmie\n|-resisted|p1a: Starmie\n|-damage|p1a: Starmie|75\/100\n|\n|upkeep\n|turn|10\n|inactive|Jeremy D Goat has 270 seconds left.\n|inactive|Unviabriel has 240 seconds left.\n|\n|t:|1660773417\n|move|p2a: Cinderace|U-turn|p1a: Starmie\n|-start|p2a: Cinderace|typechange|Bug|[from] ability: Libero\n|-supereffective|p1a: Starmie\n|-damage|p1a: Starmie|21\/100\n|inactive|Unviabriel has 210 seconds left.\n|\n|t:|1660773451\n|switch|p2a: Zapdos|Zapdos|100\/100|[from]move: U-turn\n|move|p1a: Starmie|Light Screen|p1a: Starmie\n|-sidestart|p1: Jeremy D Goat|move: Light Screen\n|\n|upkeep\n|turn|11\n|inactive|Unviabriel has 210 seconds left.\n|\n|t:|1660773465\n|move|p2a: Zapdos|U-turn|p1a: Starmie\n|-supereffective|p1a: Starmie\n|-damage|p1a: Starmie|0 fnt\n|faint|p1a: Starmie\n|\n|t:|1660773480\n|switch|p2a: Cinderace|Cinderace, M|100\/100|[from]move: U-turn\n|\n|upkeep\n|\n|t:|1660773485\n|switch|p1a: Urshifu|Urshifu-Rapid-Strike, M|100\/100\n|turn|12\n|inactive|Unviabriel has 210 seconds left.\n|\n|t:|1660773506\n|switch|p2a: Zapdos|Zapdos|100\/100\n|move|p1a: Urshifu|U-turn|p2a: Zapdos\n|-resisted|p2a: Zapdos\n|-damage|p2a: Zapdos|87\/100\n|\n|t:|1660773509\n|switch|p1a: Diancie|Diancie|100\/100|[from]move: U-turn\n|\n|upkeep\n|turn|13\n|inactive|Unviabriel has 180 seconds left.\n|\n|t:|1660773568\n|switch|p2a: Slowbro|Slowbro, M|100\/100\n|-damage|p2a: Slowbro|88\/100|[from] Spikes\n|detailschange|p1a: Diancie|Diancie-Mega\n|-mega|p1a: Diancie|Diancie|Diancite\n|move|p1a: Diancie|Substitute|p1a: Diancie\n|-start|p1a: Diancie|Substitute\n|-damage|p1a: Diancie|76\/100\n|\n|upkeep\n|turn|14\n|\n|t:|1660773578\n|move|p1a: Diancie|Moonblast|p2a: Slowbro\n|-damage|p2a: Slowbro|58\/100\n|move|p2a: Slowbro|Scald|p1a: Diancie\n|-supereffective|p1a: Diancie\n|-end|p1a: Diancie|Substitute\n|\n|upkeep\n|turn|15\n|inactive|Unviabriel has 150 seconds left.\n|\n|t:|1660773606\n|move|p1a: Diancie|Moonblast|p2a: Slowbro\n|-damage|p2a: Slowbro|30\/100\n|move|p2a: Slowbro|Scald|p1a: Diancie\n|-supereffective|p1a: Diancie\n|-damage|p1a: Diancie|43\/100\n|-status|p1a: Diancie|brn\n|\n|-damage|p1a: Diancie|37\/100 brn|[from] brn\n|upkeep\n|turn|16\n|\n|t:|1660773636\n|move|p1a: Diancie|Earth Power|p2a: Slowbro\n|-damage|p2a: Slowbro|10\/100\n|move|p2a: Slowbro|Scald|p1a: Diancie\n|-supereffective|p1a: Diancie\n|-damage|p1a: Diancie|2\/100 brn\n|\n|-damage|p1a: Diancie|0 fnt|[from] brn\n|faint|p1a: Diancie\n|upkeep\n|c|\u2606Jeremy D Goat|Imagine if u didnt burn xD\n|inactive|Jeremy D Goat has 270 seconds left.\n|\n|t:|1660773647\n|switch|p1a: Toxtricity|Toxtricity, F|78\/100\n|turn|17\n|\n|t:|1660773650\n|move|p1a: Toxtricity|Boomburst|p2a: Slowbro\n|-damage|p2a: Slowbro|0 fnt\n|faint|p2a: Slowbro\n|-damage|p1a: Toxtricity|68\/100|[from] item: Life Orb\n|\n|-sideend|p1: Jeremy D Goat|move: Light Screen\n|upkeep\n|inactive|Unviabriel has 120 seconds left.\n|\n|t:|1660773702\n|switch|p2a: Excadrill|Excadrill, F|53\/100\n|-damage|p2a: Excadrill|40\/100|[from] Spikes\n|turn|18\n|l|\u2606Jeremy D Goat\n|inactive|Jeremy D Goat disconnected and has 300 seconds to reconnect!\n|player|p1|\n|j|\u2606Jeremy D Goat\n|inactive|Jeremy D Goat reconnected and has 295 seconds left.\n|player|p1|Jeremy D Goat|jeremydgoat.png\n|\n|t:|1660773728\n|move|p2a: Excadrill|Earthquake|p1a: Toxtricity\n|-supereffective|p1a: Toxtricity\n|-damage|p1a: Toxtricity|0 fnt\n|faint|p1a: Toxtricity\n|\n|-heal|p2a: Excadrill|46\/100|[from] item: Leftovers\n|upkeep\n|\n|t:|1660773731\n|switch|p1a: Skarmory|Skarmory, F|100\/100\n|turn|19\n|\n|t:|1660773745\n|switch|p2a: Zapdos|Zapdos|87\/100\n|move|p1a: Skarmory|Spikes|p2a: Zapdos\n|-sidestart|p2: Unviabriel|Spikes\n|\n|upkeep\n|turn|20\n|\n|t:|1660773748\n|move|p2a: Zapdos|Discharge|p1a: Skarmory\n|-supereffective|p1a: Skarmory\n|-damage|p1a: Skarmory|5\/100\n|move|p1a: Skarmory|Tailwind|p1a: Skarmory\n|-sidestart|p1: Jeremy D Goat|move: Tailwind\n|\n|upkeep\n|turn|21\n|inactive|Unviabriel has 120 seconds left.\n|\n|t:|1660773759\n|move|p1a: Skarmory|Body Press|p2a: Zapdos\n|-resisted|p2a: Zapdos\n|-damage|p2a: Zapdos|70\/100\n|move|p2a: Zapdos|Discharge|p1a: Skarmory\n|-supereffective|p1a: Skarmory\n|-damage|p1a: Skarmory|0 fnt\n|faint|p1a: Skarmory\n|\n|upkeep\n|\n|t:|1660773761\n|switch|p1a: Urshifu|Urshifu-Rapid-Strike, M|100\/100\n|turn|22\n|inactive|Unviabriel has 120 seconds left.\n|\n|t:|1660773779\n|move|p1a: Urshifu|Surging Strikes|p2a: Zapdos\n|-crit|p2a: Zapdos\n|-damage|p2a: Zapdos|52\/100\n|-crit|p2a: Zapdos\n|-damage|p2a: Zapdos|30\/100\n|-crit|p2a: Zapdos\n|-damage|p2a: Zapdos|11\/100\n|-hitcount|p2a: Zapdos|3\n|move|p2a: Zapdos|Discharge|p1a: Urshifu\n|-supereffective|p1a: Urshifu\n|-damage|p1a: Urshifu|15\/100\n|-status|p1a: Urshifu|par\n|\n|upkeep\n|turn|23\n|c|\u2606Jeremy D Goat|Guess thats a thing \n|\n|t:|1660773794\n|move|p1a: Urshifu|Surging Strikes|p2a: Zapdos\n|-crit|p2a: Zapdos\n|-damage|p2a: Zapdos|0 fnt\n|faint|p2a: Zapdos\n|-hitcount|p2: Zapdos|1\n|\n|-sideend|p1: Jeremy D Goat|move: Tailwind\n|upkeep\n|\n|t:|1660773802\n|switch|p2a: Altaria|Altaria-Mega, F|100\/100\n|-damage|p2a: Altaria|84\/100|[from] Spikes\n|turn|24\n|\n|t:|1660773805\n|move|p2a: Altaria|Hyper Voice|p1a: Urshifu\n|-supereffective|p1a: Urshifu\n|-damage|p1a: Urshifu|0 fnt\n|faint|p1a: Urshifu\n|\n|win|Unviabriel\n|l|\u2606Jeremy D Goat\n|c|\u2606Unviabriel|gg\n","uploadtime":1660773812,"views":57,"p1id":"jeremydgoat","p2id":"unviabriel","formatid":"gen8nationaldexdraft","rating":0,"private":0,"password":null}