{"id":"sports-gen8nationaldexdraft-571533","p1":"MAVERICK SHOOTERS","p2":"Namduu","format":"gen8nationaldexdraft","log":"|j|\u2606MAVERICK SHOOTERS\n|j|\u2606Namduu\n|t:|1642087030\n|gametype|singles\n|player|p1|MAVERICK SHOOTERS|266|\n|player|p2|Namduu|101|\n|teamsize|p1|6\n|teamsize|p2|6\n|gen|8\n|tier|[Gen 8] National Dex Draft\n|rule|Sleep Clause Mod: Limit one foe put to sleep\n|rule|OHKO Clause: OHKO moves are banned\n|rule|Evasion Moves Clause: Evasion moves are banned\n|rule|Endless Battle Clause: Forcing endless battles is banned\n|rule|HP Percentage Mod: HP is shown in percentages\n|rule|Dynamax Clause: You cannot dynamax\n|clearpoke\n|poke|p1|Infernape, M|\n|poke|p1|Illumise, F|\n|poke|p1|Silvally-*|\n|poke|p1|Milotic, M|\n|poke|p1|Latias, F|\n|poke|p1|Boltund, M|\n|poke|p2|Zygarde|\n|poke|p2|Shaymin|\n|poke|p2|Corviknight, M|\n|poke|p2|Gallade, M|\n|poke|p2|Raikou|\n|poke|p2|Vaporeon, F|\n|teampreview\n|html|<button name=\"send\" class=\"button\" value=\"\/timer ds\"><i class=\"fa fa-hourglass-start\"><\/i> DS Timer<\/button> <button name=\"send\" class=\"button\" value=\"\/timer smogon\"><i class=\"fa fa-hourglass-start\"><\/i> Smogon Timer<\/button>\n|j| PorygonTheBot\n|c| PorygonTheBot|y'all suck\n|c|\u2606MAVERICK SHOOTERS|yes i do \n|c|\u2606MAVERICK SHOOTERS|hf \n|c|\u2606MAVERICK SHOOTERS|oh man this gonna be rough \n|c|\u2606Namduu|gl and hf\n|j| Lukatsukio\n|\n|t:|1642087119\n|start\n|switch|p1a: Latias|Latias, F|100\/100\n|switch|p2a: Raikou|Raikou|100\/100\n|-ability|p2a: Raikou|Pressure\n|turn|1\n|\n|t:|1642087160\n|move|p2a: Raikou|Shadow Ball|p1a: Latias\n|-supereffective|p1a: Latias\n|-damage|p1a: Latias|53\/100\n|move|p1a: Latias|Draco Meteor|p2a: Raikou\n|-damage|p2a: Raikou|0 fnt\n|-unboost|p1a: Latias|spa|2\n|faint|p2a: Raikou\n|\n|upkeep\n|c|\u2606MAVERICK SHOOTERS|HOLY CRAP BIGGEST THREAT GONE \n|j| pinapple321\n|n| Pinapple321|pinapple321\n|c| Pinapple321|Gl hf both\n|c|\u2606Namduu|even if you are specs modest that was a roll ugh\n|c|\u2606Namduu|I deserved that\n|c|\u2606MAVERICK SHOOTERS|imo u should of just vs'd \n|c|\u2606MAVERICK SHOOTERS|like where was my raikou switchin lmao\n|c|\u2606MAVERICK SHOOTERS|u could of killed the lati later with it \n|j| LatiGOD\n|\n|t:|1642087291\n|switch|p2a: Shaymin|Shaymin|100\/100\n|turn|2\n|l| LatiGOD\n|\n|t:|1642087378\n|switch|p1a: Illumise|Illumise, F|100\/100\n|move|p2a: Shaymin|Seed Flare|p1a: Illumise\n|-resisted|p1a: Illumise\n|-damage|p1a: Illumise|67\/100\n|-unboost|p1a: Illumise|spd|2\n|\n|upkeep\n|turn|3\n|\n|t:|1642087491\n|switch|p2a: Corviknight|Corviknight, M|100\/100\n|switch|p1a: Latias|Latias, F|53\/100\n|\n|upkeep\n|turn|4\n|l| Pinapple321\n|\n|t:|1642087587\n|move|p1a: Latias|Thunderbolt|p2a: Corviknight\n|-supereffective|p2a: Corviknight\n|-damage|p2a: Corviknight|48\/100\n|move|p2a: Corviknight|Roost|p2a: Corviknight\n|-heal|p2a: Corviknight|98\/100\n|-singleturn|p2a: Corviknight|move: Roost\n|\n|-heal|p2a: Corviknight|100\/100|[from] item: Leftovers\n|upkeep\n|turn|5\n|\n|t:|1642087614\n|move|p1a: Latias|Thunderbolt|p2a: Corviknight\n|-supereffective|p2a: Corviknight\n|-damage|p2a: Corviknight|43\/100\n|move|p2a: Corviknight|Brave Bird|p1a: Latias\n|-damage|p1a: Latias|5\/100\n|-damage|p2a: Corviknight|32\/100|[from] Recoil\n|\n|-heal|p2a: Corviknight|38\/100|[from] item: Leftovers\n|upkeep\n|turn|6\n|\n|t:|1642087626\n|switch|p2a: Zygarde|Zygarde|100\/100\n|-ability|p2a: Zygarde|Aura Break\n|move|p1a: Latias|Thunderbolt|p2a: Zygarde\n|-immune|p2a: Zygarde\n|\n|upkeep\n|turn|7\n|\n|t:|1642087653\n|switch|p1a: Milotic|Milotic, M|100\/100\n|move|p2a: Zygarde|Thousand Arrows|p1a: Milotic\n|-damage|p1a: Milotic|52\/100\n|\n|-status|p1a: Milotic|brn|[from] item: Flame Orb\n|upkeep\n|turn|8\n|\n|t:|1642087664\n|switch|p2a: Shaymin|Shaymin|100\/100\n|move|p1a: Milotic|Recover|p1a: Milotic\n|-heal|p1a: Milotic|100\/100 brn\n|\n|-damage|p1a: Milotic|94\/100 brn|[from] brn\n|upkeep\n|turn|9\n|\n|t:|1642087672\n|switch|p1a: Latias|Latias, F|5\/100\n|move|p2a: Shaymin|Seed Flare|p1a: Latias|[miss]\n|-miss|p2a: Shaymin|p1a: Latias\n|\n|upkeep\n|turn|10\n|\n|t:|1642087680\n|move|p1a: Latias|Draco Meteor|p2a: Shaymin\n|-damage|p2a: Shaymin|29\/100\n|-unboost|p1a: Latias|spa|2\n|move|p2a: Shaymin|Dazzling Gleam|p1a: Latias\n|-supereffective|p1a: Latias\n|-damage|p1a: Latias|0 fnt\n|faint|p1a: Latias\n|\n|-heal|p2a: Shaymin|35\/100|[from] item: Leftovers\n|upkeep\n|\n|t:|1642087684\n|switch|p1a: Infernape|Infernape, M|100\/100\n|turn|11\n|\n|t:|1642087689\n|switch|p2a: Vaporeon|Vaporeon, F|100\/100\n|move|p1a: Infernape|Close Combat|p2a: Vaporeon\n|-damage|p2a: Vaporeon|39\/100\n|-unboost|p1a: Infernape|def|1\n|-unboost|p1a: Infernape|spd|1\n|\n|-heal|p2a: Vaporeon|45\/100|[from] item: Leftovers\n|upkeep\n|turn|12\n|\n|t:|1642087699\n|switch|p2a: Zygarde|Zygarde|100\/100\n|-ability|p2a: Zygarde|Aura Break\n|move|p1a: Infernape|Close Combat|p2a: Zygarde\n|-damage|p2a: Zygarde|45\/100\n|-unboost|p1a: Infernape|def|1\n|-unboost|p1a: Infernape|spd|1\n|\n|upkeep\n|turn|13\n|j| DashingSceptile\n|c| DashingSceptile|O\n|\n|t:|1642087730\n|move|p2a: Zygarde|Extreme Speed|p1a: Infernape\n|-damage|p1a: Infernape|0 fnt\n|faint|p1a: Infernape\n|\n|upkeep\n|c|\u2606MAVERICK SHOOTERS|i forgot about this move\n|c|\u2606MAVERICK SHOOTERS|kek\n|\n|t:|1642087741\n|switch|p1a: Silvally|Silvally-Electric|100\/100\n|turn|14\n|c| DashingSceptile|Electric??\n|\n|t:|1642087833\n|switch|p2a: Corviknight|Corviknight, M|38\/100\n|move|p1a: Silvally|Swords Dance|p1a: Silvally\n|-boost|p1a: Silvally|atk|2\n|\n|-heal|p2a: Corviknight|44\/100|[from] item: Leftovers\n|upkeep\n|turn|15\n|c|\u2606Namduu|this thing gets sd\n|c| DashingSceptile|Yeah\n|\n|t:|1642087895\n|move|p1a: Silvally|Flame Charge|p2a: Corviknight\n|-supereffective|p2a: Corviknight\n|-damage|p2a: Corviknight|0 fnt\n|-boost|p1a: Silvally|spe|1\n|faint|p2a: Corviknight\n|\n|upkeep\n|c|\u2606MAVERICK SHOOTERS|honestly horrible game on my end but gg \n|c| DashingSceptile|Wow. That does claim 4\n|c| DashingSceptile|Or 5\n|c|\u2606MAVERICK SHOOTERS|there is only 4 left \n|c| DashingSceptile| But it just killed 1\n|c| DashingSceptile|Meaning. 5\n|c|\u2606MAVERICK SHOOTERS|ye\n|c|\u2606MAVERICK SHOOTERS|tho not proud of this game at all,played miserable\n|\n|t:|1642088036\n|switch|p2a: Zygarde|Zygarde|45\/100\n|-ability|p2a: Zygarde|Aura Break\n|turn|16\n|c|\u2606MAVERICK SHOOTERS|actually i can still lose \n|\n|t:|1642088045\n|move|p2a: Zygarde|Extreme Speed|p1a: Silvally\n|-damage|p1a: Silvally|59\/100\n|move|p1a: Silvally|Ice Fang|p2a: Zygarde\n|-supereffective|p2a: Zygarde\n|-damage|p2a: Zygarde|0 fnt\n|faint|p2a: Zygarde\n|\n|upkeep\n|c|\u2606MAVERICK SHOOTERS|ok i didnt \n|c|\u2606MAVERICK SHOOTERS|if i missed it would of been sadge \n|\n|t:|1642088066\n|switch|p2a: Gallade|Gallade, M|100\/100\n|turn|17\n|c|\u2606MAVERICK SHOOTERS|in b4 this lade phys def \n|\n|t:|1642088103\n|detailschange|p2a: Gallade|Gallade-Mega, M\n|-mega|p2a: Gallade|Gallade|Galladite\n|move|p1a: Silvally|Multi-Attack|p2a: Gallade\n|-damage|p2a: Gallade|0 fnt\n|faint|p2a: Gallade\n|\n|upkeep\n|c|\u2606MAVERICK SHOOTERS|ye sorry for the bad game gg tho \n|c|\u2606Namduu|idk if I just can't calc but I should've lived that i thought\n|\n|t:|1642088140\n|switch|p2a: Shaymin|Shaymin|35\/100\n|turn|18\n|\n|t:|1642088163\n|move|p1a: Silvally|Flame Charge|p2a: Shaymin\n|-supereffective|p2a: Shaymin\n|-damage|p2a: Shaymin|0 fnt\n|-boost|p1a: Silvally|spe|1\n|faint|p2a: Shaymin\n|\n|upkeep\n|\n|t:|1642088166\n|switch|p2a: Vaporeon|Vaporeon, F|45\/100\n|turn|19\n|c|\u2606MAVERICK SHOOTERS|no u didnt live that ever \n|c|\u2606MAVERICK SHOOTERS|unless u r running max phys def max hp \n|c|\u2606Namduu|i guess I really needed more sleep\n|\n|t:|1642088199\n|move|p1a: Silvally|Multi-Attack|p2a: Vaporeon\n|-supereffective|p2a: Vaporeon\n|-damage|p2a: Vaporeon|0 fnt\n|faint|p2a: Vaporeon\n|\n|win|MAVERICK SHOOTERS\n","uploadtime":1642088200,"views":35,"p1id":"maverickshooters","p2id":"namduu","formatid":"gen8nationaldexdraft","rating":0,"private":0,"password":null}