{"id":"sports-gen8nationaldexdlcdraft-347071","p1":"Specs KD","p2":"Patcantwin","format":"gen8nationaldexdlcdraft","log":"|j|\u2606Specs KD\n|j|\u2606Patcantwin\n|t:|1613702739\n|player|p1|Specs KD|1|\n|player|p2|Patcantwin|266|\n|teamsize|p1|6\n|teamsize|p2|6\n|gametype|singles\n|gen|8\n|tier|[Gen 8] National Dex DLC Draft\n|rule|Sleep Clause Mod: Limit one foe put to sleep\n|rule|OHKO Clause: OHKO moves are banned\n|rule|Evasion Moves Clause: Evasion moves are banned\n|rule|Endless Battle Clause: Forcing endless battles is banned\n|rule|HP Percentage Mod: HP is shown in percentages\n|clearpoke\n|poke|p1|Mawile, M|\n|poke|p1|Alakazam, F|\n|poke|p1|Hawlucha, M|\n|poke|p1|Rillaboom, F|\n|poke|p1|Crawdaunt, M|\n|poke|p1|Azelf|\n|poke|p2|Melmetal|\n|poke|p2|Ferrothorn, F|\n|poke|p2|Mimikyu, M|\n|poke|p2|Cinderace, M|\n|poke|p2|Slowbro, F|\n|poke|p2|Charizard, F|\n|rule|Dynamax Clause: You cannot dynamax\n|teampreview\n|html|<button name=\"send\" class=\"button\" value=\"\/timer ds\"><i class=\"fa fa-hourglass-start\"><\/i> DS Timer<\/button> <button name=\"send\" class=\"button\" value=\"\/timer smogon\"><i class=\"fa fa-hourglass-start\"><\/i> Smogon Timer<\/button>\n|c|\u2606Specs KD|i'll post\n|c|\u2606Specs KD|glhf\n|c|\u2606Patcantwin|glhf\n|j| tealnation\n|l| tealnation\n|j| tealnation\n|\n|t:|1613702862\n|start\n|switch|p1a: As if|Azelf, shiny|100\/100\n|switch|p2a: Melmetal|Melmetal|100\/100\n|turn|1\n|j| ActivateNuke\n|l| ActivateNuke\n|\n|t:|1613702886\n|move|p1a: As if|Stealth Rock|p2a: Melmetal\n|-sidestart|p2: Patcantwin|move: Stealth Rock\n|move|p2a: Melmetal|Double Iron Bash|p1a: As if\n|-damage|p1a: As if|17\/100\n|-damage|p1a: As if|0 fnt\n|-hitcount|p1a: As if|2\n|faint|p1a: As if\n|\n|upkeep\n|j| ActivateNuke\n|\n|t:|1613702894\n|switch|p1a: Don|Crawdaunt, M, shiny|100\/100\n|turn|2\n|n| CyperKnight|activatenuke\n|\n|t:|1613702914\n|move|p1a: Don|Knock Off|p2a: Melmetal\n|-damage|p2a: Melmetal|49\/100\n|-enditem|p2a: Melmetal|Assault Vest|[from] move: Knock Off|[of] p1a: Don\n|-damage|p1a: Don|91\/100|[from] item: Life Orb\n|move|p2a: Melmetal|Thunder Punch|p1a: Don\n|-supereffective|p1a: Don\n|-damage|p1a: Don|0 fnt\n|faint|p1a: Don\n|\n|upkeep\n|\n|t:|1613702940\n|switch|p1a: Pod|Mawile, M, shiny|100\/100\n|-ability|p1a: Pod|Intimidate|boost\n|-unboost|p2a: Melmetal|atk|1\n|turn|3\n|c| CyperKnight|That mawile is going to come in and 1 vs 6\n|\n|t:|1613702955\n|detailschange|p1a: Pod|Mawile-Mega, M, shiny\n|-mega|p1a: Pod|Mawile|Mawilite\n|move|p1a: Pod|Brick Break|p2a: Melmetal\n|-supereffective|p2a: Melmetal\n|-damage|p2a: Melmetal|2\/100\n|move|p2a: Melmetal|Earthquake|p1a: Pod\n|-supereffective|p1a: Pod\n|-damage|p1a: Pod|47\/100\n|\n|upkeep\n|turn|4\n|\n|t:|1613702991\n|move|p1a: Pod|Crunch|p2a: Melmetal\n|-damage|p2a: Melmetal|0 fnt\n|faint|p2a: Melmetal\n|\n|upkeep\n|\n|t:|1613702995\n|switch|p2a: Cinderace|Cinderace, M|100\/100\n|turn|5\n|\n|t:|1613703000\n|move|p1a: Pod|Sucker Punch|p2a: Cinderace\n|-damage|p2a: Cinderace|32\/100\n|move|p2a: Cinderace|Pyro Ball|p1a: Pod|[miss]\n|-miss|p2a: Cinderace|p1a: Pod\n|\n|upkeep\n|turn|6\n|c|\u2606Patcantwin|damn\n|\n|t:|1613703025\n|move|p2a: Cinderace|Sucker Punch|p1a: Pod\n|-resisted|p1a: Pod\n|-damage|p1a: Pod|36\/100\n|move|p1a: Pod|Brick Break|p2a: Cinderace\n|-damage|p2a: Cinderace|0 fnt\n|faint|p2a: Cinderace\n|\n|upkeep\n|\n|t:|1613703033\n|switch|p2a: Charizard|Charizard, F|100\/100\n|-damage|p2a: Charizard|51\/100|[from] Stealth Rock\n|turn|7\n|\n|t:|1613703038\n|detailschange|p2a: Charizard|Charizard-Mega-X, F\n|-mega|p2a: Charizard|Charizard|Charizardite X\n|move|p2a: Charizard|Roost|p2a: Charizard\n|-heal|p2a: Charizard|100\/100\n|-singleturn|p2a: Charizard|move: Roost\n|move|p1a: Pod|Swords Dance|p1a: Pod\n|-boost|p1a: Pod|atk|2\n|\n|upkeep\n|turn|8\n|\n|t:|1613703053\n|move|p1a: Pod|Sucker Punch|p2a: Charizard\n|-damage|p2a: Charizard|2\/100\n|move|p2a: Charizard|Flare Blitz|p1a: Pod\n|-supereffective|p1a: Pod\n|-damage|p1a: Pod|0 fnt\n|-damage|p2a: Charizard|0 fnt|[from] Recoil\n|faint|p1a: Pod\n|faint|p2a: Charizard\n|\n|upkeep\n|\n|t:|1613703067\n|switch|p2a: Ferrothorn|Ferrothorn, F|100\/100\n|switch|p1a: Kong|Rillaboom, F, shiny|100\/100\n|-fieldstart|move: Grassy Terrain|[from] ability: Grassy Surge|[of] p1a: Kong\n|-damage|p2a: Ferrothorn|94\/100|[from] Stealth Rock\n|turn|9\n|\n|t:|1613703077\n|move|p1a: Kong|Swords Dance|p1a: Kong\n|-boost|p1a: Kong|atk|2\n|move|p2a: Ferrothorn|Thunder Wave|p1a: Kong\n|-status|p1a: Kong|par\n|\n|-heal|p2a: Ferrothorn|100\/100|[from] Grassy Terrain\n|upkeep\n|turn|10\n|\n|t:|1613703084\n|move|p1a: Kong|Superpower|p2a: Ferrothorn\n|-supereffective|p2a: Ferrothorn\n|-damage|p2a: Ferrothorn|0 fnt\n|-unboost|p1a: Kong|atk|1\n|-unboost|p1a: Kong|def|1\n|-damage|p1a: Kong|88\/100 par|[from] ability: Iron Barbs|[of] p2a: Ferrothorn\n|-damage|p1a: Kong|71\/100 par|[from] item: Rocky Helmet|[of] p2a: Ferrothorn\n|-damage|p1a: Kong|62\/100 par|[from] item: Life Orb\n|faint|p2a: Ferrothorn\n|\n|-heal|p1a: Kong|68\/100 par|[from] Grassy Terrain\n|upkeep\n|\n|t:|1613703095\n|switch|p2a: Mimikyu|Mimikyu, M|100\/100\n|-damage|p2a: Mimikyu|88\/100|[from] Stealth Rock\n|turn|11\n|\n|t:|1613703128\n|move|p1a: Kong|Grassy Glide|p2a: Mimikyu\n|-activate|p2a: Mimikyu|ability: Disguise\n|-damage|p2a: Mimikyu|88\/100\n|detailschange|p2a: Mimikyu|Mimikyu-Busted, M\n|-damage|p2a: Mimikyu|76\/100|[from] pokemon: Mimikyu-Busted\n|-damage|p1a: Kong|58\/100 par|[from] item: Life Orb\n|move|p2a: Mimikyu|Swords Dance|p2a: Mimikyu\n|-boost|p2a: Mimikyu|atk|2\n|\n|-heal|p2a: Mimikyu|82\/100|[from] Grassy Terrain\n|-heal|p1a: Kong|64\/100 par|[from] Grassy Terrain\n|upkeep\n|turn|12\n|\n|t:|1613703142\n|move|p2a: Mimikyu|Shadow Sneak|p1a: Kong\n|-damage|p1a: Kong|3\/100 par\n|-damage|p2a: Mimikyu|72\/100|[from] item: Life Orb\n|move|p1a: Kong|Grassy Glide|p2a: Mimikyu\n|-damage|p2a: Mimikyu|0 fnt\n|-damage|p1a: Kong|0 fnt|[from] item: Life Orb\n|faint|p2a: Mimikyu\n|faint|p1a: Kong\n|\n|upkeep\n|\n|t:|1613703152\n|switch|p2a: Slowbro|Slowbro, F|100\/100\n|switch|p1a: Rey Mysterio|Hawlucha, M, shiny|100\/100\n|-enditem|p1a: Rey Mysterio|Grassy Seed\n|-boost|p1a: Rey Mysterio|def|1|[from] item: Grassy Seed\n|-damage|p2a: Slowbro|88\/100|[from] Stealth Rock\n|turn|13\n|\n|t:|1613703160\n|move|p1a: Rey Mysterio|Acrobatics|p2a: Slowbro\n|-damage|p2a: Slowbro|56\/100\n|move|p2a: Slowbro|Ice Beam|p1a: Rey Mysterio\n|-supereffective|p1a: Rey Mysterio\n|-damage|p1a: Rey Mysterio|34\/100\n|\n|-heal|p2a: Slowbro|62\/100|[from] Grassy Terrain\n|-heal|p2a: Slowbro|68\/100|[from] item: Leftovers\n|-fieldend|move: Grassy Terrain\n|upkeep\n|turn|14\n|\n|t:|1613703177\n|move|p1a: Rey Mysterio|Swords Dance|p1a: Rey Mysterio\n|-boost|p1a: Rey Mysterio|atk|2\n|move|p2a: Slowbro|Slack Off|p2a: Slowbro\n|-heal|p2a: Slowbro|100\/100\n|\n|upkeep\n|turn|15\n|\n|t:|1613703182\n|move|p1a: Rey Mysterio|Acrobatics|p2a: Slowbro\n|-damage|p2a: Slowbro|39\/100\n|move|p2a: Slowbro|Ice Beam|p1a: Rey Mysterio\n|-supereffective|p1a: Rey Mysterio\n|-damage|p1a: Rey Mysterio|0 fnt\n|faint|p1a: Rey Mysterio\n|\n|-heal|p2a: Slowbro|45\/100|[from] item: Leftovers\n|upkeep\n|\n|t:|1613703185\n|switch|p1a: Fu Manchu|Alakazam, F, shiny|100\/100\n|turn|16\n|\n|t:|1613703193\n|move|p1a: Fu Manchu|Shadow Ball|p2a: Slowbro\n|-supereffective|p2a: Slowbro\n|-damage|p2a: Slowbro|0 fnt\n|faint|p2a: Slowbro\n|\n|win|Specs KD\n|c| CyperKnight|Gf\n|c|\u2606Specs KD|gg\n|c|\u2606Patcantwin|gg\n","uploadtime":1613703216,"views":4,"p1id":"specskd","p2id":"patcantwin","formatid":"gen8nationaldexdlcdraft","rating":0,"private":0,"password":null}