{"id":"sports-gen8nationaldexunrestricted-694377","p1":"zenModeHaxen","p2":"Elon Musk Rusk","format":"gen8nationaldexunrestricted","log":"|j|\u2606zenModeHaxen\n|j|\u2606Elon Musk Rusk\n|t:|1658688500\n|gametype|singles\n|player|p1|zenModeHaxen|zenmodehaxen.png|\n|player|p2|Elon Musk Rusk|170|\n|teamsize|p1|6\n|teamsize|p2|6\n|gen|8\n|tier|[Gen 8] National Dex Unrestricted\n|rule|Sleep Clause Mod: Limit one foe put to sleep\n|rule|OHKO Clause: OHKO moves are banned\n|rule|Evasion Moves Clause: Evasion moves are banned\n|rule|Endless Battle Clause: Forcing endless battles is banned\n|rule|HP Percentage Mod: HP is shown in percentages\n|clearpoke\n|poke|p1|Weavile, M|\n|poke|p1|Drapion, F|\n|poke|p1|Ferrothorn, F|\n|poke|p1|Lickilicky, F|\n|poke|p1|Ribombee, M|\n|poke|p1|Aerodactyl, F|\n|poke|p2|Steelix, F|\n|poke|p2|Weezing-Galar, F|\n|poke|p2|Xurkitree|\n|poke|p2|Cinderace, F|\n|poke|p2|Kommo-o, F|\n|poke|p2|Arceus-*|\n|teampreview\n|html|<button name=\"send\" class=\"button\" value=\"\/timer ds\"><i class=\"fa fa-hourglass-start\"><\/i> DS Timer<\/button> <button name=\"send\" class=\"button\" value=\"\/timer smogon\"><i class=\"fa fa-hourglass-start\"><\/i> Smogon Timer<\/button>\n|inactive|Battle timer is ON: inactive players will automatically lose when time's up. (requested by zenModeHaxen)\n|j| Solumnist Acreed\n|\n|t:|1658688523\n|start\n|switch|p1a: Ribombee|Ribombee, M|100\/100\n|switch|p2a: Xurkitree|Xurkitree|100\/100\n|turn|1\n|\n|t:|1658688533\n|move|p2a: Xurkitree|Thunderbolt|p1a: Ribombee\n|-damage|p1a: Ribombee|3\/100\n|move|p1a: Ribombee|Spore|p2a: Xurkitree\n|-status|p2a: Xurkitree|slp|[from] move: Spore\n|\n|upkeep\n|turn|2\n|inactive|Elon Musk Rusk has 90 seconds left.\n|\n|t:|1658688544\n|switch|p2a: Steelix|Steelix, F|100\/100\n|move|p1a: Ribombee|Sticky Web|p2a: Steelix\n|-sidestart|p2: Elon Musk Rusk|move: Sticky Web\n|\n|upkeep\n|turn|3\n|\n|t:|1658688548\n|detailschange|p2a: Steelix|Steelix-Mega, F\n|-mega|p2a: Steelix|Steelix|Steelixite\n|move|p1a: Ribombee|Earth Power|p2a: Steelix\n|-supereffective|p2a: Steelix\n|-damage|p2a: Steelix|53\/100\n|move|p2a: Steelix|Stealth Rock|p1a: Ribombee\n|-sidestart|p1: zenModeHaxen|move: Stealth Rock\n|\n|upkeep\n|turn|4\n|\n|t:|1658688554\n|switch|p2a: Arceus|Arceus-Bug|100\/100\n|-activate|p2a: Arceus|move: Sticky Web\n|-unboost|p2a: Arceus|spe|1\n|move|p1a: Ribombee|Earth Power|p2a: Arceus\n|-resisted|p2a: Arceus\n|-damage|p2a: Arceus|91\/100\n|\n|upkeep\n|turn|5\n|\n|t:|1658688560\n|move|p1a: Ribombee|Moonblast|p2a: Arceus\n|-damage|p2a: Arceus|59\/100\n|move|p2a: Arceus|Flamethrower|p1a: Ribombee\n|-supereffective|p1a: Ribombee\n|-damage|p1a: Ribombee|0 fnt\n|faint|p1a: Ribombee\n|\n|upkeep\n|inactive|zenModeHaxen has 90 seconds left.\n|\n|t:|1658688573\n|switch|p1a: Drapion|Drapion, F|100\/100\n|-damage|p1a: Drapion|88\/100|[from] Stealth Rock\n|turn|6\n|\n|t:|1658688578\n|move|p1a: Drapion|Ice Fang|p2a: Arceus|[miss]\n|-miss|p1a: Drapion|p2a: Arceus\n|move|p2a: Arceus|X-Scissor|p1a: Drapion\n|-damage|p1a: Drapion|33\/100\n|\n|upkeep\n|turn|7\n|\n|t:|1658688583\n|switch|p1a: Ferrothorn|Ferrothorn, F|100\/100\n|-damage|p1a: Ferrothorn|95\/100|[from] Stealth Rock\n|move|p2a: Arceus|Tailwind|p2a: Arceus\n|-sidestart|p2: Elon Musk Rusk|move: Tailwind\n|\n|upkeep\n|turn|8\n|\n|t:|1658688588\n|move|p2a: Arceus|Flamethrower|p1a: Ferrothorn\n|-supereffective|p1a: Ferrothorn\n|-crit|p1a: Ferrothorn\n|-enditem|p1a: Ferrothorn|Occa Berry|[eat]\n|-enditem|p1a: Ferrothorn|Occa Berry|[weaken]\n|-damage|p1a: Ferrothorn|23\/100\n|move|p1a: Ferrothorn|Rapid Spin|p2a: Arceus\n|-damage|p2a: Arceus|52\/100\n|-boost|p1a: Ferrothorn|spe|1\n|-sideend|p1: zenModeHaxen|Stealth Rock|[from] move: Rapid Spin|[of] p1a: Ferrothorn\n|\n|upkeep\n|turn|9\n|inactive|zenModeHaxen has 90 seconds left.\n|inactive|Elon Musk Rusk has 90 seconds left.\n|\n|t:|1658688598\n|switch|p1a: Lickilicky|Lickilicky, F|100\/100\n|move|p2a: Arceus|Stone Edge|p1a: Lickilicky\n|-damage|p1a: Lickilicky|72\/100\n|\n|upkeep\n|turn|10\n|\n|t:|1658688604\n|switch|p2a: Weezing|Weezing-Galar, F|100\/100\n|-ability|p2a: Weezing|Neutralizing Gas\n|-activate|p2a: Weezing|move: Sticky Web\n|-unboost|p2a: Weezing|spe|1\n|move|p1a: Lickilicky|Wish|p1a: Lickilicky\n|\n|-sideend|p2: Elon Musk Rusk|move: Tailwind\n|upkeep\n|turn|11\n|\n|t:|1658688609\n|move|p2a: Weezing|Flamethrower|p1a: Lickilicky\n|-damage|p1a: Lickilicky|61\/100\n|-status|p1a: Lickilicky|brn\n|move|p1a: Lickilicky|Teleport|p1a: Lickilicky\n|\n|t:|1658688614\n|switch|p1a: Ferrothorn|Ferrothorn, F|23\/100|[from]move: Teleport\n|\n|-heal|p1a: Ferrothorn|83\/100|[from] move: Wish|[wisher] Lickilicky\n|upkeep\n|turn|12\n|\n|t:|1658688617\n|switch|p1a: Lickilicky|Lickilicky, F|61\/100 brn\n|move|p2a: Weezing|Defog|p1a: Lickilicky\n|-unboost|p1a: Lickilicky|evasion|1\n|-sideend|p2: Elon Musk Rusk|Sticky Web|[from] move: Defog|[of] p2a: Weezing\n|\n|-damage|p1a: Lickilicky|55\/100 brn|[from] brn\n|upkeep\n|turn|13\n|\n|t:|1658688623\n|-end|p2a: Weezing|ability: Neutralizing Gas\n|switch|p2a: Kommo-o|Kommo-o, F|100\/100\n|move|p1a: Lickilicky|Wish|p1a: Lickilicky\n|\n|-damage|p1a: Lickilicky|48\/100 brn|[from] brn\n|upkeep\n|turn|14\n|\n|t:|1658688628\n|move|p2a: Kommo-o|Dragon Dance|p2a: Kommo-o\n|-boost|p2a: Kommo-o|atk|1\n|-boost|p2a: Kommo-o|spe|1\n|move|p1a: Lickilicky|Teleport|p1a: Lickilicky\n|\n|t:|1658688637\n|switch|p1a: Aerodactyl|Aerodactyl, F|100\/100|[from]move: Teleport\n|\n|upkeep\n|turn|15\n|inactive|Elon Musk Rusk has 90 seconds left.\n|inactive|Elon Musk Rusk has 60 seconds left.\n|\n|t:|1658688681\n|detailschange|p1a: Aerodactyl|Aerodactyl-Mega, F\n|-mega|p1a: Aerodactyl|Aerodactyl|Aerodactylite\n|move|p2a: Kommo-o|Close Combat|p1a: Aerodactyl\n|-damage|p1a: Aerodactyl|0 fnt\n|-unboost|p2a: Kommo-o|def|1\n|-unboost|p2a: Kommo-o|spd|1\n|faint|p1a: Aerodactyl\n|\n|upkeep\n|\n|t:|1658688690\n|switch|p1a: Drapion|Drapion, F|33\/100\n|turn|16\n|\n|t:|1658688693\n|move|p1a: Drapion|Ice Fang|p2a: Kommo-o\n|-supereffective|p2a: Kommo-o\n|-damage|p2a: Kommo-o|48\/100\n|move|p2a: Kommo-o|Drain Punch|p1a: Drapion\n|-damage|p1a: Drapion|0 fnt\n|-heal|p2a: Kommo-o|64\/100|[from] drain|[of] p1a: Drapion\n|faint|p1a: Drapion\n|\n|upkeep\n|\n|t:|1658688695\n|switch|p1a: Weavile|Weavile, M|100\/100\n|turn|17\n|\n|t:|1658688705\n|switch|p2a: Steelix|Steelix-Mega, F|53\/100\n|move|p1a: Weavile|Ice Shard|p2a: Steelix\n|-damage|p2a: Steelix|42\/100\n|\n|upkeep\n|turn|18\n|\n|t:|1658688712\n|move|p1a: Weavile|Triple Axel|p2a: Steelix\n|-crit|p2a: Steelix\n|-damage|p2a: Steelix|34\/100\n|-damage|p2a: Steelix|24\/100\n|-damage|p2a: Steelix|8\/100\n|-hitcount|p2a: Steelix|3\n|move|p2a: Steelix|Fire Fang|p1a: Weavile\n|-supereffective|p1a: Weavile\n|-damage|p1a: Weavile|36\/100\n|-status|p1a: Weavile|brn\n|\n|-damage|p1a: Weavile|30\/100 brn|[from] brn\n|upkeep\n|turn|19\n|\n|t:|1658688717\n|switch|p2a: Weezing|Weezing-Galar, F|100\/100\n|-ability|p2a: Weezing|Neutralizing Gas\n|move|p1a: Weavile|Triple Axel|p2a: Weezing|[miss]\n|-miss|p1a: Weavile|p2a: Weezing\n|\n|-damage|p1a: Weavile|24\/100 brn|[from] brn\n|upkeep\n|turn|20\n|\n|t:|1658688726\n|-end|p2a: Weezing|ability: Neutralizing Gas\n|switch|p2a: Cinderace|Cinderace, F|100\/100\n|move|p1a: Weavile|U-turn|p2a: Cinderace\n|-resisted|p2a: Cinderace\n|-damage|p2a: Cinderace|93\/100\n|\n|t:|1658688731\n|switch|p1a: Ferrothorn|Ferrothorn, F|83\/100|[from]move: U-turn\n|\n|upkeep\n|turn|21\n|\n|t:|1658688733\n|move|p2a: Cinderace|Pyro Ball|p1a: Ferrothorn\n|-supereffective|p1a: Ferrothorn\n|-damage|p1a: Ferrothorn|0 fnt\n|faint|p1a: Ferrothorn\n|\n|upkeep\n|\n|t:|1658688734\n|switch|p1a: Weavile|Weavile, M|24\/100 brn\n|turn|22\n|\n|t:|1658688741\n|move|p2a: Cinderace|Sucker Punch|p1a: Weavile\n|-start|p2a: Cinderace|typechange|Dark|[from] ability: Libero\n|-resisted|p1a: Weavile\n|-damage|p1a: Weavile|0 fnt\n|faint|p1a: Weavile\n|\n|upkeep\n|\n|t:|1658688742\n|switch|p1a: Lickilicky|Lickilicky, F|82\/100 brn\n|turn|23\n|\n|t:|1658688745\n|move|p2a: Cinderace|U-turn|p1a: Lickilicky\n|-start|p2a: Cinderace|typechange|Bug|[from] ability: Libero\n|-damage|p1a: Lickilicky|51\/100 brn\n|\n|t:|1658688747\n|switch|p2a: Kommo-o|Kommo-o, F|64\/100|[from]move: U-turn\n|move|p1a: Lickilicky|Toxic|p2a: Kommo-o\n|-status|p2a: Kommo-o|tox\n|\n|-damage|p2a: Kommo-o|58\/100 tox|[from] psn\n|-damage|p1a: Lickilicky|44\/100 brn|[from] brn\n|upkeep\n|turn|24\n|\n|t:|1658688750\n|move|p2a: Kommo-o|Close Combat|p1a: Lickilicky\n|-supereffective|p1a: Lickilicky\n|-enditem|p1a: Lickilicky|Chople Berry|[eat]\n|-enditem|p1a: Lickilicky|Chople Berry|[weaken]\n|-damage|p1a: Lickilicky|0 fnt\n|-unboost|p2a: Kommo-o|def|1\n|-unboost|p2a: Kommo-o|spd|1\n|faint|p1a: Lickilicky\n|\n|win|Elon Musk Rusk\n|l| Solumnist Acreed\n|c|\u2606zenModeHaxen|Gg\n|l|\u2606zenModeHaxen\n|c|\u2606Elon Musk Rusk|gg\n","uploadtime":1658688758,"views":10,"p1id":"zenmodehaxen","p2id":"elonmuskrusk","formatid":"gen8nationaldexunrestricted","rating":0,"private":0,"password":null}