{"id":"sports-gen8nationaldexlegacy-705727","p1":"Elon Musk Rusk","p2":"SILVESTRON","format":"gen8nationaldexlegacy","log":"|j|\u2606Elon Musk Rusk\n|j|\u2606SILVESTRON\n|t:|1660145266\n|gametype|singles\n|player|p1|Elon Musk Rusk|102|\n|player|p2|SILVESTRON|silvestron.png|\n|teamsize|p1|6\n|teamsize|p2|6\n|gen|8\n|tier|[Gen 8] National Dex Legacy\n|rule|Sleep Clause Mod: Limit one foe put to sleep\n|rule|OHKO Clause: OHKO moves are banned\n|rule|Evasion Moves Clause: Evasion moves are banned\n|rule|Endless Battle Clause: Forcing endless battles is banned\n|rule|HP Percentage Mod: HP is shown in percentages\n|rule|Dynamax Clause: You cannot dynamax\n|clearpoke\n|poke|p1|Blacephalon|\n|poke|p1|Weezing-Galar, F|\n|poke|p1|Zygarde|\n|poke|p1|Scizor, F|\n|poke|p1|Milotic, M|\n|poke|p1|Zarude-Dada|\n|poke|p2|Galvantula, M|\n|poke|p2|Bronzong|\n|poke|p2|Inteleon, F|\n|poke|p2|Victini|\n|poke|p2|Braviary, M|\n|poke|p2|Heracross, M|\n|teampreview\n|html|<button name=\"send\" class=\"button\" value=\"\/timer ds\"><i class=\"fa fa-hourglass-start\"><\/i> DS Timer<\/button> <button name=\"send\" class=\"button\" value=\"\/timer smogon\"><i class=\"fa fa-hourglass-start\"><\/i> Smogon Timer<\/button>\n|c|\u2606SILVESTRON|GLHF\n|\n|t:|1660145281\n|start\n|switch|p1a: Scizor|Scizor, F|100\/100\n|switch|p2a: Frankie|Galvantula, M|100\/100\n|turn|1\n|\n|t:|1660145286\n|detailschange|p1a: Scizor|Scizor-Mega, F\n|-mega|p1a: Scizor|Scizor|Scizorite\n|move|p2a: Frankie|Sticky Web|p1a: Scizor\n|-sidestart|p1: Elon Musk Rusk|move: Sticky Web\n|move|p1a: Scizor|Dual Wingbeat|p2a: Frankie\n|-damage|p2a: Frankie|54\/100\n|-crit|p2a: Frankie\n|-damage|p2a: Frankie|0 fnt\n|faint|p2a: Frankie\n|-hitcount|p2: Frankie|2\n|\n|upkeep\n|\n|t:|1660145290\n|switch|p2a: Viewtiful Joe|Victini|100\/100\n|turn|2\n|\n|t:|1660145295\n|switch|p1a: Zygarde|Zygarde|100\/100\n|-activate|p1a: Zygarde|move: Sticky Web\n|-unboost|p1a: Zygarde|spe|1\n|-ability|p1a: Zygarde|Aura Break\n|move|p2a: Viewtiful Joe|Blue Flare|p1a: Zygarde\n|-resisted|p1a: Zygarde\n|-damage|p1a: Zygarde|78\/100\n|\n|upkeep\n|turn|3\n|\n|t:|1660145305\n|move|p2a: Viewtiful Joe|Glaciate|p1a: Zygarde\n|-supereffective|p1a: Zygarde\n|-damage|p1a: Zygarde|10\/100\n|-unboost|p1a: Zygarde|spe|1\n|move|p1a: Zygarde|Glare|p2a: Viewtiful Joe\n|-status|p2a: Viewtiful Joe|par\n|\n|upkeep\n|turn|4\n|\n|t:|1660145312\n|move|p2a: Viewtiful Joe|Glaciate|p1a: Zygarde\n|-supereffective|p1a: Zygarde\n|-damage|p1a: Zygarde|0 fnt\n|faint|p1a: Zygarde\n|\n|upkeep\n|\n|t:|1660145320\n|switch|p1a: Milotic|Milotic, M|100\/100\n|-activate|p1a: Milotic|move: Sticky Web\n|-unboost|p1a: Milotic|spe|1\n|turn|5\n|\n|t:|1660145332\n|switch|p2a: Binglehopper|Bronzong|100\/100\n|move|p1a: Milotic|Flip Turn|p2a: Binglehopper\n|-damage|p2a: Binglehopper|89\/100\n|\n|t:|1660145340\n|switch|p1a: Weezing|Weezing-Galar, F|100\/100|[from]move: Flip Turn\n|-ability|p1a: Weezing|Neutralizing Gas\n|-activate|p1a: Weezing|move: Sticky Web\n|-unboost|p1a: Weezing|spe|1\n|\n|-heal|p2a: Binglehopper|95\/100|[from] item: Leftovers\n|upkeep\n|turn|6\n|\n|t:|1660145343\n|move|p1a: Weezing|Defog|p2a: Binglehopper\n|-unboost|p2a: Binglehopper|evasion|1\n|-sideend|p1: Elon Musk Rusk|Sticky Web|[from] move: Defog|[of] p1a: Weezing\n|move|p2a: Binglehopper|Flash Cannon|p1a: Weezing\n|-supereffective|p1a: Weezing\n|-crit|p1a: Weezing\n|-damage|p1a: Weezing|10\/100\n|\n|-heal|p1a: Weezing|16\/100|[from] item: Black Sludge\n|-heal|p2a: Binglehopper|100\/100|[from] item: Leftovers\n|upkeep\n|turn|7\n|\n|t:|1660145350\n|-end|p1a: Weezing|ability: Neutralizing Gas\n|switch|p1a: Blacephalon|Blacephalon|100\/100\n|move|p2a: Binglehopper|Stealth Rock|p1a: Blacephalon\n|-sidestart|p1: Elon Musk Rusk|move: Stealth Rock\n|\n|upkeep\n|turn|8\n|\n|t:|1660145379\n|move|p2a: Binglehopper|Protect|p2a: Binglehopper\n|-singleturn|p2a: Binglehopper|Protect\n|move|p1a: Blacephalon|Fire Blast|p2a: Binglehopper\n|-activate|p2a: Binglehopper|move: Protect\n|\n|upkeep\n|turn|9\n|\n|t:|1660145385\n|switch|p2a: Viewtiful Joe|Victini|100\/100 par\n|move|p1a: Blacephalon|Fire Blast|p2a: Viewtiful Joe\n|-resisted|p2a: Viewtiful Joe\n|-damage|p2a: Viewtiful Joe|68\/100 par\n|\n|upkeep\n|turn|10\n|j| RyinThyme\n|c|\u2606SILVESTRON|uh oh\n|c|\u2606SILVESTRON|i just realized i replaced the wrong move on a certain mon\n|\n|t:|1660145439\n|switch|p2a: Bames Jond|Inteleon, F|100\/100\n|move|p1a: Blacephalon|Fire Blast|p2a: Bames Jond\n|-resisted|p2a: Bames Jond\n|-damage|p2a: Bames Jond|35\/100\n|\n|upkeep\n|turn|11\n|\n|t:|1660145447\n|switch|p1a: Milotic|Milotic, M|100\/100\n|-damage|p1a: Milotic|88\/100|[from] Stealth Rock\n|move|p2a: Bames Jond|Scald|p1a: Milotic\n|-resisted|p1a: Milotic\n|-damage|p1a: Milotic|75\/100\n|-status|p1a: Milotic|brn\n|\n|-damage|p1a: Milotic|69\/100 brn|[from] brn\n|upkeep\n|turn|12\n|\n|t:|1660145459\n|switch|p2a: Doctor Nuts|Heracross, M, shiny|100\/100\n|move|p1a: Milotic|Recover|p1a: Milotic\n|-heal|p1a: Milotic|100\/100 brn\n|\n|-damage|p1a: Milotic|94\/100 brn|[from] brn\n|upkeep\n|turn|13\n|\n|t:|1660145466\n|switch|p1a: Weezing|Weezing-Galar, F|16\/100\n|-ability|p1a: Weezing|Neutralizing Gas\n|-damage|p1a: Weezing|4\/100|[from] Stealth Rock\n|detailschange|p2a: Doctor Nuts|Heracross-Mega, M, shiny\n|-mega|p2a: Doctor Nuts|Heracross|Heracronite\n|move|p2a: Doctor Nuts|Bullet Seed|p1a: Weezing\n|-resisted|p1a: Weezing\n|-damage|p1a: Weezing|0 fnt\n|faint|p1a: Weezing\n|-end|p1a: Weezing|ability: Neutralizing Gas\n|-hitcount|p1: Weezing|1\n|\n|upkeep\n|\n|t:|1660145475\n|switch|p1a: Blacephalon|Blacephalon|100\/100\n|-damage|p1a: Blacephalon|76\/100|[from] Stealth Rock\n|turn|14\n|\n|t:|1660145494\n|switch|p2a: Professor America|Braviary, M|100\/100\n|move|p1a: Blacephalon|Flamethrower|p2a: Professor America\n|-damage|p2a: Professor America|45\/100\n|\n|-heal|p2a: Professor America|51\/100|[from] item: Leftovers\n|upkeep\n|turn|15\n|\n|t:|1660145502\n|move|p1a: Blacephalon|Flamethrower|p2a: Professor America\n|-damage|p2a: Professor America|0 fnt\n|faint|p2a: Professor America\n|-ability|p1a: Blacephalon|Beast Boost|boost\n|-boost|p1a: Blacephalon|spa|1\n|\n|upkeep\n|\n|t:|1660145505\n|switch|p2a: Viewtiful Joe|Victini|68\/100 par\n|turn|16\n|\n|t:|1660145513\n|switch|p1a: Milotic|Milotic, M|94\/100 brn\n|-damage|p1a: Milotic|82\/100 brn|[from] Stealth Rock\n|cant|p2a: Viewtiful Joe|par\n|\n|-damage|p1a: Milotic|76\/100 brn|[from] brn\n|upkeep\n|turn|17\n|\n|t:|1660145520\n|move|p1a: Milotic|Flip Turn|p2a: Viewtiful Joe\n|-supereffective|p2a: Viewtiful Joe\n|-damage|p2a: Viewtiful Joe|56\/100 par\n|\n|t:|1660145523\n|switch|p1a: Zarude|Zarude-Dada|100\/100|[from]move: Flip Turn\n|move|p2a: Viewtiful Joe|Energy Ball|p1a: Zarude\n|-resisted|p1a: Zarude\n|-damage|p1a: Zarude|88\/100\n|\n|upkeep\n|turn|18\n|j| RandomPopplio\n|\n|t:|1660145529\n|move|p1a: Zarude|Darkest Lariat|p2a: Viewtiful Joe\n|-supereffective|p2a: Viewtiful Joe\n|-damage|p2a: Viewtiful Joe|0 fnt\n|faint|p2a: Viewtiful Joe\n|\n|upkeep\n|\n|t:|1660145531\n|switch|p2a: Doctor Nuts|Heracross-Mega, M, shiny|100\/100\n|turn|19\n|c| RyinThyme|YOOOOOOOO VIEWTIFUL JOE\n|\n|t:|1660145539\n|move|p1a: Zarude|Acrobatics|p2a: Doctor Nuts\n|-supereffective|p2a: Doctor Nuts\n|-damage|p2a: Doctor Nuts|25\/100\n|move|p2a: Doctor Nuts|Pin Missile|p1a: Zarude\n|-supereffective|p1a: Zarude\n|-damage|p1a: Zarude|17\/100\n|-supereffective|p1a: Zarude\n|-damage|p1a: Zarude|0 fnt\n|faint|p1a: Zarude\n|-hitcount|p1: Zarude|2\n|\n|upkeep\n|\n|t:|1660145544\n|switch|p1a: Blacephalon|Blacephalon|76\/100\n|-damage|p1a: Blacephalon|51\/100|[from] Stealth Rock\n|turn|20\n|\n|t:|1660145553\n|switch|p2a: Binglehopper|Bronzong|100\/100\n|move|p1a: Blacephalon|Shadow Ball|p2a: Binglehopper\n|-supereffective|p2a: Binglehopper\n|-damage|p2a: Binglehopper|40\/100\n|\n|-heal|p2a: Binglehopper|46\/100|[from] item: Leftovers\n|upkeep\n|turn|21\n|\n|t:|1660145558\n|move|p1a: Blacephalon|Shadow Ball|p2a: Binglehopper\n|-supereffective|p2a: Binglehopper\n|-damage|p2a: Binglehopper|0 fnt\n|faint|p2a: Binglehopper\n|-ability|p1a: Blacephalon|Beast Boost|boost\n|-boost|p1a: Blacephalon|spa|1\n|\n|upkeep\n|\n|t:|1660145561\n|switch|p2a: Bames Jond|Inteleon, F|35\/100\n|turn|22\n|c| RandomPopplio|wtf hera ate that up?\n|\n|t:|1660145569\n|move|p2a: Bames Jond|Scald|p1a: Blacephalon\n|-supereffective|p1a: Blacephalon\n|-damage|p1a: Blacephalon|0 fnt\n|faint|p1a: Blacephalon\n|\n|upkeep\n|\n|t:|1660145578\n|switch|p1a: Milotic|Milotic, M|76\/100 brn\n|-damage|p1a: Milotic|63\/100 brn|[from] Stealth Rock\n|turn|23\n|\n|t:|1660145581\n|move|p2a: Bames Jond|Scald|p1a: Milotic\n|-resisted|p1a: Milotic\n|-damage|p1a: Milotic|49\/100 brn\n|move|p1a: Milotic|Scald|p2a: Bames Jond\n|-resisted|p2a: Bames Jond\n|-damage|p2a: Bames Jond|10\/100\n|\n|-damage|p1a: Milotic|43\/100 brn|[from] brn\n|upkeep\n|turn|24\n|\n|t:|1660145584\n|move|p2a: Bames Jond|Scald|p1a: Milotic\n|-resisted|p1a: Milotic\n|-crit|p1a: Milotic\n|-damage|p1a: Milotic|14\/100 brn\n|move|p1a: Milotic|Recover|p1a: Milotic\n|-heal|p1a: Milotic|65\/100 brn\n|\n|-damage|p1a: Milotic|59\/100 brn|[from] brn\n|upkeep\n|turn|25\n|\n|t:|1660145589\n|move|p2a: Bames Jond|Scald|p1a: Milotic\n|-resisted|p1a: Milotic\n|-damage|p1a: Milotic|37\/100 brn\n|move|p1a: Milotic|Scald|p2a: Bames Jond\n|-resisted|p2a: Bames Jond\n|-damage|p2a: Bames Jond|0 fnt\n|faint|p2a: Bames Jond\n|\n|-damage|p1a: Milotic|31\/100 brn|[from] brn\n|upkeep\n|\n|t:|1660145590\n|switch|p2a: Doctor Nuts|Heracross-Mega, M, shiny|25\/100\n|turn|26\n|\n|t:|1660145592\n|move|p2a: Doctor Nuts|Bullet Seed|p1a: Milotic\n|-supereffective|p1a: Milotic\n|-damage|p1a: Milotic|19\/100 brn\n|-supereffective|p1a: Milotic\n|-damage|p1a: Milotic|7\/100 brn\n|-supereffective|p1a: Milotic\n|-damage|p1a: Milotic|0 fnt\n|faint|p1a: Milotic\n|-hitcount|p1: Milotic|3\n|\n|upkeep\n|\n|t:|1660145594\n|switch|p1a: Scizor|Scizor-Mega, F|100\/100\n|-damage|p1a: Scizor|88\/100|[from] Stealth Rock\n|turn|27\n|\n|t:|1660145596\n|move|p1a: Scizor|Bullet Punch|p2a: Doctor Nuts\n|-damage|p2a: Doctor Nuts|0 fnt\n|faint|p2a: Doctor Nuts\n|\n|win|Elon Musk Rusk\n|c|\u2606SILVESTRON|GG\n|c|\u2606Elon Musk Rusk|gg\n|c|\u2606SILVESTRON|i accidentally replaced heat wave on braviary he was supposed to wall and edfeat scizor\n","uploadtime":1660145626,"views":17,"p1id":"elonmuskrusk","p2id":"silvestron","formatid":"gen8nationaldexlegacy","rating":0,"private":0,"password":null}