{"id":"sports-gen8nationaldexdlc2draft-162628","p1":"GeniusX","p2":"AmigoMiro","format":"gen8nationaldexdlc2draft","log":"|j|\u2606GeniusX\n|j|\u2606AmigoMiro\n|t:|1599991888\n|player|p1|GeniusX|geniusx.gif|\n|player|p2|AmigoMiro|266|\n|teamsize|p1|6\n|teamsize|p2|6\n|gametype|singles\n|gen|8\n|tier|[Gen 8] National Dex DLC2 Draft\n|rule|Sleep Clause Mod: Limit one foe put to sleep\n|rule|OHKO Clause: OHKO moves are banned\n|rule|Evasion Moves Clause: Evasion moves are banned\n|rule|Endless Battle Clause: Forcing endless battles is banned\n|rule|HP Percentage Mod: HP is shown in percentages\n|clearpoke\n|poke|p1|Mudsdale, F|\n|poke|p1|Diancie|\n|poke|p1|Weavile, F|\n|poke|p1|Buzzwole|\n|poke|p1|Tapu Fini|\n|poke|p1|Rotom-Fan|\n|poke|p2|Scizor, M|\n|poke|p2|Clefable, F|\n|poke|p2|Greninja, M|\n|poke|p2|Rotom-Mow|\n|poke|p2|Terrakion|\n|poke|p2|Avalugg, F|\n|rule|Dynamax Clause: You cannot dynamax\n|teampreview\n|html|<button name=\"send\" class=\"button\" value=\"\/timer ds\"><i class=\"fa fa-hourglass-start\"><\/i> DS Timer<\/button> <button name=\"send\" class=\"button\" value=\"\/timer smogon\"><i class=\"fa fa-hourglass-start\"><\/i> Smogon Timer<\/button>\n|c|\u2606GeniusX|hf\n|c|\u2606AmigoMiro|Hf\n|\n|t:|1599991941\n|start\n|switch|p1a: Tapu Fini|Tapu Fini|100\/100\n|switch|p2a: Rotom|Rotom-Mow|100\/100\n|-fieldstart|move: Misty Terrain|[from] ability: Misty Surge|[of] p1a: Tapu Fini\n|turn|1\n|\n|t:|1599991964\n|switch|p1a: Rotom|Rotom-Fan|100\/100\n|move|p2a: Rotom|Volt Switch|p1a: Rotom\n|-damage|p1a: Rotom|71\/100\n|inactive|Battle timer is ON: inactive players will automatically lose when time's up. (requested by GeniusX)\n|\n|t:|1599992004\n|switch|p2a: Terrakion|Terrakion|100\/100|[from]move: Volt Switch\n|\n|upkeep\n|turn|2\n|j| sphraria\n|inactive|GeniusX has 90 seconds left.\n|inactive|AmigoMiro has 90 seconds left.\n|\n|t:|1599992016\n|switch|p1a: Mudsdale|Mudsdale, F|100\/100\n|move|p2a: Terrakion|Stealth Rock|p1a: Mudsdale\n|-sidestart|p1: GeniusX|move: Stealth Rock\n|\n|upkeep\n|turn|3\n|inactive|AmigoMiro has 90 seconds left.\n|\n|t:|1599992028\n|switch|p2a: Rotom|Rotom-Mow|100\/100\n|move|p1a: Mudsdale|Stealth Rock|p2a: Rotom\n|-sidestart|p2: AmigoMiro|move: Stealth Rock\n|\n|upkeep\n|turn|4\n|inactive|GeniusX has 90 seconds left.\n|inactive|AmigoMiro has 90 seconds left.\n|\n|t:|1599992052\n|switch|p1a: Buzzwole|Buzzwole|100\/100\n|-damage|p1a: Buzzwole|88\/100|[from] Stealth Rock\n|move|p2a: Rotom|Leaf Storm|p1a: Buzzwole\n|-resisted|p1a: Buzzwole\n|-damage|p1a: Buzzwole|50\/100\n|-unboost|p2a: Rotom|spa|2\n|\n|upkeep\n|turn|5\n|inactive|GeniusX has 90 seconds left.\n|inactive|AmigoMiro has 90 seconds left.\n|inactive|GeniusX has 60 seconds left.\n|inactive|GeniusX has 30 seconds left.\n|\n|t:|1599992123\n|switch|p2a: Avalugg|Avalugg, F|100\/100\n|move|p1a: Buzzwole|Ice Punch|p2a: Avalugg\n|-resisted|p2a: Avalugg\n|-damage|p2a: Avalugg|94\/100\n|\n|-fieldend|Misty Terrain\n|upkeep\n|turn|6\n|inactive|GeniusX has 90 seconds left.\n|inactive|AmigoMiro has 90 seconds left.\n|\n|t:|1599992144\n|switch|p1a: Tapu Fini|Tapu Fini|100\/100\n|-damage|p1a: Tapu Fini|88\/100|[from] Stealth Rock\n|-fieldstart|move: Misty Terrain|[from] ability: Misty Surge|[of] p1a: Tapu Fini\n|move|p2a: Avalugg|Recover|p2a: Avalugg\n|-heal|p2a: Avalugg|100\/100\n|\n|-heal|p1a: Tapu Fini|94\/100|[from] item: Leftovers\n|upkeep\n|turn|7\n|inactive|AmigoMiro has 90 seconds left.\n|\n|t:|1599992159\n|move|p1a: Tapu Fini|Knock Off|p2a: Avalugg\n|-damage|p2a: Avalugg|94\/100\n|-enditem|p2a: Avalugg|Heavy-Duty Boots|[from] move: Knock Off|[of] p1a: Tapu Fini\n|move|p2a: Avalugg|Heavy Slam|p1a: Tapu Fini\n|-damage|p1a: Tapu Fini|73\/100\n|\n|-heal|p1a: Tapu Fini|79\/100|[from] item: Leftovers\n|upkeep\n|turn|8\n|j| Acshy\n|\n|t:|1599992167\n|move|p1a: Tapu Fini|Moonblast|p2a: Avalugg\n|-damage|p2a: Avalugg|54\/100\n|move|p2a: Avalugg|Mirror Coat|p1a: Tapu Fini\n|-damage|p1a: Tapu Fini|0 fnt\n|faint|p1a: Tapu Fini\n|\n|upkeep\n|inactive|GeniusX has 90 seconds left.\n|\n|t:|1599992188\n|switch|p1a: Diancie|Diancie|100\/100\n|-damage|p1a: Diancie|88\/100|[from] Stealth Rock\n|turn|9\n|inactive|GeniusX has 90 seconds left.\n|j| joint34\n|\n|t:|1599992224\n|detailschange|p1a: Diancie|Diancie-Mega\n|-mega|p1a: Diancie|Diancie|Diancite\n|move|p1a: Diancie|Moonblast|p2a: Avalugg\n|-damage|p2a: Avalugg|0 fnt\n|faint|p2a: Avalugg\n|\n|upkeep\n|inactive|AmigoMiro has 90 seconds left.\n|\n|t:|1599992235\n|switch|p2a: Greninja|Greninja, M|100\/100\n|-damage|p2a: Greninja|88\/100|[from] Stealth Rock\n|turn|10\n|inactive|GeniusX has 90 seconds left.\n|\n|t:|1599992249\n|switch|p1a: Rotom|Rotom-Fan|71\/100\n|move|p2a: Greninja|Surf|p1a: Rotom\n|-damage|p1a: Rotom|18\/100\n|-damage|p2a: Greninja|78\/100|[from] item: Life Orb\n|\n|-fieldend|Misty Terrain\n|upkeep\n|turn|11\n|inactive|GeniusX has 90 seconds left.\n|\n|t:|1599992261\n|move|p2a: Greninja|Surf|p1a: Rotom\n|-damage|p1a: Rotom|0 fnt\n|-damage|p2a: Greninja|69\/100|[from] item: Life Orb\n|faint|p1a: Rotom\n|\n|upkeep\n|inactive|GeniusX has 90 seconds left.\n|\n|t:|1599992271\n|switch|p1a: Weavile|Weavile, F|100\/100\n|-damage|p1a: Weavile|76\/100|[from] Stealth Rock\n|-ability|p1a: Weavile|Pressure\n|turn|12\n|inactive|AmigoMiro has 90 seconds left.\n|\n|t:|1599992289\n|switch|p2a: Rotom|Rotom-Mow|100\/100\n|-damage|p2a: Rotom|88\/100|[from] Stealth Rock\n|move|p1a: Weavile|Triple Axel|p2a: Rotom\n|-supereffective|p2a: Rotom\n|-damage|p2a: Rotom|58\/100\n|-supereffective|p2a: Rotom\n|-damage|p2a: Rotom|0 fnt\n|-hitcount|p2a: Rotom|2\n|faint|p2a: Rotom\n|\n|upkeep\n|inactive|AmigoMiro has 90 seconds left.\n|\n|t:|1599992314\n|switch|p2a: Clefable|Clefable, F|100\/100\n|turn|13\n|inactive|GeniusX has 90 seconds left.\n|inactive|AmigoMiro has 90 seconds left.\n|inactive|GeniusX has 60 seconds left.\n|\n|t:|1599992358\n|move|p1a: Weavile|Triple Axel|p2a: Clefable\n|-damage|p2a: Clefable|86\/100\n|-damage|p2a: Clefable|58\/100\n|-damage|p2a: Clefable|18\/100\n|-hitcount|p2a: Clefable|3\n|move|p2a: Clefable|Moonblast|p1a: Weavile\n|-supereffective|p1a: Weavile\n|-damage|p1a: Weavile|0 fnt\n|faint|p1a: Weavile\n|\n|-heal|p2a: Clefable|24\/100|[from] item: Leftovers\n|upkeep\n|inactive|GeniusX has 90 seconds left.\n|j| Egakecleons\n|inactive|GeniusX has 60 seconds left.\n|\n|t:|1599992407\n|switch|p1a: Buzzwole|Buzzwole|50\/100\n|-damage|p1a: Buzzwole|37\/100|[from] Stealth Rock\n|turn|14\n|\n|t:|1599992414\n|move|p1a: Buzzwole|Close Combat|p2a: Clefable\n|-resisted|p2a: Clefable\n|-damage|p2a: Clefable|0 fnt\n|-unboost|p1a: Buzzwole|def|1\n|-unboost|p1a: Buzzwole|spd|1\n|faint|p2a: Clefable\n|-ability|p1a: Buzzwole|Beast Boost|boost\n|-boost|p1a: Buzzwole|atk|1\n|\n|upkeep\n|\n|t:|1599992424\n|switch|p2a: Terrakion|Terrakion|100\/100\n|-damage|p2a: Terrakion|94\/100|[from] Stealth Rock\n|turn|15\n|inactive|GeniusX has 90 seconds left.\n|inactive|AmigoMiro has 90 seconds left.\n|l|\u2606AmigoMiro\n|inactive|AmigoMiro disconnected and has 300 seconds to reconnect!\n|player|p2|\n|j|\u2606AmigoMiro\n|inactive|AmigoMiro reconnected and has 85 seconds left.\n|player|p2|AmigoMiro|266\n|\n|t:|1599992465\n|switch|p1a: Mudsdale|Mudsdale, F|100\/100\n|-damage|p1a: Mudsdale|94\/100|[from] Stealth Rock\n|move|p2a: Terrakion|Air Slash|p1a: Mudsdale\n|-damage|p1a: Mudsdale|82\/100\n|-ability|p1a: Mudsdale|Stamina|boost\n|-boost|p1a: Mudsdale|def|1\n|\n|-heal|p1a: Mudsdale|88\/100|[from] item: Leftovers\n|upkeep\n|turn|16\n|inactive|GeniusX has 90 seconds left.\n|inactive|AmigoMiro has 90 seconds left.\n|j| xray\n|l| Acshy\n|inactive|AmigoMiro has 60 seconds left.\n|\n|t:|1599992515\n|switch|p2a: Scizor|Scizor, M|100\/100\n|-damage|p2a: Scizor|88\/100|[from] Stealth Rock\n|move|p1a: Mudsdale|Body Press|p2a: Scizor\n|-damage|p2a: Scizor|54\/100\n|\n|-heal|p2a: Scizor|60\/100|[from] item: Leftovers\n|-heal|p1a: Mudsdale|94\/100|[from] item: Leftovers\n|upkeep\n|turn|17\n|\n|t:|1599992522\n|move|p2a: Scizor|Swords Dance|p2a: Scizor\n|-boost|p2a: Scizor|atk|2\n|move|p1a: Mudsdale|Iron Defense|p1a: Mudsdale\n|-boost|p1a: Mudsdale|def|2\n|\n|-heal|p2a: Scizor|66\/100|[from] item: Leftovers\n|-heal|p1a: Mudsdale|100\/100|[from] item: Leftovers\n|upkeep\n|turn|18\n|inactive|AmigoMiro has 90 seconds left.\n|\n|t:|1599992536\n|switch|p2a: Terrakion|Terrakion|94\/100\n|-damage|p2a: Terrakion|88\/100|[from] Stealth Rock\n|move|p1a: Mudsdale|Body Press|p2a: Terrakion\n|-supereffective|p2a: Terrakion\n|-damage|p2a: Terrakion|0 fnt\n|faint|p2a: Terrakion\n|\n|upkeep\n|\n|t:|1599992538\n|switch|p2a: Greninja|Greninja, M|69\/100\n|-damage|p2a: Greninja|56\/100|[from] Stealth Rock\n|turn|19\n|inactive|GeniusX has 90 seconds left.\n|inactive|AmigoMiro has 90 seconds left.\n|inactive|AmigoMiro has 60 seconds left.\n|inactive|GeniusX has 60 seconds left.\n|inactive|AmigoMiro has 30 seconds left.\n|inactive|GeniusX has 30 seconds left.\n|\n|t:|1599992613\n|switch|p1a: Diancie|Diancie-Mega|88\/100\n|-damage|p1a: Diancie|76\/100|[from] Stealth Rock\n|move|p2a: Greninja|Surf|p1a: Diancie\n|-supereffective|p1a: Diancie\n|-crit|p1a: Diancie\n|-damage|p1a: Diancie|0 fnt\n|-damage|p2a: Greninja|46\/100|[from] item: Life Orb\n|faint|p1a: Diancie\n|\n|upkeep\n|\n|t:|1599992617\n|switch|p1a: Buzzwole|Buzzwole|37\/100\n|-damage|p1a: Buzzwole|25\/100|[from] Stealth Rock\n|turn|20\n|\n|t:|1599992627\n|switch|p2a: Scizor|Scizor, M|66\/100\n|-damage|p2a: Scizor|53\/100|[from] Stealth Rock\n|move|p1a: Buzzwole|Drain Punch|p2a: Scizor\n|-damage|p2a: Scizor|14\/100\n|-heal|p1a: Buzzwole|44\/100|[from] drain|[of] p2a: Scizor\n|\n|-heal|p2a: Scizor|20\/100|[from] item: Leftovers\n|upkeep\n|turn|21\n|inactive|AmigoMiro has 90 seconds left.\n|j| ProfChipboard\n|\n|t:|1599992638\n|move|p2a: Scizor|Bullet Punch|p1a: Buzzwole\n|-damage|p1a: Buzzwole|22\/100\n|move|p1a: Buzzwole|Drain Punch|p2a: Scizor\n|-damage|p2a: Scizor|0 fnt\n|-heal|p1a: Buzzwole|32\/100|[from] drain|[of] p2a: Scizor\n|faint|p2a: Scizor\n|-ability|p1a: Buzzwole|Beast Boost|boost\n|-boost|p1a: Buzzwole|atk|1\n|\n|upkeep\n|c|\u2606AmigoMiro|Gg\n|\n|t:|1599992643\n|switch|p2a: Greninja|Greninja, M|46\/100\n|-damage|p2a: Greninja|34\/100|[from] Stealth Rock\n|turn|22\n|c|\u2606GeniusX|gg\n|\n|t:|1599992647\n|move|p1a: Buzzwole|Drain Punch|p2a: Greninja\n|-supereffective|p2a: Greninja\n|-damage|p2a: Greninja|0 fnt\n|-heal|p1a: Buzzwole|46\/100|[from] drain|[of] p2a: Greninja\n|faint|p2a: Greninja\n|\n|win|GeniusX\n|l| sphraria\n|l| Egakecleons\n|l| joint34\n|l|\u2606GeniusX\n","uploadtime":1599992651,"views":104,"p1id":"geniusx","p2id":"amigomiro","formatid":"gen8nationaldexdlc2draft","rating":0,"private":0,"password":null}