{"id":"sports-gen8bdspbdspdraft-602038","p1":"AsterJ","p2":"phantombass","format":"gen8bdspbdspdraft","log":"|j|\u2606AsterJ\n|j|\u2606phantombass\n|t:|1645903671\n|gametype|singles\n|player|p1|AsterJ|asterj.png|\n|player|p2|phantombass|102|\n|teamsize|p1|6\n|teamsize|p2|6\n|gen|8\n|tier|[Gen 8 BDSP] BDSP Draft\n|rule|Sleep Clause Mod: Limit one foe put to sleep\n|rule|OHKO Clause: OHKO moves are banned\n|rule|Evasion Moves Clause: Evasion moves are banned\n|rule|Endless Battle Clause: Forcing endless battles is banned\n|rule|HP Percentage Mod: HP is shown in percentages\n|clearpoke\n|poke|p1|Tyranitar, F|\n|poke|p1|Garchomp, M|\n|poke|p1|Dusknoir, F|\n|poke|p1|Blissey, F|\n|poke|p1|Suicune|\n|poke|p1|Azelf|\n|poke|p2|Cradily, F|\n|poke|p2|Jolteon, M|\n|poke|p2|Mamoswine, F|\n|poke|p2|Clefable, M|\n|poke|p2|Snorlax, F|\n|poke|p2|Infernape, M|\n|teampreview\n|html|<button name=\"send\" class=\"button\" value=\"\/timer ds\"><i class=\"fa fa-hourglass-start\"><\/i> DS Timer<\/button> <button name=\"send\" class=\"button\" value=\"\/timer smogon\"><i class=\"fa fa-hourglass-start\"><\/i> Smogon Timer<\/button>\n|c|\u2606AsterJ|Gl hf man\n|c|\u2606phantombass|you too my dude\n|j| PorygonTheBot\n|c| PorygonTheBot|y'all are stupid\n|c|\u2606phantombass|porygon knows me already\\\n|j| Hogline\n|\n|t:|1645903740\n|start\n|switch|p1a: Azelf|Azelf|100\/100\n|switch|p2a: Infernape|Infernape, M|100\/100\n|turn|1\n|\n|t:|1645903748\n|move|p2a: Infernape|Fake Out|p1a: Azelf\n|-damage|p1a: Azelf|81\/100\n|cant|p1a: Azelf|flinch\n|\n|upkeep\n|turn|2\n|\n|t:|1645903756\n|move|p1a: Azelf|Psychic|p2a: Infernape\n|-supereffective|p2a: Infernape\n|-enditem|p2a: Infernape|Payapa Berry|[eat]\n|-enditem|p2a: Infernape|Payapa Berry|[weaken]\n|-damage|p2a: Infernape|33\/100\n|move|p2a: Infernape|Fire Punch|p1a: Azelf\n|-damage|p1a: Azelf|2\/100\n|\n|upkeep\n|turn|3\n|\n|t:|1645903768\n|move|p2a: Infernape|Mach Punch|p1a: Azelf\n|-resisted|p1a: Azelf\n|-damage|p1a: Azelf|0 fnt\n|faint|p1a: Azelf\n|\n|upkeep\n|\n|t:|1645903780\n|switch|p1a: Dusknoir|Dusknoir, F|100\/100\n|turn|4\n|\n|t:|1645903794\n|switch|p2a: Clefable|Clefable, M|100\/100\n|move|p1a: Dusknoir|Night Shade|p2a: Clefable\n|-damage|p2a: Clefable|75\/100\n|\n|-heal|p2a: Clefable|81\/100|[from] item: Leftovers\n|upkeep\n|turn|5\n|\n|t:|1645903811\n|switch|p2a: Jolteon|Jolteon, M|100\/100\n|move|p1a: Dusknoir|Taunt|p2a: Jolteon\n|-start|p2a: Jolteon|move: Taunt\n|\n|upkeep\n|turn|6\n|\n|t:|1645903817\n|switch|p1a: Blissey|Blissey, F|100\/100\n|move|p2a: Jolteon|Shadow Ball|p1a: Blissey\n|-immune|p1a: Blissey\n|\n|upkeep\n|turn|7\n|\n|t:|1645903824\n|move|p2a: Jolteon|Volt Switch|p1a: Blissey\n|-damage|p1a: Blissey|85\/100\n|-damage|p2a: Jolteon|91\/100|[from] item: Life Orb\n|\n|t:|1645903828\n|switch|p2a: Infernape|Infernape, M|33\/100|[from]move: Volt Switch\n|move|p1a: Blissey|Stealth Rock|p2a: Infernape\n|-sidestart|p2: phantombass|move: Stealth Rock\n|\n|-heal|p1a: Blissey|91\/100|[from] item: Leftovers\n|upkeep\n|turn|8\n|\n|t:|1645903838\n|switch|p1a: Garchomp|Garchomp, M|100\/100\n|move|p2a: Infernape|Fire Punch|p1a: Garchomp\n|-resisted|p1a: Garchomp\n|-damage|p1a: Garchomp|80\/100\n|-status|p1a: Garchomp|brn\n|-damage|p2a: Infernape|20\/100|[from] ability: Rough Skin|[of] p1a: Garchomp\n|\n|-damage|p1a: Garchomp|74\/100 brn|[from] brn\n|upkeep\n|turn|9\n|c|\u2606phantombass|ouch that sucks my dude\n|\n|t:|1645903855\n|move|p2a: Infernape|Close Combat|p1a: Garchomp\n|-damage|p1a: Garchomp|32\/100 brn\n|-unboost|p2a: Infernape|def|1\n|-unboost|p2a: Infernape|spd|1\n|-damage|p2a: Infernape|8\/100|[from] ability: Rough Skin|[of] p1a: Garchomp\n|move|p1a: Garchomp|Earthquake|p2a: Infernape\n|-supereffective|p2a: Infernape\n|-damage|p2a: Infernape|0 fnt\n|faint|p2a: Infernape\n|\n|-damage|p1a: Garchomp|26\/100 brn|[from] brn\n|upkeep\n|\n|t:|1645903866\n|switch|p2a: Mamoswine|Mamoswine, F|100\/100\n|-damage|p2a: Mamoswine|88\/100|[from] Stealth Rock\n|turn|10\n|\n|t:|1645903875\n|switch|p1a: Suicune|Suicune|100\/100\n|move|p2a: Mamoswine|Stealth Rock|p1a: Suicune\n|-sidestart|p1: AsterJ|move: Stealth Rock\n|\n|upkeep\n|turn|11\n|\n|t:|1645903882\n|switch|p2a: Cradily|Cradily, F|100\/100\n|-damage|p2a: Cradily|88\/100|[from] Stealth Rock\n|move|p1a: Suicune|Ice Beam|p2a: Cradily\n|-supereffective|p2a: Cradily\n|-damage|p2a: Cradily|27\/100\n|\n|-heal|p2a: Cradily|33\/100|[from] item: Leftovers\n|upkeep\n|turn|12\n|\n|t:|1645903894\n|switch|p1a: Tyranitar|Tyranitar, F|100\/100\n|-ability|p1a: Tyranitar|Unnerve\n|-damage|p1a: Tyranitar|88\/100|[from] Stealth Rock\n|switch|p2a: Snorlax|Snorlax, F|100\/100\n|-damage|p2a: Snorlax|88\/100|[from] Stealth Rock\n|\n|-heal|p2a: Snorlax|94\/100|[from] item: Leftovers\n|upkeep\n|turn|13\n|\n|t:|1645903911\n|switch|p2a: Mamoswine|Mamoswine, F|88\/100\n|-damage|p2a: Mamoswine|76\/100|[from] Stealth Rock\n|move|p1a: Tyranitar|Stone Edge|p2a: Mamoswine|[miss]\n|-miss|p1a: Tyranitar|p2a: Mamoswine\n|\n|upkeep\n|turn|14\n|\n|t:|1645903919\n|switch|p1a: Garchomp|Garchomp, M|26\/100 brn\n|-damage|p1a: Garchomp|19\/100 brn|[from] Stealth Rock\n|move|p2a: Mamoswine|Earthquake|p1a: Garchomp\n|-damage|p1a: Garchomp|0 fnt\n|faint|p1a: Garchomp\n|\n|upkeep\n|\n|t:|1645903922\n|switch|p1a: Suicune|Suicune|100\/100\n|-damage|p1a: Suicune|88\/100|[from] Stealth Rock\n|turn|15\n|\n|t:|1645903929\n|move|p1a: Suicune|Surf|p2a: Mamoswine\n|-supereffective|p2a: Mamoswine\n|-damage|p2a: Mamoswine|0 fnt\n|faint|p2a: Mamoswine\n|\n|upkeep\n|\n|t:|1645903934\n|switch|p2a: Jolteon|Jolteon, M|91\/100\n|-damage|p2a: Jolteon|79\/100|[from] Stealth Rock\n|turn|16\n|\n|t:|1645903941\n|switch|p1a: Blissey|Blissey, F|91\/100\n|-damage|p1a: Blissey|78\/100|[from] Stealth Rock\n|move|p2a: Jolteon|Volt Switch|p1a: Blissey\n|-damage|p1a: Blissey|63\/100\n|-damage|p2a: Jolteon|69\/100|[from] item: Life Orb\n|\n|t:|1645903950\n|switch|p2a: Cradily|Cradily, F|33\/100|[from]move: Volt Switch\n|-damage|p2a: Cradily|21\/100|[from] Stealth Rock\n|\n|-heal|p1a: Blissey|69\/100|[from] item: Leftovers\n|-heal|p2a: Cradily|27\/100|[from] item: Leftovers\n|upkeep\n|turn|17\n|\n|t:|1645903958\n|move|p1a: Blissey|Seismic Toss|p2a: Cradily\n|-damage|p2a: Cradily|0 fnt\n|faint|p2a: Cradily\n|\n|-heal|p1a: Blissey|76\/100|[from] item: Leftovers\n|upkeep\n|\n|t:|1645903972\n|switch|p2a: Snorlax|Snorlax, F|94\/100\n|-damage|p2a: Snorlax|82\/100|[from] Stealth Rock\n|turn|18\n|\n|t:|1645903978\n|switch|p1a: Dusknoir|Dusknoir, F|100\/100\n|-damage|p1a: Dusknoir|88\/100|[from] Stealth Rock\n|-item|p2a: Snorlax|Leftovers|[from] ability: Frisk|[of] p1a: Dusknoir|[identify]\n|move|p2a: Snorlax|Crunch|p1a: Dusknoir\n|-supereffective|p1a: Dusknoir\n|-damage|p1a: Dusknoir|52\/100\n|-unboost|p1a: Dusknoir|def|1\n|\n|-heal|p1a: Dusknoir|58\/100|[from] item: Leftovers\n|-heal|p2a: Snorlax|88\/100|[from] item: Leftovers\n|upkeep\n|turn|19\n|\n|t:|1645903989\n|move|p1a: Dusknoir|Will-O-Wisp|p2a: Snorlax\n|-status|p2a: Snorlax|brn\n|move|p2a: Snorlax|Crunch|p1a: Dusknoir\n|-supereffective|p1a: Dusknoir\n|-crit|p1a: Dusknoir\n|-damage|p1a: Dusknoir|16\/100\n|-unboost|p1a: Dusknoir|def|1\n|\n|-heal|p1a: Dusknoir|23\/100|[from] item: Leftovers\n|-heal|p2a: Snorlax|94\/100 brn|[from] item: Leftovers\n|-damage|p2a: Snorlax|88\/100 brn|[from] brn\n|upkeep\n|turn|20\n|c|\u2606AsterJ|Okay\n|\n|t:|1645904000\n|move|p1a: Dusknoir|Pain Split|p2a: Snorlax\n|-sethp|p2a: Snorlax|50\/100 brn|[from] move: Pain Split|[silent]\n|-sethp|p1a: Dusknoir|89\/100|[from] move: Pain Split\n|move|p2a: Snorlax|Crunch|p1a: Dusknoir\n|-supereffective|p1a: Dusknoir\n|-crit|p1a: Dusknoir\n|-damage|p1a: Dusknoir|30\/100\n|\n|-heal|p1a: Dusknoir|37\/100|[from] item: Leftovers\n|-heal|p2a: Snorlax|56\/100 brn|[from] item: Leftovers\n|-damage|p2a: Snorlax|50\/100 brn|[from] brn\n|upkeep\n|turn|21\n|\n|t:|1645904013\n|switch|p1a: Tyranitar|Tyranitar, F|88\/100\n|-ability|p1a: Tyranitar|Unnerve\n|-damage|p1a: Tyranitar|76\/100|[from] Stealth Rock\n|move|p2a: Snorlax|Rest|p2a: Snorlax\n|-status|p2a: Snorlax|slp|[from] move: Rest\n|-heal|p2a: Snorlax|100\/100 slp|[silent]\n|\n|upkeep\n|turn|22\n|\n|t:|1645904029\n|-singleturn|p1a: Tyranitar|move: Focus Punch\n|cant|p2a: Snorlax|slp\n|move|p2a: Snorlax|Sleep Talk|p2a: Snorlax\n|move|p2a: Snorlax|Rest||[from]move: Sleep Talk|[still]\n|-fail|p2a: Snorlax\n|move|p1a: Tyranitar|Focus Punch|p2a: Snorlax\n|-supereffective|p2a: Snorlax\n|-damage|p2a: Snorlax|0 fnt\n|faint|p2a: Snorlax\n|\n|upkeep\n|\n|t:|1645904042\n|switch|p2a: Clefable|Clefable, M|81\/100\n|turn|23\n|\n|t:|1645904052\n|switch|p1a: Dusknoir|Dusknoir, F|37\/100\n|-damage|p1a: Dusknoir|24\/100|[from] Stealth Rock\n|-item|p2a: Clefable|Leftovers|[from] ability: Frisk|[of] p1a: Dusknoir|[identify]\n|move|p2a: Clefable|Wish|p2a: Clefable\n|\n|-heal|p1a: Dusknoir|30\/100|[from] item: Leftovers\n|-heal|p2a: Clefable|87\/100|[from] item: Leftovers\n|upkeep\n|turn|24\n|\n|t:|1645904060\n|move|p1a: Dusknoir|Taunt|p2a: Clefable\n|-start|p2a: Clefable|move: Taunt\n|move|p2a: Clefable|Moonblast|p1a: Dusknoir\n|-damage|p1a: Dusknoir|5\/100\n|\n|-heal|p2a: Clefable|100\/100|[from] move: Wish|[wisher] Clefable\n|-heal|p1a: Dusknoir|11\/100|[from] item: Leftovers\n|upkeep\n|turn|25\n|\n|t:|1645904070\n|move|p1a: Dusknoir|Pain Split|p2a: Clefable\n|-sethp|p2a: Clefable|54\/100|[from] move: Pain Split|[silent]\n|-sethp|p1a: Dusknoir|73\/100|[from] move: Pain Split\n|move|p2a: Clefable|Moonblast|p1a: Dusknoir\n|-damage|p1a: Dusknoir|51\/100\n|\n|-heal|p1a: Dusknoir|57\/100|[from] item: Leftovers\n|-heal|p2a: Clefable|60\/100|[from] item: Leftovers\n|upkeep\n|turn|26\n|\n|t:|1645904079\n|move|p1a: Dusknoir|Night Shade|p2a: Clefable\n|-damage|p2a: Clefable|35\/100\n|move|p2a: Clefable|Moonblast|p1a: Dusknoir\n|-damage|p1a: Dusknoir|33\/100\n|\n|-heal|p1a: Dusknoir|39\/100|[from] item: Leftovers\n|-heal|p2a: Clefable|41\/100|[from] item: Leftovers\n|-end|p2a: Clefable|move: Taunt\n|upkeep\n|turn|27\n|\n|t:|1645904087\n|switch|p2a: Jolteon|Jolteon, M|69\/100\n|-damage|p2a: Jolteon|57\/100|[from] Stealth Rock\n|move|p1a: Dusknoir|Taunt|p2a: Jolteon\n|-start|p2a: Jolteon|move: Taunt\n|\n|-heal|p1a: Dusknoir|45\/100|[from] item: Leftovers\n|upkeep\n|turn|28\n|\n|t:|1645904095\n|move|p2a: Jolteon|Thunderbolt|p1a: Dusknoir\n|-damage|p1a: Dusknoir|3\/100\n|-status|p1a: Dusknoir|par\n|-damage|p2a: Jolteon|47\/100|[from] item: Life Orb\n|cant|p1a: Dusknoir|par\n|\n|-heal|p1a: Dusknoir|9\/100 par|[from] item: Leftovers\n|upkeep\n|turn|29\n|c|\u2606phantombass|this game is dumb xD\n|\n|t:|1645904109\n|move|p2a: Jolteon|Volt Switch|p1a: Dusknoir\n|-damage|p1a: Dusknoir|0 fnt\n|faint|p1a: Dusknoir\n|-damage|p2a: Jolteon|37\/100|[from] item: Life Orb\n|\n|t:|1645904114\n|switch|p2a: Clefable|Clefable, M|41\/100|[from]move: Volt Switch\n|\n|-heal|p2a: Clefable|47\/100|[from] item: Leftovers\n|upkeep\n|\n|t:|1645904116\n|switch|p1a: Tyranitar|Tyranitar, F|76\/100\n|-ability|p1a: Tyranitar|Unnerve\n|-damage|p1a: Tyranitar|63\/100|[from] Stealth Rock\n|turn|30\n|\n|t:|1645904122\n|move|p2a: Clefable|Protect|p2a: Clefable\n|-singleturn|p2a: Clefable|Protect\n|move|p1a: Tyranitar|Iron Head|p2a: Clefable\n|-activate|p2a: Clefable|move: Protect\n|\n|-heal|p2a: Clefable|53\/100|[from] item: Leftovers\n|upkeep\n|turn|31\n|\n|t:|1645904130\n|switch|p2a: Jolteon|Jolteon, M|37\/100\n|-damage|p2a: Jolteon|25\/100|[from] Stealth Rock\n|move|p1a: Tyranitar|Iron Head|p2a: Jolteon\n|-resisted|p2a: Jolteon\n|-damage|p2a: Jolteon|0 fnt\n|faint|p2a: Jolteon\n|\n|upkeep\n|\n|t:|1645904137\n|switch|p2a: Clefable|Clefable, M|53\/100\n|turn|32\n|\n|t:|1645904139\n|move|p2a: Clefable|Protect|p2a: Clefable\n|-singleturn|p2a: Clefable|Protect\n|move|p1a: Tyranitar|Iron Head|p2a: Clefable\n|-activate|p2a: Clefable|move: Protect\n|\n|-heal|p2a: Clefable|59\/100|[from] item: Leftovers\n|upkeep\n|turn|33\n|\n|t:|1645904145\n|move|p1a: Tyranitar|Iron Head|p2a: Clefable\n|-supereffective|p2a: Clefable\n|-damage|p2a: Clefable|0 fnt\n|faint|p2a: Clefable\n|\n|win|AsterJ\n|l| PorygonTheBot\n|c|\u2606AsterJ|Gg\n|c|\u2606phantombass|gg\n|l|\u2606phantombass\n","uploadtime":1645904147,"views":17,"p1id":"asterj","p2id":"phantombass","formatid":"gen8bdspbdspdraft","rating":0,"private":0,"password":null}