{"id":"sports-gen8nationaldexlegacy-603662","p1":"gch34","p2":"LudwigFrog","format":"gen8nationaldexlegacy","log":"|j|\u2606gch34\n|j|\u2606LudwigFrog\n|t:|1646077053\n|gametype|singles\n|player|p1|gch34|266|\n|player|p2|LudwigFrog|hilbert-wonderlauncher|\n|teamsize|p1|6\n|teamsize|p2|6\n|gen|8\n|tier|[Gen 8] National Dex Legacy\n|rule|Sleep Clause Mod: Limit one foe put to sleep\n|rule|OHKO Clause: OHKO moves are banned\n|rule|Evasion Moves Clause: Evasion moves are banned\n|rule|Endless Battle Clause: Forcing endless battles is banned\n|rule|HP Percentage Mod: HP is shown in percentages\n|rule|Dynamax Clause: You cannot dynamax\n|clearpoke\n|poke|p1|Diancie|\n|poke|p1|Genesect|\n|poke|p1|Giratina-Origin|\n|poke|p1|Milotic, F|\n|poke|p1|Incineroar, F|\n|poke|p1|Celebi|\n|poke|p2|Lucario, F|\n|poke|p2|Delphox, F|\n|poke|p2|Mew|\n|poke|p2|Toxapex, M|\n|poke|p2|Ferrothorn, M|\n|poke|p2|Kyurem|\n|teampreview\n|html|<button name=\"send\" class=\"button\" value=\"\/timer ds\"><i class=\"fa fa-hourglass-start\"><\/i> DS Timer<\/button> <button name=\"send\" class=\"button\" value=\"\/timer smogon\"><i class=\"fa fa-hourglass-start\"><\/i> Smogon Timer<\/button>\n|inactive|Battle timer is ON: inactive players will automatically lose when time's up. (requested by LudwigFrog)\n|inactiveoff|Battle timer is now OFF.\n|c|\u2606gch34|gl\n|j| PorygonTheBot\n|c| PorygonTheBot|You got this!\n|c|\u2606LudwigFrog|glhf\n|\n|t:|1646077093\n|start\n|switch|p1a: Genesect|Genesect|100\/100\n|switch|p2a: Kyurem|Kyurem|100\/100\n|-ability|p1a: Genesect|Download|boost\n|-boost|p1a: Genesect|spa|1\n|-ability|p2a: Kyurem|Pressure\n|turn|1\n|\n|t:|1646077102\n|switch|p2a: Toxapex|Toxapex, M|100\/100\n|move|p1a: Genesect|Flash Cannon|p2a: Toxapex\n|-resisted|p2a: Toxapex\n|-damage|p2a: Toxapex|79\/100\n|\n|-heal|p2a: Toxapex|86\/100|[from] item: Black Sludge\n|upkeep\n|turn|2\n|\n|t:|1646077125\n|switch|p1a: Giratina|Giratina-Origin|100\/100\n|move|p2a: Toxapex|Knock Off|p1a: Giratina\n|-supereffective|p1a: Giratina\n|-damage|p1a: Giratina|90\/100\n|\n|-heal|p2a: Toxapex|92\/100|[from] item: Black Sludge\n|upkeep\n|turn|3\n|\n|t:|1646077149\n|switch|p2a: Ferrothorn|Ferrothorn, M|100\/100\n|move|p1a: Giratina|Thunder Wave|p2a: Ferrothorn\n|-status|p2a: Ferrothorn|par\n|\n|upkeep\n|turn|4\n|\n|t:|1646077160\n|switch|p1a: Incineroar|Incineroar, F|100\/100\n|-ability|p1a: Incineroar|Intimidate|boost\n|-unboost|p2a: Ferrothorn|atk|1\n|move|p2a: Ferrothorn|Stealth Rock|p1a: Incineroar\n|-sidestart|p1: gch34|move: Stealth Rock\n|\n|upkeep\n|turn|5\n|\n|t:|1646077166\n|switch|p2a: Toxapex|Toxapex, M|100\/100\n|move|p1a: Incineroar|Taunt|p2a: Toxapex\n|-start|p2a: Toxapex|move: Taunt\n|\n|upkeep\n|turn|6\n|\n|t:|1646077174\n|switch|p1a: Giratina|Giratina-Origin|90\/100\n|-damage|p1a: Giratina|78\/100|[from] Stealth Rock\n|move|p2a: Toxapex|Knock Off|p1a: Giratina\n|-supereffective|p1a: Giratina\n|-damage|p1a: Giratina|67\/100\n|\n|upkeep\n|turn|7\n|\n|t:|1646077181\n|move|p1a: Giratina|Defog|p2a: Toxapex\n|-unboost|p2a: Toxapex|evasion|1\n|-sideend|p1: gch34|Stealth Rock|[from] move: Defog|[of] p1a: Giratina\n|move|p2a: Toxapex|Knock Off|p1a: Giratina\n|-supereffective|p1a: Giratina\n|-damage|p1a: Giratina|57\/100\n|\n|-end|p2a: Toxapex|move: Taunt\n|upkeep\n|turn|8\n|\n|t:|1646077187\n|move|p2a: Toxapex|Baneful Bunker|p2a: Toxapex\n|-singleturn|p2a: Toxapex|move: Protect\n|move|p1a: Giratina|Thunder Wave|p2a: Toxapex\n|-activate|p2a: Toxapex|move: Protect\n|\n|upkeep\n|turn|9\n|\n|t:|1646077193\n|switch|p2a: Ferrothorn|Ferrothorn, M|100\/100 par\n|move|p1a: Giratina|Hex|p2a: Ferrothorn\n|-damage|p2a: Ferrothorn|54\/100 par\n|\n|-heal|p2a: Ferrothorn|60\/100 par|[from] item: Leftovers\n|upkeep\n|turn|10\n|\n|t:|1646077210\n|switch|p1a: Incineroar|Incineroar, F|100\/100\n|-ability|p1a: Incineroar|Intimidate|boost\n|-unboost|p2a: Ferrothorn|atk|1\n|move|p2a: Ferrothorn|Gyro Ball|p1a: Incineroar\n|-resisted|p1a: Incineroar\n|-damage|p1a: Incineroar|89\/100\n|\n|-heal|p2a: Ferrothorn|67\/100 par|[from] item: Leftovers\n|upkeep\n|turn|11\n|\n|t:|1646077217\n|switch|p2a: Toxapex|Toxapex, M|100\/100\n|move|p1a: Incineroar|Knock Off|p2a: Toxapex\n|-damage|p2a: Toxapex|72\/100\n|-enditem|p2a: Toxapex|Black Sludge|[from] move: Knock Off|[of] p1a: Incineroar\n|\n|upkeep\n|turn|12\n|\n|t:|1646077240\n|switch|p1a: Diancie|Diancie|100\/100\n|switch|p2a: Kyurem|Kyurem|100\/100\n|-ability|p2a: Kyurem|Pressure\n|\n|upkeep\n|turn|13\n|\n|t:|1646077252\n|switch|p2a: Toxapex|Toxapex, M|100\/100\n|switch|p1a: Genesect|Genesect|100\/100\n|-ability|p1a: Genesect|Download|boost\n|-boost|p1a: Genesect|atk|1\n|\n|upkeep\n|turn|14\n|\n|t:|1646077270\n|move|p2a: Toxapex|Baneful Bunker|p2a: Toxapex\n|-singleturn|p2a: Toxapex|move: Protect\n|move|p1a: Genesect|U-turn|p2a: Toxapex\n|-activate|p2a: Toxapex|move: Protect\n|\n|upkeep\n|turn|15\n|\n|t:|1646077275\n|move|p1a: Genesect|U-turn|p2a: Toxapex\n|-resisted|p2a: Toxapex\n|-damage|p2a: Toxapex|83\/100\n|\n|t:|1646077284\n|switch|p1a: Diancie|Diancie|100\/100|[from]move: U-turn\n|move|p2a: Toxapex|Knock Off|p1a: Diancie\n|-resisted|p1a: Diancie\n|-damage|p1a: Diancie|96\/100\n|\n|upkeep\n|turn|16\n|\n|t:|1646077290\n|detailschange|p1a: Diancie|Diancie-Mega\n|-mega|p1a: Diancie|Diancie|Diancite\n|move|p1a: Diancie|Stealth Rock|p2a: Toxapex\n|-sidestart|p2: LudwigFrog|move: Stealth Rock\n|move|p2a: Toxapex|Scald|p1a: Diancie\n|-supereffective|p1a: Diancie\n|-damage|p1a: Diancie|55\/100\n|-status|p1a: Diancie|brn\n|\n|-damage|p1a: Diancie|49\/100 brn|[from] brn\n|upkeep\n|turn|17\n|\n|t:|1646077300\n|switch|p1a: Milotic|Milotic, F|100\/100\n|move|p2a: Toxapex|Baneful Bunker||[still]\n|-fail|p2a: Toxapex\n|\n|-status|p1a: Milotic|brn|[from] item: Flame Orb\n|upkeep\n|turn|18\n|\n|t:|1646077311\n|switch|p2a: Mew|Mew|100\/100\n|-damage|p2a: Mew|88\/100|[from] Stealth Rock\n|move|p1a: Milotic|Flip Turn|p2a: Mew\n|-damage|p2a: Mew|83\/100\n|\n|t:|1646077321\n|switch|p1a: Genesect|Genesect|100\/100|[from]move: Flip Turn\n|-ability|p1a: Genesect|Download|boost\n|-boost|p1a: Genesect|atk|1\n|\n|-heal|p2a: Mew|89\/100|[from] item: Leftovers\n|upkeep\n|turn|19\n|\n|t:|1646077326\n|switch|p2a: Toxapex|Toxapex, M|100\/100\n|-damage|p2a: Toxapex|88\/100|[from] Stealth Rock\n|move|p1a: Genesect|U-turn|p2a: Toxapex\n|-resisted|p2a: Toxapex\n|-damage|p2a: Toxapex|70\/100\n|\n|t:|1646077332\n|switch|p1a: Diancie|Diancie-Mega|49\/100 brn|[from]move: U-turn\n|\n|-damage|p1a: Diancie|43\/100 brn|[from] brn\n|upkeep\n|turn|20\n|\n|t:|1646077335\n|move|p2a: Toxapex|Baneful Bunker|p2a: Toxapex\n|-singleturn|p2a: Toxapex|move: Protect\n|move|p1a: Diancie|Psychic|p2a: Toxapex\n|-activate|p2a: Toxapex|move: Protect\n|\n|-damage|p1a: Diancie|37\/100 brn|[from] brn\n|upkeep\n|turn|21\n|\n|t:|1646077340\n|switch|p2a: Mew|Mew|89\/100\n|-damage|p2a: Mew|77\/100|[from] Stealth Rock\n|move|p1a: Diancie|Psychic|p2a: Mew\n|-resisted|p2a: Mew\n|-crit|p2a: Mew\n|-damage|p2a: Mew|57\/100\n|\n|-heal|p2a: Mew|64\/100|[from] item: Leftovers\n|-damage|p1a: Diancie|31\/100 brn|[from] brn\n|upkeep\n|turn|22\n|\n|t:|1646077349\n|switch|p1a: Genesect|Genesect|100\/100\n|-ability|p1a: Genesect|Download|boost\n|-boost|p1a: Genesect|atk|1\n|move|p2a: Mew|Defog|p1a: Genesect\n|-unboost|p1a: Genesect|evasion|1\n|-sideend|p2: LudwigFrog|Stealth Rock|[from] move: Defog|[of] p2a: Mew\n|\n|-heal|p2a: Mew|70\/100|[from] item: Leftovers\n|upkeep\n|turn|23\n|\n|t:|1646077358\n|switch|p2a: Toxapex|Toxapex, M|100\/100\n|move|p1a: Genesect|U-turn|p2a: Toxapex\n|-resisted|p2a: Toxapex\n|-damage|p2a: Toxapex|85\/100\n|\n|t:|1646077362\n|switch|p1a: Giratina|Giratina-Origin|57\/100|[from]move: U-turn\n|\n|upkeep\n|turn|24\n|\n|t:|1646077369\n|move|p1a: Giratina|Thunder Wave|p2a: Toxapex\n|-status|p2a: Toxapex|par\n|move|p2a: Toxapex|Scald|p1a: Giratina\n|-resisted|p1a: Giratina\n|-damage|p1a: Giratina|52\/100\n|\n|upkeep\n|turn|25\n|\n|t:|1646077373\n|move|p1a: Giratina|Hex|p2a: Toxapex\n|-damage|p2a: Toxapex|38\/100 par\n|move|p2a: Toxapex|Recover|p2a: Toxapex\n|-heal|p2a: Toxapex|88\/100 par\n|\n|upkeep\n|turn|26\n|\n|t:|1646077385\n|switch|p2a: Kyurem|Kyurem|100\/100\n|-ability|p2a: Kyurem|Pressure\n|move|p1a: Giratina|Hex|p2a: Kyurem\n|-damage|p2a: Kyurem|71\/100\n|\n|upkeep\n|turn|27\n|\n|t:|1646077401\n|switch|p1a: Genesect|Genesect|100\/100\n|-ability|p1a: Genesect|Download|boost\n|-boost|p1a: Genesect|spa|1\n|move|p2a: Kyurem|Draco Meteor|p1a: Genesect\n|-resisted|p1a: Genesect\n|-damage|p1a: Genesect|31\/100\n|-unboost|p2a: Kyurem|spa|2\n|\n|upkeep\n|turn|28\n|\n|t:|1646077410\n|switch|p2a: Toxapex|Toxapex, M|100\/100 par\n|move|p1a: Genesect|Thunderbolt|p2a: Toxapex\n|-supereffective|p2a: Toxapex\n|-damage|p2a: Toxapex|37\/100 par\n|\n|upkeep\n|turn|29\n|\n|t:|1646077415\n|switch|p2a: Ferrothorn|Ferrothorn, M|67\/100 par\n|move|p1a: Genesect|Thunderbolt|p2a: Ferrothorn\n|-resisted|p2a: Ferrothorn\n|-damage|p2a: Ferrothorn|50\/100 par\n|\n|-heal|p2a: Ferrothorn|56\/100 par|[from] item: Leftovers\n|upkeep\n|turn|30\n|\n|t:|1646077425\n|switch|p1a: Incineroar|Incineroar, F|89\/100\n|-ability|p1a: Incineroar|Intimidate|boost\n|-unboost|p2a: Ferrothorn|atk|1\n|cant|p2a: Ferrothorn|par\n|\n|-heal|p2a: Ferrothorn|62\/100 par|[from] item: Leftovers\n|upkeep\n|turn|31\n|\n|t:|1646077432\n|switch|p2a: Toxapex|Toxapex, M|71\/100 par\n|move|p1a: Incineroar|Parting Shot|p2a: Toxapex\n|-unboost|p2a: Toxapex|atk|1\n|-unboost|p2a: Toxapex|spa|1\n|\n|t:|1646077441\n|switch|p1a: Diancie|Diancie-Mega|31\/100 brn|[from]move: Parting Shot\n|\n|-damage|p1a: Diancie|25\/100 brn|[from] brn\n|upkeep\n|turn|32\n|\n|t:|1646077446\n|move|p1a: Diancie|Psychic|p2a: Toxapex\n|-supereffective|p2a: Toxapex\n|-damage|p2a: Toxapex|25\/100 par\n|cant|p2a: Toxapex|par\n|\n|-damage|p1a: Diancie|19\/100 brn|[from] brn\n|upkeep\n|turn|33\n|\n|t:|1646077455\n|switch|p1a: Celebi|Celebi|100\/100\n|switch|p2a: Mew|Mew|70\/100\n|\n|-heal|p2a: Mew|76\/100|[from] item: Leftovers\n|upkeep\n|turn|34\n|\n|t:|1646077460\n|move|p1a: Celebi|Leech Seed|p2a: Mew\n|-start|p2a: Mew|move: Leech Seed\n|move|p2a: Mew|U-turn|p1a: Celebi\n|-supereffective|p1a: Celebi\n|-damage|p1a: Celebi|52\/100\n|\n|t:|1646077466\n|switch|p2a: Lucario|Lucario, F|100\/100|[from]move: U-turn\n|\n|upkeep\n|turn|35\n|\n|t:|1646077504\n|detailschange|p2a: Lucario|Lucario-Mega, F\n|-mega|p2a: Lucario|Lucario|Lucarionite\n|move|p2a: Lucario|Flash Cannon|p1a: Celebi\n|-damage|p1a: Celebi|0 fnt\n|faint|p1a: Celebi\n|\n|upkeep\n|j| DJSen\n|\n|t:|1646077550\n|switch|p1a: Milotic|Milotic, F|100\/100 brn\n|turn|36\n|\n|t:|1646077563\n|move|p2a: Lucario|Nasty Plot|p2a: Lucario\n|-boost|p2a: Lucario|spa|2\n|move|p1a: Milotic|Scald|p2a: Lucario\n|-damage|p2a: Lucario|56\/100\n|-status|p2a: Lucario|brn\n|\n|-damage|p2a: Lucario|50\/100 brn|[from] brn\n|-damage|p1a: Milotic|94\/100 brn|[from] brn\n|upkeep\n|turn|37\n|\n|t:|1646077578\n|move|p2a: Lucario|Aura Sphere|p1a: Milotic\n|-damage|p1a: Milotic|8\/100 brn\n|move|p1a: Milotic|Haze|p1a: Milotic\n|-clearallboost\n|\n|-damage|p2a: Lucario|44\/100 brn|[from] brn\n|-damage|p1a: Milotic|2\/100 brn|[from] brn\n|upkeep\n|turn|38\n|\n|t:|1646077583\n|move|p2a: Lucario|Aura Sphere|p1a: Milotic\n|-damage|p1a: Milotic|0 fnt\n|faint|p1a: Milotic\n|\n|-damage|p2a: Lucario|38\/100 brn|[from] brn\n|upkeep\n|\n|t:|1646077588\n|switch|p1a: Genesect|Genesect|31\/100\n|-ability|p1a: Genesect|Download|boost\n|-boost|p1a: Genesect|spa|1\n|turn|39\n|\n|t:|1646077608\n|switch|p1a: Giratina|Giratina-Origin|52\/100\n|move|p2a: Lucario|Vacuum Wave|p1a: Giratina\n|-immune|p1a: Giratina\n|\n|-damage|p2a: Lucario|32\/100 brn|[from] brn\n|upkeep\n|turn|40\n|\n|t:|1646077637\n|switch|p2a: Kyurem|Kyurem|71\/100\n|-ability|p2a: Kyurem|Pressure\n|move|p1a: Giratina|Hex|p2a: Kyurem\n|-damage|p2a: Kyurem|41\/100\n|\n|upkeep\n|turn|41\n|\n|t:|1646077643\n|switch|p1a: Diancie|Diancie-Mega|19\/100 brn\n|move|p2a: Kyurem|Ice Beam|p1a: Diancie\n|-damage|p1a: Diancie|0 fnt\n|faint|p1a: Diancie\n|\n|upkeep\n|\n|t:|1646077646\n|switch|p1a: Genesect|Genesect|31\/100\n|-ability|p1a: Genesect|Download|boost\n|-boost|p1a: Genesect|spa|1\n|turn|42\n|\n|t:|1646077652\n|switch|p2a: Ferrothorn|Ferrothorn, M|62\/100 par\n|move|p1a: Genesect|U-turn|p2a: Ferrothorn\n|-damage|p2a: Ferrothorn|43\/100 par\n|-damage|p1a: Genesect|18\/100|[from] ability: Iron Barbs|[of] p2a: Ferrothorn\n|\n|t:|1646077659\n|switch|p1a: Incineroar|Incineroar, F|89\/100|[from]move: U-turn\n|-ability|p1a: Incineroar|Intimidate|boost\n|-unboost|p2a: Ferrothorn|atk|1\n|\n|-heal|p2a: Ferrothorn|49\/100 par|[from] item: Leftovers\n|upkeep\n|turn|43\n|\n|t:|1646077668\n|move|p1a: Incineroar|Flare Blitz|p2a: Ferrothorn\n|-supereffective|p2a: Ferrothorn\n|-damage|p2a: Ferrothorn|0 fnt\n|-damage|p1a: Incineroar|76\/100|[from] ability: Iron Barbs|[of] p2a: Ferrothorn\n|faint|p2a: Ferrothorn\n|-damage|p1a: Incineroar|62\/100|[from] Recoil\n|\n|upkeep\n|\n|t:|1646077678\n|switch|p2a: Kyurem|Kyurem|41\/100\n|-ability|p2a: Kyurem|Pressure\n|turn|44\n|\n|t:|1646077690\n|move|p2a: Kyurem|Draco Meteor|p1a: Incineroar\n|-crit|p1a: Incineroar\n|-damage|p1a: Incineroar|0 fnt\n|-unboost|p2a: Kyurem|spa|2\n|faint|p1a: Incineroar\n|\n|upkeep\n|\n|t:|1646077692\n|switch|p1a: Genesect|Genesect|18\/100\n|-ability|p1a: Genesect|Download|boost\n|-boost|p1a: Genesect|spa|1\n|turn|45\n|\n|t:|1646077722\n|switch|p2a: Mew|Mew|76\/100\n|move|p1a: Genesect|Flash Cannon|p2a: Mew\n|-damage|p2a: Mew|23\/100\n|\n|-heal|p2a: Mew|29\/100|[from] item: Leftovers\n|upkeep\n|turn|46\n|\n|t:|1646077727\n|switch|p2a: Delphox|Delphox, F|100\/100\n|move|p1a: Genesect|Flash Cannon|p2a: Delphox\n|-resisted|p2a: Delphox\n|-damage|p2a: Delphox|66\/100\n|\n|upkeep\n|turn|47\n|\n|t:|1646077737\n|move|p2a: Delphox|Psychic|p1a: Genesect\n|-resisted|p1a: Genesect\n|-damage|p1a: Genesect|0 fnt\n|faint|p1a: Genesect\n|\n|upkeep\n|\n|t:|1646077739\n|switch|p1a: Giratina|Giratina-Origin|52\/100\n|turn|48\n|\n|t:|1646077741\n|move|p2a: Delphox|Psychic|p1a: Giratina\n|-damage|p1a: Giratina|23\/100\n|move|p1a: Giratina|Hex|p2a: Delphox\n|-supereffective|p2a: Delphox\n|-damage|p2a: Delphox|0 fnt\n|faint|p2a: Delphox\n|\n|upkeep\n|c|\u2606gch34|gg\n|\n|t:|1646077744\n|switch|p2a: Kyurem|Kyurem|41\/100\n|-ability|p2a: Kyurem|Pressure\n|turn|49\n|c|\u2606LudwigFrog|gg\n|\n|t:|1646077747\n|move|p2a: Kyurem|Ice Beam|p1a: Giratina\n|-supereffective|p1a: Giratina\n|-damage|p1a: Giratina|0 fnt\n|faint|p1a: Giratina\n|\n|win|LudwigFrog\n|l| PorygonTheBot\n|l| DJSen\n","uploadtime":1646077749,"views":68,"p1id":"gch34","p2id":"ludwigfrog","formatid":"gen8nationaldexlegacy","rating":0,"private":0,"password":null}