{"id":"sports-gen8nationaldexdraft-626379","p1":"inversify","p2":"AsterJ","format":"gen8nationaldexdraft","log":"|j|\u2606inversify\n|j|\u2606AsterJ\n|t:|1649030579\n|gametype|singles\n|player|p1|inversify|lana|\n|player|p2|AsterJ|asterj.png|\n|teamsize|p1|6\n|teamsize|p2|6\n|gen|8\n|tier|[Gen 8] National Dex Draft\n|rule|Sleep Clause Mod: Limit one foe put to sleep\n|rule|OHKO Clause: OHKO moves are banned\n|rule|Evasion Moves Clause: Evasion moves are banned\n|rule|Endless Battle Clause: Forcing endless battles is banned\n|rule|HP Percentage Mod: HP is shown in percentages\n|rule|Dynamax Clause: You cannot dynamax\n|clearpoke\n|poke|p1|Gallade, M|\n|poke|p1|Regice|\n|poke|p1|Milotic, F|\n|poke|p1|Nidoqueen, F|\n|poke|p1|Crawdaunt, M|\n|poke|p1|Jirachi|\n|poke|p2|Zapdos|\n|poke|p2|Cinderace, F|\n|poke|p2|Tyranitar, M|\n|poke|p2|Nidoking, M|\n|poke|p2|Azelf|\n|poke|p2|Stoutland, M|\n|teampreview\n|html|<button name=\"send\" class=\"button\" value=\"\/timer ds\"><i class=\"fa fa-hourglass-start\"><\/i> DS Timer<\/button> <button name=\"send\" class=\"button\" value=\"\/timer smogon\"><i class=\"fa fa-hourglass-start\"><\/i> Smogon Timer<\/button>\n|c|\u2606inversify|glhf\n|c|\u2606AsterJ|Gl hf\n|j| Lemurro\n|\n|t:|1649030662\n|start\n|switch|p1a: color guard|Gallade, M|100\/100\n|switch|p2a: Nidoking|Nidoking, M|100\/100\n|turn|1\n|\n|t:|1649030672\n|detailschange|p1a: color guard|Gallade-Mega, M\n|-mega|p1a: color guard|Gallade|Galladite\n|move|p1a: color guard|Knock Off|p2a: Nidoking\n|-damage|p2a: Nidoking|34\/100\n|-enditem|p2a: Nidoking|Yache Berry|[from] move: Knock Off|[of] p1a: color guard\n|move|p2a: Nidoking|Counter|p1a: color guard\n|-damage|p1a: color guard|0 fnt\n|faint|p1a: color guard\n|\n|upkeep\n|\n|t:|1649030680\n|switch|p1a: crab rave|Crawdaunt, M|100\/100\n|turn|2\n|\n|t:|1649030762\n|move|p1a: crab rave|Aqua Jet|p2a: Nidoking\n|-supereffective|p2a: Nidoking\n|-damage|p2a: Nidoking|0 fnt\n|faint|p2a: Nidoking\n|-damage|p1a: crab rave|91\/100|[from] item: Life Orb\n|\n|upkeep\n|j| AM Zer0\n|\n|t:|1649030809\n|switch|p2a: Zapdos|Zapdos|100\/100\n|turn|3\n|\n|t:|1649030831\n|switch|p1a: yasss|Nidoqueen, F|100\/100\n|move|p2a: Zapdos|Hurricane|p1a: yasss\n|-damage|p1a: yasss|44\/100\n|-start|p1a: yasss|confusion\n|\n|-heal|p1a: yasss|50\/100|[from] item: Black Sludge\n|upkeep\n|turn|4\n|\n|t:|1649030850\n|switch|p1a: frozone|Regice|100\/100\n|move|p2a: Zapdos|Hurricane|p1a: frozone\n|-damage|p1a: frozone|75\/100\n|\n|upkeep\n|turn|5\n|\n|t:|1649030872\n|switch|p2a: Cinderace|Cinderace, F|100\/100\n|switch|p1a: yasss|Nidoqueen, F|50\/100\n|\n|-heal|p1a: yasss|57\/100|[from] item: Black Sludge\n|upkeep\n|turn|6\n|\n|t:|1649030944\n|move|p2a: Cinderace|U-turn|p1a: yasss\n|-resisted|p1a: yasss\n|-damage|p1a: yasss|48\/100\n|\n|t:|1649030948\n|switch|p2a: Zapdos|Zapdos|100\/100|[from]move: U-turn\n|move|p1a: yasss|Earth Power|p2a: Zapdos\n|-immune|p2a: Zapdos\n|\n|-heal|p1a: yasss|54\/100|[from] item: Black Sludge\n|upkeep\n|turn|7\n|\n|t:|1649030985\n|switch|p1a: make a wish kid|Jirachi|100\/100\n|move|p2a: Zapdos|Hurricane|p1a: make a wish kid|[miss]\n|-miss|p2a: Zapdos|p1a: make a wish kid\n|\n|upkeep\n|turn|8\n|\n|t:|1649030998\n|move|p1a: make a wish kid|Light Screen|p1a: make a wish kid\n|-sidestart|p1: inversify|move: Light Screen\n|move|p2a: Zapdos|Thunderbolt|p1a: make a wish kid\n|-damage|p1a: make a wish kid|82\/100\n|-status|p1a: make a wish kid|par\n|\n|upkeep\n|turn|9\n|\n|t:|1649031031\n|switch|p2a: Cinderace|Cinderace, F|100\/100\n|cant|p1a: make a wish kid|par\n|\n|upkeep\n|turn|10\n|\n|t:|1649031041\n|switch|p1a: snek|Milotic, F|100\/100\n|move|p2a: Cinderace|Court Change|p2a: Cinderace\n|-swapsideconditions\n|-activate|p2a: Cinderace|move: Court Change\n|\n|-status|p1a: snek|brn|[from] item: Flame Orb\n|upkeep\n|turn|11\n|\n|t:|1649031052\n|move|p2a: Cinderace|U-turn|p1a: snek\n|-damage|p1a: snek|90\/100 brn\n|\n|t:|1649031059\n|switch|p2a: Zapdos|Zapdos|100\/100|[from]move: U-turn\n|move|p1a: snek|Toxic|p2a: Zapdos\n|-status|p2a: Zapdos|tox\n|\n|-damage|p2a: Zapdos|94\/100 tox|[from] psn\n|-damage|p1a: snek|84\/100 brn|[from] brn\n|upkeep\n|turn|12\n|\n|t:|1649031085\n|switch|p2a: Tyranitar|Tyranitar, M|100\/100\n|-ability|p2a: Tyranitar|Unnerve\n|switch|p1a: make a wish kid|Jirachi|82\/100 par\n|\n|upkeep\n|turn|13\n|\n|t:|1649031096\n|switch|p1a: snek|Milotic, F|84\/100 brn\n|detailschange|p2a: Tyranitar|Tyranitar-Mega, M\n|-mega|p2a: Tyranitar|Tyranitar|Tyranitarite\n|-weather|Sandstorm|[from] ability: Sand Stream|[of] p2a: Tyranitar\n|move|p2a: Tyranitar|Earthquake|p1a: snek\n|-damage|p1a: snek|66\/100 brn\n|\n|-weather|Sandstorm|[upkeep]\n|-damage|p1a: snek|60\/100 brn|[from] Sandstorm\n|-damage|p1a: snek|54\/100 brn|[from] brn\n|upkeep\n|turn|14\n|\n|t:|1649031103\n|move|p2a: Tyranitar|Taunt|p1a: snek\n|-start|p1a: snek|move: Taunt\n|cant|p1a: snek|move: Taunt|Recover\n|\n|-weather|Sandstorm|[upkeep]\n|-damage|p1a: snek|47\/100 brn|[from] Sandstorm\n|-damage|p1a: snek|41\/100 brn|[from] brn\n|upkeep\n|turn|15\n|\n|t:|1649031112\n|move|p2a: Tyranitar|Substitute|p2a: Tyranitar\n|-start|p2a: Tyranitar|Substitute\n|-damage|p2a: Tyranitar|75\/100\n|move|p1a: snek|Flip Turn|p2a: Tyranitar\n|-supereffective|p2a: Tyranitar\n|-activate|p2a: Tyranitar|move: Substitute|[damage]\n|\n|t:|1649031162\n|switch|p1a: crab rave|Crawdaunt, M|91\/100|[from]move: Flip Turn\n|\n|-weather|Sandstorm|[upkeep]\n|-damage|p1a: crab rave|85\/100|[from] Sandstorm\n|-sideend|p2: AsterJ|move: Light Screen\n|upkeep\n|turn|16\n|\n|t:|1649031167\n|move|p1a: crab rave|Aqua Jet|p2a: Tyranitar\n|-supereffective|p2a: Tyranitar\n|-end|p2a: Tyranitar|Substitute\n|-damage|p1a: crab rave|75\/100|[from] item: Life Orb\n|move|p2a: Tyranitar|Thunder Punch|p1a: crab rave\n|-supereffective|p1a: crab rave\n|-damage|p1a: crab rave|0 fnt\n|faint|p1a: crab rave\n|\n|-weather|Sandstorm|[upkeep]\n|upkeep\n|\n|t:|1649031171\n|switch|p1a: yasss|Nidoqueen, F|54\/100\n|turn|17\n|\n|t:|1649031190\n|move|p2a: Tyranitar|Earthquake|p1a: yasss\n|-supereffective|p1a: yasss\n|-damage|p1a: yasss|0 fnt\n|faint|p1a: yasss\n|\n|-weather|none\n|upkeep\n|\n|t:|1649031200\n|switch|p1a: snek|Milotic, F|41\/100 brn\n|turn|18\n|\n|t:|1649031204\n|switch|p2a: Zapdos|Zapdos|94\/100 tox\n|move|p1a: snek|Scald|p2a: Zapdos\n|-damage|p2a: Zapdos|70\/100 tox\n|\n|-damage|p2a: Zapdos|64\/100 tox|[from] psn\n|-damage|p1a: snek|35\/100 brn|[from] brn\n|upkeep\n|turn|19\n|\n|t:|1649031211\n|switch|p1a: make a wish kid|Jirachi|82\/100 par\n|move|p2a: Zapdos|Thunderbolt|p1a: make a wish kid\n|-crit|p1a: make a wish kid\n|-damage|p1a: make a wish kid|29\/100 par\n|\n|-damage|p2a: Zapdos|52\/100 tox|[from] psn\n|upkeep\n|turn|20\n|\n|t:|1649031222\n|switch|p2a: Cinderace|Cinderace, F|100\/100\n|move|p1a: make a wish kid|Healing Wish|p1a: make a wish kid\n|faint|p1a: make a wish kid\n|\n|upkeep\n|\n|t:|1649031224\n|switch|p1a: snek|Milotic, F|35\/100 brn\n|-heal|p1a: snek|100\/100|[from] move: Healing Wish\n|turn|21\n|\n|t:|1649031240\n|move|p2a: Cinderace|U-turn|p1a: snek\n|-damage|p1a: snek|83\/100\n|\n|t:|1649031243\n|switch|p2a: Zapdos|Zapdos|52\/100 tox|[from]move: U-turn\n|move|p1a: snek|Flip Turn|p2a: Zapdos\n|-damage|p2a: Zapdos|38\/100 tox\n|\n|t:|1649031262\n|switch|p1a: frozone|Regice|75\/100|[from]move: Flip Turn\n|\n|-damage|p2a: Zapdos|32\/100 tox|[from] psn\n|upkeep\n|turn|22\n|\n|t:|1649031275\n|move|p2a: Zapdos|Thunderbolt|p1a: frozone\n|-damage|p1a: frozone|54\/100\n|move|p1a: frozone|Ice Beam|p2a: Zapdos\n|-supereffective|p2a: Zapdos\n|-damage|p2a: Zapdos|0 fnt\n|faint|p2a: Zapdos\n|\n|upkeep\n|\n|t:|1649031285\n|switch|p2a: Tyranitar|Tyranitar-Mega, M|75\/100\n|-weather|Sandstorm|[from] ability: Sand Stream|[of] p2a: Tyranitar\n|turn|23\n|\n|t:|1649031296\n|switch|p2a: Cinderace|Cinderace, F|100\/100\n|switch|p1a: snek|Milotic, F|83\/100\n|\n|-weather|Sandstorm|[upkeep]\n|-damage|p2a: Cinderace|95\/100|[from] Sandstorm\n|-damage|p1a: snek|77\/100|[from] Sandstorm\n|-status|p1a: snek|brn|[from] item: Flame Orb\n|upkeep\n|turn|24\n|\n|t:|1649031313\n|move|p2a: Cinderace|U-turn|p1a: snek\n|-damage|p1a: snek|65\/100 brn\n|\n|t:|1649031320\n|switch|p2a: Azelf|Azelf|100\/100|[from]move: U-turn\n|move|p1a: snek|Scald|p2a: Azelf\n|-damage|p2a: Azelf|60\/100\n|\n|-weather|Sandstorm|[upkeep]\n|-damage|p2a: Azelf|54\/100|[from] Sandstorm\n|-damage|p1a: snek|59\/100 brn|[from] Sandstorm\n|-damage|p1a: snek|53\/100 brn|[from] brn\n|upkeep\n|turn|25\n|\n|t:|1649031336\n|move|p2a: Azelf|Zen Headbutt|p1a: snek\n|-damage|p1a: snek|32\/100 brn\n|move|p1a: snek|Recover|p1a: snek\n|-heal|p1a: snek|82\/100 brn\n|\n|-weather|Sandstorm|[upkeep]\n|-damage|p2a: Azelf|48\/100|[from] Sandstorm\n|-damage|p1a: snek|76\/100 brn|[from] Sandstorm\n|-damage|p1a: snek|70\/100 brn|[from] brn\n|upkeep\n|turn|26\n|\n|t:|1649031363\n|move|p2a: Azelf|Zen Headbutt|p1a: snek\n|-damage|p1a: snek|49\/100 brn\n|move|p1a: snek|Recover|p1a: snek\n|-heal|p1a: snek|99\/100 brn\n|\n|-weather|Sandstorm|[upkeep]\n|-damage|p2a: Azelf|42\/100|[from] Sandstorm\n|-damage|p1a: snek|93\/100 brn|[from] Sandstorm\n|-damage|p1a: snek|87\/100 brn|[from] brn\n|upkeep\n|turn|27\n|\n|t:|1649031389\n|move|p2a: Azelf|Zen Headbutt|p1a: snek\n|-damage|p1a: snek|66\/100 brn\n|cant|p1a: snek|flinch\n|\n|-weather|none\n|-damage|p1a: snek|60\/100 brn|[from] brn\n|upkeep\n|turn|28\n|\n|t:|1649031394\n|switch|p2a: Tyranitar|Tyranitar-Mega, M|75\/100\n|-weather|Sandstorm|[from] ability: Sand Stream|[of] p2a: Tyranitar\n|move|p1a: snek|Recover|p1a: snek\n|-heal|p1a: snek|100\/100 brn\n|\n|-weather|Sandstorm|[upkeep]\n|-damage|p1a: snek|94\/100 brn|[from] Sandstorm\n|-damage|p1a: snek|88\/100 brn|[from] brn\n|upkeep\n|turn|29\n|\n|t:|1649031400\n|move|p2a: Tyranitar|Substitute|p2a: Tyranitar\n|-start|p2a: Tyranitar|Substitute\n|-damage|p2a: Tyranitar|50\/100\n|move|p1a: snek|Scald|p2a: Tyranitar\n|-supereffective|p2a: Tyranitar\n|-activate|p2a: Tyranitar|move: Substitute|[damage]\n|\n|-weather|Sandstorm|[upkeep]\n|-damage|p1a: snek|82\/100 brn|[from] Sandstorm\n|-damage|p1a: snek|76\/100 brn|[from] brn\n|upkeep\n|turn|30\n|\n|t:|1649031408\n|move|p2a: Tyranitar|Thunder Punch|p1a: snek\n|-supereffective|p1a: snek\n|-damage|p1a: snek|50\/100 brn\n|move|p1a: snek|Flip Turn|p2a: Tyranitar\n|-supereffective|p2a: Tyranitar\n|-end|p2a: Tyranitar|Substitute\n|\n|t:|1649031412\n|switch|p1a: frozone|Regice|54\/100|[from]move: Flip Turn\n|\n|-weather|Sandstorm|[upkeep]\n|-damage|p1a: frozone|47\/100|[from] Sandstorm\n|upkeep\n|turn|31\n|\n|t:|1649031455\n|switch|p2a: Cinderace|Cinderace, F|95\/100\n|move|p1a: frozone|Rest|p1a: frozone\n|-status|p1a: frozone|slp|[from] move: Rest\n|-heal|p1a: frozone|100\/100 slp|[silent]\n|\n|-weather|Sandstorm|[upkeep]\n|-damage|p2a: Cinderace|89\/100|[from] Sandstorm\n|-damage|p1a: frozone|94\/100 slp|[from] Sandstorm\n|upkeep\n|turn|32\n|\n|t:|1649031461\n|move|p2a: Cinderace|Pyro Ball|p1a: frozone\n|-supereffective|p1a: frozone\n|-damage|p1a: frozone|0 fnt\n|faint|p1a: frozone\n|\n|-weather|none\n|upkeep\n|\n|t:|1649031464\n|switch|p1a: snek|Milotic, F|50\/100 brn\n|turn|33\n|\n|t:|1649031468\n|move|p2a: Cinderace|Taunt|p1a: snek\n|-start|p1a: snek|move: Taunt\n|cant|p1a: snek|move: Taunt|Recover\n|\n|-damage|p1a: snek|44\/100 brn|[from] brn\n|upkeep\n|turn|34\n|c|\u2606inversify|gg\n|\n|t:|1649031475\n|move|p2a: Cinderace|U-turn|p1a: snek\n|-damage|p1a: snek|34\/100 brn\n|\n|t:|1649031479\n|switch|p2a: Tyranitar|Tyranitar-Mega, M|50\/100|[from]move: U-turn\n|-weather|Sandstorm|[from] ability: Sand Stream|[of] p2a: Tyranitar\n|move|p1a: snek|Scald|p2a: Tyranitar\n|-supereffective|p2a: Tyranitar\n|-damage|p2a: Tyranitar|28\/100\n|\n|-weather|Sandstorm|[upkeep]\n|-damage|p1a: snek|28\/100 brn|[from] Sandstorm\n|-damage|p1a: snek|22\/100 brn|[from] brn\n|upkeep\n|turn|35\n|c|\u2606AsterJ|Gg\n|\n|t:|1649031485\n|move|p2a: Tyranitar|Thunder Punch|p1a: snek\n|-supereffective|p1a: snek\n|-damage|p1a: snek|0 fnt\n|faint|p1a: snek\n|\n|win|AsterJ\n|l|\u2606inversify\n","uploadtime":1649031491,"views":53,"p1id":"inversify","p2id":"asterj","formatid":"gen8nationaldexdraft","rating":0,"private":0,"password":null}