{"id":"sports-gen5customgame-314507","p1":"GeniusX","p2":"CRAM iPro","format":"gen5customgame","log":"|j|\u2606GeniusX\n|j|\u2606CRAM iPro\n|t:|1610190463\n|player|p1|GeniusX|geniusx.gif|\n|player|p2|CRAM iPro|unknownf|\n|teamsize|p1|6\n|teamsize|p2|6\n|gametype|singles\n|gen|5\n|tier|[Gen 5] Custom Game\n|bigerror|Warning: One player isn't adhering to a 510 EV limit, and the other player is.\n|html|<button name=\"send\" class=\"button\" value=\"\/timer ds\"><i class=\"fa fa-hourglass-start\"><\/i> DS Timer<\/button> <button name=\"send\" class=\"button\" value=\"\/timer smogon\"><i class=\"fa fa-hourglass-start\"><\/i> Smogon Timer<\/button>\n|\n|t:|1610190463\n|start\n|switch|p1a: Tora|Swampert, L45, M|157\/157\n|switch|p2a: CUH|Emboar, L45, F, shiny|178\/178\n|turn|1\n|\n|t:|1610190478\n|move|p2a: CUH|Grass Knot|p1a: Tora\n|debug|80 bp\n|-supereffective|p1a: Tora\n|-damage|p1a: Tora|0 fnt\n|-damage|p2a: CUH|161\/178|[from] item: Life Orb\n|faint|p1a: Tora\n|\n|upkeep\n|inactive|Battle timer is ON: inactive players will automatically lose when time's up. (requested by CRAM iPro)\n|c|\u2606GeniusX|huh\n|\n|t:|1610190486\n|switch|p1a: Mamoru|Sigilyph, L45, F|140\/140\n|turn|2\n|\n|t:|1610190494\n|switch|p2a: Krookodile|Krookodile, L45, F|154\/154\n|-ability|p2a: Krookodile|Intimidate|boost\n|-unboost|p1a: Mamoru|atk|1\n|move|p1a: Mamoru|Air Slash|p2a: Krookodile\n|-damage|p2a: Krookodile|76\/154\n|debug|damage event failed\n|\n|upkeep\n|turn|3\n|\n|t:|1610190507\n|switch|p2a: JackO|Snorlax, L45, F|218\/218\n|move|p1a: Mamoru|Signal Beam|p2a: JackO\n|-damage|p2a: JackO|182\/218\n|debug|damage event failed\n|\n|-heal|p2a: JackO|195\/218|[from] item: Leftovers\n|upkeep\n|turn|4\n|\n|t:|1610190518\n|switch|p1a: Ishi|Steelix, L45, F|147\/147\n|move|p2a: JackO|Return|p1a: Ishi\n|-resisted|p1a: Ishi\n|-damage|p1a: Ishi|130\/147\n|\n|-heal|p1a: Ishi|139\/147|[from] item: Leftovers\n|-heal|p2a: JackO|208\/218|[from] item: Leftovers\n|upkeep\n|turn|5\n|j| YGW Jake\n|\n|t:|1610190523\n|move|p1a: Ishi|Stealth Rock|p2a: JackO\n|-sidestart|p2: CRAM iPro|move: Stealth Rock\n|move|p2a: JackO|Earthquake|p1a: Ishi\n|-supereffective|p1a: Ishi\n|-damage|p1a: Ishi|95\/147\n|\n|-heal|p1a: Ishi|104\/147|[from] item: Leftovers\n|-heal|p2a: JackO|218\/218|[from] item: Leftovers\n|upkeep\n|turn|6\n|\n|t:|1610190534\n|move|p1a: Ishi|Iron Head|p2a: JackO\n|-damage|p2a: JackO|146\/218\n|move|p2a: JackO|Earthquake|p1a: Ishi\n|-supereffective|p1a: Ishi\n|-damage|p1a: Ishi|58\/147\n|\n|-heal|p1a: Ishi|67\/147|[from] item: Leftovers\n|-heal|p2a: JackO|159\/218|[from] item: Leftovers\n|upkeep\n|turn|7\n|\n|t:|1610190551\n|move|p1a: Ishi|Earthquake|p2a: JackO\n|-damage|p2a: JackO|75\/218\n|move|p2a: JackO|Earthquake|p1a: Ishi\n|-supereffective|p1a: Ishi\n|-damage|p1a: Ishi|15\/147\n|\n|-heal|p1a: Ishi|24\/147|[from] item: Leftovers\n|-heal|p2a: JackO|88\/218|[from] item: Leftovers\n|upkeep\n|turn|8\n|\n|t:|1610190570\n|switch|p2a: Krookodile|Krookodile, L45, F|76\/154\n|-damage|p2a: Krookodile|67\/154|[from] Stealth Rock\n|-ability|p2a: Krookodile|Intimidate|boost\n|-unboost|p1a: Ishi|atk|1\n|move|p1a: Ishi|Earthquake|p2a: Krookodile\n|-damage|p2a: Krookodile|16\/154\n|\n|-heal|p1a: Ishi|33\/147|[from] item: Leftovers\n|upkeep\n|turn|9\n|inactive|GeniusX has 270 seconds left.\n|\n|t:|1610190615\n|switch|p1a: Mamoru|Sigilyph, L45, F|140\/140\n|move|p2a: Krookodile|Rock Tomb|p1a: Mamoru|[miss]\n|-miss|p2a: Krookodile|p1a: Mamoru\n|\n|upkeep\n|turn|10\n|c| YGW Jake|.\n|c|\u2606CRAM iPro|,\n|c|\u2606GeniusX|goat\n|c| YGW Jake|stfu\n|inactive|CRAM iPro has 270 seconds left.\n|\n|t:|1610190638\n|move|p1a: Mamoru|Signal Beam|p2a: Krookodile\n|-supereffective|p2a: Krookodile\n|-damage|p2a: Krookodile|0 fnt\n|debug|damage event failed\n|faint|p2a: Krookodile\n|\n|upkeep\n|\n|t:|1610190642\n|switch|p2a: JackO|Snorlax, L45, F|88\/218\n|-damage|p2a: JackO|61\/218|[from] Stealth Rock\n|turn|11\n|\n|t:|1610190645\n|move|p1a: Mamoru|Psyshock|p2a: JackO\n|-damage|p2a: JackO|0 fnt\n|debug|damage event failed\n|faint|p2a: JackO\n|\n|upkeep\n|c|\u2606CRAM iPro|gg\n|c|\u2606CRAM iPro|sacked the win con\n|c|\u2606CRAM iPro|lmao\n|inactive|CRAM iPro has 270 seconds left.\n|\n|t:|1610190667\n|switch|p2a: CUH|Emboar, L45, F, shiny|161\/178\n|-damage|p2a: CUH|139\/178|[from] Stealth Rock\n|turn|12\n|c| YGW Jake|xing ur trash\n|\n|t:|1610190690\n|switch|p1a: Ishi|Steelix, L45, F|33\/147\n|move|p2a: CUH|Sucker Punch||[still]\n|-fail|p2a: CUH\n|\n|-heal|p1a: Ishi|42\/147|[from] item: Leftovers\n|upkeep\n|turn|13\n|\n|t:|1610190694\n|move|p2a: CUH|Low Kick|p1a: Ishi\n|-supereffective|p1a: Ishi\n|-damage|p1a: Ishi|0 fnt\n|-damage|p2a: CUH|122\/178|[from] item: Life Orb\n|faint|p1a: Ishi\n|\n|upkeep\n|\n|t:|1610190702\n|switch|p1a: Tenshi|Lanturn, L45, F|185\/185\n|turn|14\n|inactive|CRAM iPro has 270 seconds left.\n|\n|t:|1610190733\n|switch|p2a: Roserade|Roserade, L45, F|122\/122\n|-damage|p2a: Roserade|107\/122|[from] Stealth Rock\n|move|p1a: Tenshi|Hydro Pump|p2a: Roserade\n|-resisted|p2a: Roserade\n|-damage|p2a: Roserade|80\/122\n|\n|-heal|p2a: Roserade|87\/122|[from] item: Black Sludge\n|upkeep\n|turn|15\n|inactive|CRAM iPro has 270 seconds left.\n|\n|t:|1610190758\n|switch|p1a: Mamoru|Sigilyph, L45, F|140\/140\n|move|p2a: Roserade|Stun Spore|p1a: Mamoru\n|-status|p1a: Mamoru|par\n|\n|-heal|p2a: Roserade|94\/122|[from] item: Black Sludge\n|upkeep\n|turn|16\n|\n|t:|1610190767\n|move|p2a: Roserade|Toxic Spikes|p1a: Mamoru\n|-sidestart|p1: GeniusX|move: Toxic Spikes\n|move|p1a: Mamoru|Psychic|p2a: Roserade\n|-supereffective|p2a: Roserade\n|-damage|p2a: Roserade|0 fnt\n|debug|damage event failed\n|faint|p2a: Roserade\n|\n|upkeep\n|inactive|CRAM iPro has 270 seconds left.\n|\n|t:|1610190789\n|switch|p2a: SPEDBOLT|Gyarados, L45, M, shiny|168\/168\n|-damage|p2a: SPEDBOLT|126\/168|[from] Stealth Rock\n|-ability|p2a: SPEDBOLT|Intimidate|boost\n|-unboost|p1a: Mamoru|atk|1\n|turn|17\n|\n|t:|1610190794\n|switch|p1a: Tenshi|Lanturn, L45, F|185\/185\n|-status|p1a: Tenshi|psn\n|move|p2a: SPEDBOLT|Dragon Dance|p2a: SPEDBOLT\n|-boost|p2a: SPEDBOLT|atk|1\n|-boost|p2a: SPEDBOLT|spe|1\n|\n|-heal|p2a: SPEDBOLT|136\/168|[from] item: Leftovers\n|-damage|p1a: Tenshi|162\/185 psn|[from] psn\n|upkeep\n|turn|18\n|inactive|CRAM iPro has 270 seconds left.\n|\n|t:|1610190801\n|move|p2a: SPEDBOLT|Earthquake|p1a: Tenshi\n|-supereffective|p1a: Tenshi\n|-enditem|p1a: Tenshi|Shuca Berry|[eat]\n|debug|-50% reduction\n|-enditem|p1a: Tenshi|Shuca Berry|[weaken]\n|-damage|p1a: Tenshi|71\/185 psn\n|move|p1a: Tenshi|Discharge|p2a: SPEDBOLT\n|-supereffective|p2a: SPEDBOLT\n|-damage|p2a: SPEDBOLT|0 fnt\n|debug|move failed because it did nothing\n|faint|p2a: SPEDBOLT\n|\n|-damage|p1a: Tenshi|48\/185 psn|[from] psn\n|upkeep\n|inactive|CRAM iPro has 270 seconds left.\n|\n|t:|1610190809\n|switch|p2a: Kingdra|Kingdra, L45, M|164\/164\n|-damage|p2a: Kingdra|144\/164|[from] Stealth Rock\n|turn|19\n|\n|t:|1610190813\n|move|p2a: Kingdra|Agility|p2a: Kingdra\n|-boost|p2a: Kingdra|spe|2\n|move|p1a: Tenshi|Discharge|p2a: Kingdra\n|-damage|p2a: Kingdra|114\/164\n|\n|-damage|p1a: Tenshi|25\/185 psn|[from] psn\n|upkeep\n|turn|20\n|c| YGW Jake|.\n|\n|t:|1610190826\n|move|p2a: Kingdra|Focus Energy|p2a: Kingdra\n|-start|p2a: Kingdra|move: Focus Energy\n|move|p1a: Tenshi|Discharge|p2a: Kingdra\n|-damage|p2a: Kingdra|83\/164\n|\n|-damage|p1a: Tenshi|2\/185 psn|[from] psn\n|upkeep\n|turn|21\n|\n|t:|1610190834\n|move|p2a: Kingdra|Dragon Breath|p1a: Tenshi\n|-damage|p1a: Tenshi|0 fnt\n|faint|p1a: Tenshi\n|\n|upkeep\n|c|\u2606GeniusX|u know this thing is useless right\n|c|\u2606GeniusX|cuz crit mechanics work differntly\n|\n|t:|1610190841\n|switch|p1a: Porygon2|Porygon2, L45, shiny|140\/140\n|-status|p1a: Porygon2|psn\n|turn|22\n|\n|t:|1610190848\n|move|p2a: Kingdra|Hydro Pump|p1a: Porygon2\n|-damage|p1a: Porygon2|79\/140 psn\n|move|p1a: Porygon2|Tri Attack|p2a: Kingdra\n|debug|Analytic boost\n|-damage|p2a: Kingdra|31\/164\n|-status|p2a: Kingdra|brn\n|\n|-damage|p2a: Kingdra|11\/164 brn|[from] brn\n|-damage|p1a: Porygon2|62\/140 psn|[from] psn\n|upkeep\n|turn|23\n|c| YGW Jake|BRUH\n|c|\u2606GeniusX|i lived 2\n|c|\u2606GeniusX|bruh\n|c|\u2606CRAM iPro|ok retard\n|c|\u2606CRAM iPro|ok\n|\n|t:|1610190863\n|move|p2a: Kingdra|Hydro Pump|p1a: Porygon2|[miss]\n|-miss|p2a: Kingdra|p1a: Porygon2\n|move|p1a: Porygon2|Tri Attack|p2a: Kingdra\n|debug|Analytic boost\n|-damage|p2a: Kingdra|0 fnt\n|faint|p2a: Kingdra\n|\n|-damage|p1a: Porygon2|45\/140 psn|[from] psn\n|upkeep\n|-message|CRAM iPro forfeited.\n|\n|win|GeniusX\n|l|\u2606CRAM iPro\n|c| YGW Jake|.\n","uploadtime":1610190874,"views":68,"p1id":"geniusx","p2id":"cramipro","formatid":"gen5customgame","rating":0,"private":0,"password":null}