{"id":"sports-gen8nationaldexdlclegacy-305579","p1":"TehranTyphlosions","p2":"just for fun fren","format":"gen8nationaldexdlclegacy","log":"|j|\u2606TehranTyphlosions\n|j|\u2606just for fun fren\n|t:|1608933984\n|player|p1|TehranTyphlosions|clair|\n|player|p2|just for fun fren|169|\n|teamsize|p1|6\n|teamsize|p2|6\n|gametype|singles\n|gen|8\n|tier|[Gen 8] National Dex DLC Legacy\n|rule|Sleep Clause Mod: Limit one foe put to sleep\n|rule|OHKO Clause: OHKO moves are banned\n|rule|Evasion Moves Clause: Evasion moves are banned\n|rule|Endless Battle Clause: Forcing endless battles is banned\n|rule|HP Percentage Mod: HP is shown in percentages\n|clearpoke\n|poke|p1|Zeraora|\n|poke|p1|Gallade, M|\n|poke|p1|Tentacruel, M|\n|poke|p1|Obstagoon, M|\n|poke|p1|Probopass, M|\n|poke|p1|Krookodile, M|\n|poke|p2|Tornadus-Therian, M|\n|poke|p2|Scizor, M|\n|poke|p2|Haxorus, M|\n|poke|p2|Sylveon, F|\n|poke|p2|Eelektross, M|\n|poke|p2|Swampert, F|\n|rule|Dynamax Clause: You cannot dynamax\n|teampreview\n|html|<button name=\"send\" class=\"button\" value=\"\/timer ds\"><i class=\"fa fa-hourglass-start\"><\/i> DS Timer<\/button> <button name=\"send\" class=\"button\" value=\"\/timer smogon\"><i class=\"fa fa-hourglass-start\"><\/i> Smogon Timer<\/button>\n|c|\u2606just for fun fren|glhf\n|j| TeamDaniel\n|c|\u2606TehranTyphlosions|gl \n|j| EGALombres\n|\n|t:|1608934029\n|start\n|switch|p1a: Obstagoon|Obstagoon, M|100\/100\n|switch|p2a: Reigan|Eelektross, M|100\/100\n|turn|1\n|\n|t:|1608934044\n|move|p1a: Obstagoon|Parting Shot|p2a: Reigan\n|-unboost|p2a: Reigan|atk|1\n|-unboost|p2a: Reigan|spa|1\n|\n|t:|1608934069\n|switch|p1a: Zeraora|Zeraora, shiny|100\/100|[from]move: Parting Shot\n|move|p2a: Reigan|Drain Punch|p1a: Zeraora\n|-damage|p1a: Zeraora|80\/100\n|\n|upkeep\n|turn|2\n|\n|t:|1608934082\n|move|p1a: Zeraora|Play Rough|p2a: Reigan\n|-damage|p2a: Reigan|77\/100\n|move|p2a: Reigan|Knock Off|p1a: Zeraora\n|-crit|p1a: Zeraora\n|-damage|p1a: Zeraora|25\/100\n|-enditem|p1a: Zeraora|Expert Belt|[from] move: Knock Off|[of] p2a: Reigan\n|\n|upkeep\n|turn|3\n|c| EGALombres|F\n|\n|t:|1608934123\n|switch|p1a: Gallade|Gallade, M, shiny|100\/100\n|switch|p2a: Motherfuck|Swampert, F|100\/100\n|\n|upkeep\n|turn|4\n|\n|t:|1608934146\n|detailschange|p1a: Gallade|Gallade-Mega, M, shiny\n|-mega|p1a: Gallade|Gallade|Galladite\n|move|p1a: Gallade|Zen Headbutt|p2a: Motherfuck\n|-damage|p2a: Motherfuck|70\/100\n|move|p2a: Motherfuck|Flip Turn|p1a: Gallade\n|-damage|p1a: Gallade|73\/100\n|\n|t:|1608934158\n|switch|p2a: just a bird|Tornadus-Therian, M|100\/100|[from]move: Flip Turn\n|\n|upkeep\n|turn|5\n|\n|t:|1608934165\n|switch|p1a: mario|Probopass, M|100\/100\n|move|p2a: just a bird|U-turn|p1a: mario\n|-resisted|p1a: mario\n|-damage|p1a: mario|93\/100\n|\n|t:|1608934189\n|switch|p2a: Motherfuck|Swampert, F|70\/100|[from]move: U-turn\n|\n|-heal|p2a: Motherfuck|76\/100|[from] item: Leftovers\n|upkeep\n|turn|6\n|c| EGALombres|mario\n|\n|t:|1608934216\n|switch|p1a: Obstagoon|Obstagoon, M|100\/100\n|move|p2a: Motherfuck|Earthquake|p1a: Obstagoon\n|-damage|p1a: Obstagoon|66\/100\n|\n|-heal|p2a: Motherfuck|82\/100|[from] item: Leftovers\n|-status|p1a: Obstagoon|brn|[from] item: Flame Orb\n|upkeep\n|turn|7\n|\n|t:|1608934240\n|switch|p2a: Ed|Scizor, M|100\/100\n|move|p1a: Obstagoon|Facade|p2a: Ed\n|-resisted|p2a: Ed\n|-damage|p2a: Ed|66\/100\n|\n|-damage|p1a: Obstagoon|60\/100 brn|[from] brn\n|upkeep\n|turn|8\n|\n|t:|1608934269\n|detailschange|p2a: Ed|Scizor-Mega, M\n|-mega|p2a: Ed|Scizor|Scizorite\n|move|p1a: Obstagoon|Fire Punch|p2a: Ed\n|-supereffective|p2a: Ed\n|-damage|p2a: Ed|0 fnt\n|faint|p2a: Ed\n|\n|-damage|p1a: Obstagoon|53\/100 brn|[from] brn\n|upkeep\n|\n|t:|1608934287\n|switch|p2a: just a bird|Tornadus-Therian, M|100\/100\n|turn|9\n|\n|t:|1608934294\n|switch|p1a: mario|Probopass, M|93\/100\n|move|p2a: just a bird|Superpower|p1a: mario\n|-supereffective|p1a: mario\n|-enditem|p1a: mario|Chople Berry|[eat]\n|-enditem|p1a: mario|Chople Berry|[weaken]\n|-damage|p1a: mario|36\/100\n|-unboost|p2a: just a bird|atk|1\n|-unboost|p2a: just a bird|def|1\n|\n|upkeep\n|turn|10\n|\n|t:|1608934315\n|move|p2a: just a bird|Superpower|p1a: mario\n|-supereffective|p1a: mario\n|-damage|p1a: mario|0 fnt\n|-unboost|p2a: just a bird|atk|1\n|-unboost|p2a: just a bird|def|1\n|faint|p1a: mario\n|\n|upkeep\n|\n|t:|1608934318\n|switch|p1a: Zeraora|Zeraora, shiny|25\/100\n|turn|11\n|\n|t:|1608934324\n|switch|p2a: Reigan|Eelektross, M|77\/100\n|move|p1a: Zeraora|Plasma Fists|p2a: Reigan\n|-resisted|p2a: Reigan\n|-damage|p2a: Reigan|55\/100\n|-fieldactivate|move: Ion Deluge\n|\n|upkeep\n|turn|12\n|\n|t:|1608934332\n|switch|p1a: Krookodile|Krookodile, M|100\/100\n|-ability|p1a: Krookodile|Intimidate|boost\n|-unboost|p2a: Reigan|atk|1\n|move|p2a: Reigan|U-turn|p1a: Krookodile\n|-supereffective|p1a: Krookodile\n|-damage|p1a: Krookodile|71\/100\n|\n|t:|1608934361\n|switch|p2a: Wrath|Haxorus, M, shiny|100\/100|[from]move: U-turn\n|-ability|p2a: Wrath|Mold Breaker\n|\n|upkeep\n|turn|13\n|\n|t:|1608934365\n|move|p2a: Wrath|First Impression|p1a: Krookodile\n|-supereffective|p1a: Krookodile\n|-damage|p1a: Krookodile|0 fnt\n|faint|p1a: Krookodile\n|\n|upkeep\n|j| JD_Powerstrike\n|\n|t:|1608934400\n|switch|p1a: Tentacruel|Tentacruel, M, shiny|100\/100\n|turn|14\n|\n|t:|1608934432\n|switch|p2a: Reigan|Eelektross, M|55\/100\n|move|p1a: Tentacruel|Ice Beam|p2a: Reigan\n|-damage|p2a: Reigan|42\/100\n|\n|upkeep\n|turn|15\n|\n|t:|1608934439\n|move|p2a: Reigan|U-turn|p1a: Tentacruel\n|-resisted|p1a: Tentacruel\n|-damage|p1a: Tentacruel|86\/100\n|\n|t:|1608934468\n|switch|p2a: just a bird|Tornadus-Therian, M|100\/100|[from]move: U-turn\n|move|p1a: Tentacruel|Mirror Coat||[still]\n|-fail|p1a: Tentacruel\n|\n|upkeep\n|turn|16\n|\n|t:|1608934476\n|move|p2a: just a bird|Acrobatics|p1a: Tentacruel\n|-damage|p1a: Tentacruel|2\/100\n|move|p1a: Tentacruel|Ice Beam|p2a: just a bird\n|-supereffective|p2a: just a bird\n|-damage|p2a: just a bird|54\/100\n|\n|upkeep\n|turn|17\n|\n|t:|1608934482\n|move|p2a: just a bird|U-turn|p1a: Tentacruel\n|-resisted|p1a: Tentacruel\n|-damage|p1a: Tentacruel|0 fnt\n|faint|p1a: Tentacruel\n|c| EGALombres|yoooooooo\n|\n|t:|1608934484\n|switch|p2a: June|Sylveon, F, shiny|100\/100|[from]move: U-turn\n|\n|upkeep\n|\n|t:|1608934489\n|switch|p1a: Obstagoon|Obstagoon, M|53\/100 brn\n|turn|18\n|\n|t:|1608934493\n|move|p1a: Obstagoon|Facade|p2a: June\n|-damage|p2a: June|34\/100\n|move|p2a: June|Hyper Voice|p1a: Obstagoon\n|-supereffective|p1a: Obstagoon\n|-damage|p1a: Obstagoon|0 fnt\n|faint|p1a: Obstagoon\n|\n|-heal|p2a: June|40\/100|[from] item: Leftovers\n|upkeep\n|\n|t:|1608934499\n|switch|p1a: Gallade|Gallade-Mega, M, shiny|73\/100\n|turn|19\n|\n|t:|1608934502\n|move|p1a: Gallade|Zen Headbutt|p2a: June\n|-damage|p2a: June|0 fnt\n|faint|p2a: June\n|\n|upkeep\n|\n|t:|1608934507\n|switch|p2a: just a bird|Tornadus-Therian, M|88\/100\n|turn|20\n|\n|t:|1608934510\n|move|p2a: just a bird|Acrobatics|p1a: Gallade\n|-supereffective|p1a: Gallade\n|-damage|p1a: Gallade|0 fnt\n|faint|p1a: Gallade\n|\n|upkeep\n|\n|t:|1608934512\n|switch|p1a: Zeraora|Zeraora, shiny|25\/100\n|turn|21\n|c|\u2606just for fun fren|gg\n|\n|t:|1608934516\n|switch|p2a: Motherfuck|Swampert, F|82\/100\n|move|p1a: Zeraora|Plasma Fists|p2a: Motherfuck\n|-immune|p2a: Motherfuck\n|\n|-heal|p2a: Motherfuck|88\/100|[from] item: Leftovers\n|upkeep\n|turn|22\n|c|\u2606TehranTyphlosions|gg\n|\n|t:|1608934518\n|move|p1a: Zeraora|Grass Knot|p2a: Motherfuck\n|-supereffective|p2a: Motherfuck\n|-damage|p2a: Motherfuck|22\/100\n|move|p2a: Motherfuck|Earthquake|p1a: Zeraora\n|-supereffective|p1a: Zeraora\n|-damage|p1a: Zeraora|0 fnt\n|faint|p1a: Zeraora\n|\n|win|just for fun fren\n|l|\u2606TehranTyphlosions\n","uploadtime":1608934525,"views":9,"p1id":"tehrantyphlosions","p2id":"justforfunfren","formatid":"gen8nationaldexdlclegacy","rating":0,"private":0,"password":null}