{"id":"sports-gen8nationaldexleakslegacy-480015","p1":"My Trollsssss","p2":"AsterJ","format":"gen8nationaldexleakslegacy","log":"|j|\u2606My Trollsssss\n|j|\u2606AsterJ\n|t:|1629077594\n|gametype|singles\n|player|p1|My Trollsssss|265|\n|player|p2|AsterJ|asterj.png|\n|teamsize|p1|6\n|teamsize|p2|6\n|gen|8\n|tier|[Gen 8] National Dex Leaks Legacy\n|rule|Sleep Clause Mod: Limit one foe put to sleep\n|rule|OHKO Clause: OHKO moves are banned\n|rule|Evasion Moves Clause: Evasion moves are banned\n|rule|Endless Battle Clause: Forcing endless battles is banned\n|rule|HP Percentage Mod: HP is shown in percentages\n|rule|Dynamax Clause: You cannot dynamax\n|clearpoke\n|poke|p1|Politoed, M|\n|poke|p1|Swampert, M|\n|poke|p1|Aegislash, F|\n|poke|p1|Goodra, M|\n|poke|p1|Toxicroak, M|\n|poke|p1|Tornadus-Therian, M|\n|poke|p2|Mew|\n|poke|p2|Kangaskhan, F|\n|poke|p2|Zeraora|\n|poke|p2|Primarina, F|\n|poke|p2|Mandibuzz, F|\n|poke|p2|Copperajah, M|\n|teampreview\n|html|<button name=\"send\" class=\"button\" value=\"\/timer ds\"><i class=\"fa fa-hourglass-start\"><\/i> DS Timer<\/button> <button name=\"send\" class=\"button\" value=\"\/timer smogon\"><i class=\"fa fa-hourglass-start\"><\/i> Smogon Timer<\/button>\n|c|\u2606AsterJ|Gl hf\n|c|\u2606My Trollsssss|Glhf\n|c|\u2606AsterJ|How come porybot ain't comin\n|c|\u2606My Trollsssss|It\u2019s down\n|c|\u2606My Trollsssss|unfort \n|c|\u2606AsterJ|Ohhhj\n|c|\u2606AsterJ|Yea just saw\n|\n|t:|1629077711\n|start\n|switch|p1a: Aegislash|Aegislash, F|100\/100\n|switch|p2a: Merry|Mew|100\/100\n|turn|1\n|\n|t:|1629077827\n|move|p2a: Merry|Spikes|p1a: Aegislash\n|-sidestart|p1: My Trollsssss|Spikes\n|-formechange|p1a: Aegislash|Aegislash-Blade||[from] ability: Stance Change\n|move|p1a: Aegislash|Shadow Claw|p2a: Merry\n|-supereffective|p2a: Merry\n|-crit|p2a: Merry\n|-damage|p2a: Merry|26\/100\n|\n|upkeep\n|turn|2\n|\n|t:|1629077913\n|-formechange|p1a: Aegislash|Aegislash||[from] ability: Stance Change\n|move|p1a: Aegislash|King's Shield|p1a: Aegislash\n|-singleturn|p1a: Aegislash|Protect\n|move|p2a: Merry|Stealth Rock|p1a: Aegislash\n|-sidestart|p1: My Trollsssss|move: Stealth Rock\n|\n|upkeep\n|turn|3\n|\n|t:|1629077930\n|move|p2a: Merry|Thunder Wave|p1a: Aegislash|[miss]\n|-miss|p2a: Merry|p1a: Aegislash\n|move|p1a: Aegislash|Autotomize|p1a: Aegislash\n|-boost|p1a: Aegislash|spe|2\n|-start|p1a: Aegislash|Autotomize\n|\n|upkeep\n|turn|4\n|c|\u2606My Trollsssss|Unfort \n|\n|t:|1629077983\n|switch|p2a: Monet|Mandibuzz, F|100\/100\n|-formechange|p1a: Aegislash|Aegislash-Blade||[from] ability: Stance Change\n|move|p1a: Aegislash|Shadow Claw|p2a: Monet\n|-resisted|p2a: Monet\n|-damage|p2a: Monet|89\/100\n|\n|upkeep\n|turn|5\n|\n|t:|1629077991\n|-formechange|p1a: Aegislash|Aegislash||[from] ability: Stance Change\n|move|p1a: Aegislash|King's Shield|p1a: Aegislash\n|-singleturn|p1a: Aegislash|Protect\n|move|p2a: Monet|Whirlwind|p1a: Aegislash\n|drag|p1a: Politoed|Politoed, M|100\/100\n|-damage|p1a: Politoed|88\/100|[from] Stealth Rock\n|-damage|p1a: Politoed|76\/100|[from] Spikes\n|-weather|RainDance|[from] ability: Drizzle|[of] p1a: Politoed\n|\n|-weather|RainDance|[upkeep]\n|upkeep\n|turn|6\n|\n|t:|1629078002\n|move|p2a: Monet|U-turn|p1a: Politoed\n|-damage|p1a: Politoed|62\/100\n|\n|t:|1629078005\n|switch|p2a: Camie|Primarina, F|100\/100|[from]move: U-turn\n|move|p1a: Politoed|Ice Beam|p2a: Camie\n|-resisted|p2a: Camie\n|-damage|p2a: Camie|91\/100\n|\n|-weather|RainDance|[upkeep]\n|upkeep\n|turn|7\n|\n|t:|1629078012\n|move|p1a: Politoed|Toxic|p2a: Camie\n|-status|p2a: Camie|tox\n|move|p2a: Camie|Reflect|p2a: Camie\n|-sidestart|p2: AsterJ|Reflect\n|\n|-weather|RainDance|[upkeep]\n|-damage|p2a: Camie|85\/100 tox|[from] psn\n|upkeep\n|turn|8\n|\n|t:|1629078027\n|move|p1a: Politoed|Perish Song|p1a: Politoed\n|-start|p1a: Politoed|perish3|[silent]\n|-start|p2a: Camie|perish3|[silent]\n|-fieldactivate|move: Perish Song\n|move|p2a: Camie|Flip Turn|p1a: Politoed\n|-resisted|p1a: Politoed\n|-damage|p1a: Politoed|49\/100\n|-enditem|p1a: Politoed|Sitrus Berry|[eat]\n|-heal|p1a: Politoed|74\/100|[from] item: Sitrus Berry\n|\n|t:|1629078035\n|switch|p2a: Sunny|Zeraora|100\/100|[from]move: Flip Turn\n|\n|-weather|RainDance|[upkeep]\n|-start|p1a: Politoed|perish3\n|upkeep\n|turn|9\n|\n|t:|1629078045\n|move|p2a: Sunny|Substitute|p2a: Sunny\n|-start|p2a: Sunny|Substitute\n|-damage|p2a: Sunny|76\/100\n|move|p1a: Politoed|Toxic||[still]\n|-fail|p1a: Politoed\n|\n|-weather|none\n|-heal|p2a: Sunny|82\/100|[from] item: Leftovers\n|-start|p1a: Politoed|perish2\n|upkeep\n|turn|10\n|\n|t:|1629078051\n|switch|p1a: Tornadus|Tornadus-Therian, M|100\/100\n|move|p2a: Sunny|Plasma Fists|p1a: Tornadus\n|-supereffective|p1a: Tornadus\n|-damage|p1a: Tornadus|0 fnt\n|faint|p1a: Tornadus\n|\n|-heal|p2a: Sunny|88\/100|[from] item: Leftovers\n|upkeep\n|\n|t:|1629078055\n|switch|p1a: Goodra|Goodra, M|100\/100\n|-damage|p1a: Goodra|88\/100|[from] Stealth Rock\n|-damage|p1a: Goodra|76\/100|[from] Spikes\n|turn|11\n|\n|t:|1629078058\n|move|p2a: Sunny|Close Combat|p1a: Goodra\n|-damage|p1a: Goodra|42\/100\n|-unboost|p2a: Sunny|def|1\n|-unboost|p2a: Sunny|spd|1\n|move|p1a: Goodra|Draco Meteor|p2a: Sunny|[miss]\n|-miss|p1a: Goodra|p2a: Sunny\n|\n|-heal|p2a: Sunny|94\/100|[from] item: Leftovers\n|upkeep\n|turn|12\n|c|\u2606My Trollsssss|Damn\n|\n|t:|1629078074\n|move|p2a: Sunny|Close Combat|p1a: Goodra\n|-damage|p1a: Goodra|7\/100\n|-unboost|p2a: Sunny|def|1\n|-unboost|p2a: Sunny|spd|1\n|move|p1a: Goodra|Dragon Tail|p2a: Sunny\n|-crit|p2a: Sunny\n|-end|p2a: Sunny|Substitute\n|\n|-heal|p2a: Sunny|99\/100|[from] item: Leftovers\n|upkeep\n|turn|13\n|c|\u2606My Trollsssss|i kinda deserved that \n|\n|t:|1629078083\n|switch|p2a: Camie|Primarina, F|85\/100 tox\n|move|p1a: Goodra|Dragon Tail|p2a: Camie\n|-immune|p2a: Camie\n|\n|-damage|p2a: Camie|79\/100 tox|[from] psn\n|upkeep\n|turn|14\n|\n|t:|1629078091\n|move|p1a: Goodra|Thunderbolt|p2a: Camie\n|-supereffective|p2a: Camie\n|-damage|p2a: Camie|41\/100 tox\n|move|p2a: Camie|Light Screen|p2a: Camie\n|-sidestart|p2: AsterJ|move: Light Screen\n|\n|-damage|p2a: Camie|29\/100 tox|[from] psn\n|-sideend|p2: AsterJ|Reflect\n|upkeep\n|turn|15\n|\n|t:|1629078096\n|move|p1a: Goodra|Thunderbolt|p2a: Camie\n|-supereffective|p2a: Camie\n|-damage|p2a: Camie|10\/100 tox\n|move|p2a: Camie|Reflect|p2a: Camie\n|-sidestart|p2: AsterJ|Reflect\n|\n|-damage|p2a: Camie|0 fnt|[from] psn\n|faint|p2a: Camie\n|upkeep\n|\n|t:|1629078103\n|switch|p2a: Linlin|Kangaskhan, F|100\/100\n|turn|16\n|\n|t:|1629078107\n|move|p2a: Linlin|Power-Up Punch|p1a: Goodra\n|-damage|p1a: Goodra|0 fnt\n|-boost|p2a: Linlin|atk|1\n|faint|p1a: Goodra\n|\n|upkeep\n|\n|t:|1629078115\n|switch|p1a: Politoed|Politoed, M|74\/100\n|-damage|p1a: Politoed|62\/100|[from] Spikes\n|-damage|p1a: Politoed|49\/100|[from] Stealth Rock\n|-weather|RainDance|[from] ability: Drizzle|[of] p1a: Politoed\n|turn|17\n|\n|t:|1629078124\n|switch|p1a: Toxicroak|Toxicroak, M|100\/100\n|-damage|p1a: Toxicroak|94\/100|[from] Stealth Rock\n|-damage|p1a: Toxicroak|82\/100|[from] Spikes\n|detailschange|p2a: Linlin|Kangaskhan-Mega, F\n|-mega|p2a: Linlin|Kangaskhan|Kangaskhanite\n|move|p2a: Linlin|Frustration|p1a: Toxicroak\n|-damage|p1a: Toxicroak|0 fnt\n|faint|p1a: Toxicroak\n|-hitcount|p1: Toxicroak|1\n|\n|-weather|RainDance|[upkeep]\n|upkeep\n|\n|t:|1629078129\n|switch|p1a: Swampert|Swampert, M|100\/100\n|-damage|p1a: Swampert|94\/100|[from] Stealth Rock\n|-damage|p1a: Swampert|82\/100|[from] Spikes\n|turn|18\n|\n|t:|1629078134\n|detailschange|p1a: Swampert|Swampert-Mega, M\n|-mega|p1a: Swampert|Swampert|Swampertite\n|move|p1a: Swampert|Waterfall|p2a: Linlin\n|-damage|p2a: Linlin|70\/100\n|cant|p2a: Linlin|flinch\n|\n|-weather|RainDance|[upkeep]\n|upkeep\n|turn|19\n|\n|t:|1629078142\n|move|p1a: Swampert|Waterfall|p2a: Linlin\n|-damage|p2a: Linlin|41\/100\n|move|p2a: Linlin|Frustration|p1a: Swampert\n|-damage|p1a: Swampert|17\/100\n|-crit|p1a: Swampert\n|-damage|p1a: Swampert|0 fnt\n|faint|p1a: Swampert\n|-hitcount|p1: Swampert|2\n|\n|-weather|RainDance|[upkeep]\n|upkeep\n|\n|t:|1629078153\n|switch|p1a: Aegislash|Aegislash, F|100\/100\n|-damage|p1a: Aegislash|88\/100|[from] Spikes\n|-damage|p1a: Aegislash|82\/100|[from] Stealth Rock\n|turn|20\n|\n|t:|1629078159\n|move|p2a: Linlin|Beat Up|p1a: Aegislash\n|-supereffective|p1a: Aegislash\n|-damage|p1a: Aegislash|68\/100\n|-enditem|p1a: Aegislash|Weakness Policy\n|-boost|p1a: Aegislash|atk|2|[from] item: Weakness Policy\n|-boost|p1a: Aegislash|spa|2|[from] item: Weakness Policy\n|-supereffective|p1a: Aegislash\n|-damage|p1a: Aegislash|57\/100\n|-supereffective|p1a: Aegislash\n|-damage|p1a: Aegislash|49\/100\n|-supereffective|p1a: Aegislash\n|-damage|p1a: Aegislash|38\/100\n|-supereffective|p1a: Aegislash\n|-damage|p1a: Aegislash|25\/100\n|-hitcount|p1a: Aegislash|5\n|move|p1a: Aegislash|Autotomize|p1a: Aegislash\n|-boost|p1a: Aegislash|spe|2\n|-start|p1a: Aegislash|Autotomize\n|\n|-weather|RainDance|[upkeep]\n|upkeep\n|turn|21\n|\n|t:|1629078183\n|move|p1a: Aegislash|King's Shield|p1a: Aegislash\n|-singleturn|p1a: Aegislash|Protect\n|move|p2a: Linlin|Beat Up|p1a: Aegislash\n|-activate|p1a: Aegislash|move: Protect\n|\n|-weather|none\n|-sideend|p2: AsterJ|move: Light Screen\n|upkeep\n|turn|22\n|\n|t:|1629078189\n|move|p2a: Linlin|Beat Up|p1a: Aegislash\n|-supereffective|p1a: Aegislash\n|-damage|p1a: Aegislash|12\/100\n|-supereffective|p1a: Aegislash\n|-damage|p1a: Aegislash|0 fnt\n|faint|p1a: Aegislash\n|-hitcount|p1: Aegislash|2\n|\n|-sideend|p2: AsterJ|Reflect\n|upkeep\n|c|\u2606AsterJ|Gg\n|\n|t:|1629078197\n|switch|p1a: Politoed|Politoed, M|49\/100\n|-damage|p1a: Politoed|37\/100|[from] Spikes\n|-damage|p1a: Politoed|25\/100|[from] Stealth Rock\n|-weather|RainDance|[from] ability: Drizzle|[of] p1a: Politoed\n|turn|23\n|\n|t:|1629078199\n|move|p2a: Linlin|Frustration|p1a: Politoed\n|-damage|p1a: Politoed|0 fnt\n|faint|p1a: Politoed\n|-hitcount|p1: Politoed|1\n|\n|win|AsterJ\n|c|\u2606My Trollsssss|Damn\n|c|\u2606My Trollsssss|gg \n|c|\u2606AsterJ|How was I faster\n|c|\u2606My Trollsssss|Oh\n|c|\u2606My Trollsssss|because I wasn\u2019t in blade form\n|c|\u2606AsterJ|Ur speed doesn't change from shield to blade\n|c|\u2606My Trollsssss|and I realized I still had adamant nature: \n|c|\u2606My Trollsssss|huh\n|c|\u2606My Trollsssss|thought it did for whatever odd reason\n|c|\u2606AsterJ|Yea idk what ur investment is then\n|c|\u2606AsterJ|Seems weird\n|c|\u2606AsterJ|But it was a scary set\n|c|\u2606My Trollsssss|it would have been if I had done the correct speed evs lmao\n|c|\u2606AsterJ|Yea lol\n|c|\u2606AsterJ|Not sure if it mattered with fpul play and whirlwind in the mix but nice none the less\n|c|\u2606My Trollsssss|Iron Head flinch maybe \n|c|\u2606AsterJ|Yea that would have to be it\n|c|\u2606AsterJ|Well gg, gl in the rest!\n","uploadtime":1629078356,"views":33,"p1id":"mytrollsssss","p2id":"asterj","formatid":"gen8nationaldexleakslegacy","rating":0,"private":0,"password":null}