{"id":"sports-gen8nationaldexdraft-738567","p1":"Elon Musk Rusk","p2":"ElevatedGodlyness","format":"gen8nationaldexdraft","log":"|j|\u2606Elon Musk Rusk\n|j|\u2606ElevatedGodlyness\n|t:|1665328023\n|gametype|singles\n|player|p1|Elon Musk Rusk|2|\n|player|p2|ElevatedGodlyness|elevatedgodlyness.png|\n|teamsize|p1|6\n|teamsize|p2|6\n|gen|8\n|tier|[Gen 8] National Dex Draft\n|rule|Sleep Clause Mod: Limit one foe put to sleep\n|rule|OHKO Clause: OHKO moves are banned\n|rule|Evasion Moves Clause: Evasion moves are banned\n|rule|Endless Battle Clause: Forcing endless battles is banned\n|rule|HP Percentage Mod: HP is shown in percentages\n|rule|Dynamax Clause: You cannot dynamax\n|clearpoke\n|poke|p1|Gallade, M|\n|poke|p1|Mandibuzz, F|\n|poke|p1|Tapu Fini|\n|poke|p1|Regieleki|\n|poke|p1|Ambipom, M|\n|poke|p1|Swampert, M|\n|poke|p2|Tornadus-Therian, M|\n|poke|p2|Clefable, M|\n|poke|p2|Ferrothorn, F|\n|poke|p2|Rotom-Wash|\n|poke|p2|Weavile, M|\n|poke|p2|Palossand, M|\n|teampreview\n|html|<button name=\"send\" class=\"button\" value=\"\/timer ds\"><i class=\"fa fa-hourglass-start\"><\/i> DS Timer<\/button> <button name=\"send\" class=\"button\" value=\"\/timer smogon\"><i class=\"fa fa-hourglass-start\"><\/i> Smogon Timer<\/button>\n|\n|t:|1665328050\n|start\n|switch|p1a: Regieleki|Regieleki|100\/100\n|switch|p2a: Clefable|Clefable, M|100\/100\n|turn|1\n|\n|t:|1665328055\n|switch|p1a: Swampert|Swampert, M|100\/100\n|switch|p2a: Palossand|Palossand, M|100\/100\n|\n|upkeep\n|turn|2\n|\n|t:|1665328062\n|move|p1a: Swampert|Stealth Rock|p2a: Palossand\n|-sidestart|p2: ElevatedGodlyness|move: Stealth Rock\n|move|p2a: Palossand|Toxic|p1a: Swampert\n|-status|p1a: Swampert|tox\n|\n|-damage|p1a: Swampert|94\/100 tox|[from] psn\n|upkeep\n|turn|3\n|\n|t:|1665328071\n|switch|p1a: Gallade|Gallade, M|100\/100\n|switch|p2a: Ferrothorn|Ferrothorn, F|100\/100\n|-damage|p2a: Ferrothorn|94\/100|[from] Stealth Rock\n|\n|-heal|p2a: Ferrothorn|100\/100|[from] item: Leftovers\n|upkeep\n|turn|4\n|\n|t:|1665328075\n|switch|p2a: Clefable|Clefable, M|100\/100\n|detailschange|p1a: Gallade|Gallade-Mega, M\n|-mega|p1a: Gallade|Gallade|Galladite\n|move|p1a: Gallade|Swords Dance|p1a: Gallade\n|-boost|p1a: Gallade|atk|2\n|\n|upkeep\n|turn|5\n|\n|t:|1665328080\n|switch|p1a: Swampert|Swampert, M|94\/100 tox\n|move|p2a: Clefable|Thunder Wave|p1a: Swampert\n|-immune|p1a: Swampert\n|\n|-heal|p1a: Swampert|100\/100 tox|[from] item: Leftovers\n|-damage|p1a: Swampert|94\/100 tox|[from] psn\n|upkeep\n|turn|6\n|\n|t:|1665328084\n|switch|p2a: Ferrothorn|Ferrothorn, F|100\/100\n|-damage|p2a: Ferrothorn|94\/100|[from] Stealth Rock\n|move|p1a: Swampert|Flip Turn|p2a: Ferrothorn\n|-resisted|p2a: Ferrothorn\n|-damage|p2a: Ferrothorn|86\/100\n|-damage|p1a: Swampert|82\/100 tox|[from] ability: Iron Barbs|[of] p2a: Ferrothorn\n|\n|t:|1665328086\n|switch|p1a: Gallade|Gallade-Mega, M|100\/100|[from]move: Flip Turn\n|\n|-heal|p2a: Ferrothorn|92\/100|[from] item: Leftovers\n|upkeep\n|turn|7\n|\n|t:|1665328090\n|switch|p2a: Clefable|Clefable, M|100\/100\n|move|p1a: Gallade|Poison Jab|p2a: Clefable\n|-supereffective|p2a: Clefable\n|-enditem|p2a: Clefable|Kebia Berry|[eat]\n|-enditem|p2a: Clefable|Kebia Berry|[weaken]\n|-damage|p2a: Clefable|77\/100\n|\n|upkeep\n|turn|8\n|\n|t:|1665328100\n|switch|p1a: Tapu Fini|Tapu Fini|100\/100\n|-fieldstart|move: Misty Terrain|[from] ability: Misty Surge|[of] p1a: Tapu Fini\n|move|p2a: Clefable|Soft-Boiled|p2a: Clefable\n|-heal|p2a: Clefable|100\/100\n|\n|upkeep\n|turn|9\n|\n|t:|1665328108\n|switch|p2a: Tornadus|Tornadus-Therian, M|100\/100\n|-damage|p2a: Tornadus|76\/100|[from] Stealth Rock\n|move|p1a: Tapu Fini|Taunt|p2a: Tornadus\n|-start|p2a: Tornadus|move: Taunt\n|\n|upkeep\n|turn|10\n|\n|t:|1665328114\n|switch|p1a: Regieleki|Regieleki|100\/100\n|move|p2a: Tornadus|Knock Off|p1a: Regieleki\n|-damage|p1a: Regieleki|62\/100\n|-enditem|p1a: Regieleki|Magnet|[from] move: Knock Off|[of] p2a: Tornadus\n|\n|upkeep\n|turn|11\n|\n|t:|1665328123\n|switch|p1a: Mandibuzz|Mandibuzz, F|100\/100\n|switch|p2a: Palossand|Palossand, M|100\/100\n|-damage|p2a: Palossand|94\/100|[from] Stealth Rock\n|\n|upkeep\n|turn|12\n|\n|t:|1665328126\n|move|p1a: Mandibuzz|Foul Play|p2a: Palossand\n|-supereffective|p2a: Palossand\n|-damage|p2a: Palossand|64\/100\n|move|p2a: Palossand|Stealth Rock|p1a: Mandibuzz\n|-sidestart|p1: Elon Musk Rusk|move: Stealth Rock\n|\n|-fieldend|Misty Terrain\n|upkeep\n|turn|13\n|\n|t:|1665328131\n|switch|p1a: Tapu Fini|Tapu Fini|100\/100\n|-damage|p1a: Tapu Fini|88\/100|[from] Stealth Rock\n|-fieldstart|move: Misty Terrain|[from] ability: Misty Surge|[of] p1a: Tapu Fini\n|move|p2a: Palossand|Shore Up|p2a: Palossand\n|-heal|p2a: Palossand|100\/100\n|\n|upkeep\n|turn|14\n|\n|t:|1665328141\n|switch|p2a: Tornadus|Tornadus-Therian, M|100\/100\n|-damage|p2a: Tornadus|76\/100|[from] Stealth Rock\n|move|p1a: Tapu Fini|Nature's Madness|p2a: Tornadus\n|-damage|p2a: Tornadus|38\/100\n|\n|upkeep\n|turn|15\n|\n|t:|1665328148\n|move|p2a: Tornadus|Knock Off|p1a: Tapu Fini\n|-resisted|p1a: Tapu Fini\n|-damage|p1a: Tapu Fini|82\/100\n|-enditem|p1a: Tapu Fini|Kebia Berry|[from] move: Knock Off|[of] p2a: Tornadus\n|move|p1a: Tapu Fini|Moonblast|p2a: Tornadus\n|-damage|p2a: Tornadus|15\/100\n|-unboost|p2a: Tornadus|spa|1\n|\n|upkeep\n|turn|16\n|\n|t:|1665328158\n|move|p2a: Tornadus|U-turn|p1a: Tapu Fini\n|-resisted|p1a: Tapu Fini\n|-damage|p1a: Tapu Fini|78\/100\n|\n|t:|1665328161\n|switch|p2a: Ferrothorn|Ferrothorn, F|92\/100|[from]move: U-turn\n|-damage|p2a: Ferrothorn|86\/100|[from] Stealth Rock\n|move|p1a: Tapu Fini|Reflect|p1a: Tapu Fini\n|-sidestart|p1: Elon Musk Rusk|Reflect\n|\n|-heal|p2a: Ferrothorn|92\/100|[from] item: Leftovers\n|upkeep\n|turn|17\n|\n|t:|1665328164\n|move|p1a: Tapu Fini|Taunt|p2a: Ferrothorn\n|-start|p2a: Ferrothorn|move: Taunt\n|move|p2a: Ferrothorn|Power Whip|p1a: Tapu Fini\n|-supereffective|p1a: Tapu Fini\n|-damage|p1a: Tapu Fini|54\/100\n|\n|-heal|p2a: Ferrothorn|98\/100|[from] item: Leftovers\n|-fieldend|Misty Terrain\n|upkeep\n|turn|18\n|\n|t:|1665328169\n|switch|p1a: Mandibuzz|Mandibuzz, F|100\/100\n|move|p2a: Ferrothorn|Power Whip|p1a: Mandibuzz\n|-resisted|p1a: Mandibuzz\n|-damage|p1a: Mandibuzz|95\/100\n|\n|-heal|p2a: Ferrothorn|100\/100|[from] item: Leftovers\n|upkeep\n|turn|19\n|\n|t:|1665328176\n|move|p1a: Mandibuzz|U-turn|p2a: Ferrothorn\n|-damage|p2a: Ferrothorn|92\/100\n|-damage|p1a: Mandibuzz|82\/100|[from] ability: Iron Barbs|[of] p2a: Ferrothorn\n|\n|t:|1665328180\n|switch|p1a: Gallade|Gallade-Mega, M|100\/100|[from]move: U-turn\n|-damage|p1a: Gallade|94\/100|[from] Stealth Rock\n|move|p2a: Ferrothorn|Knock Off|p1a: Gallade\n|-damage|p1a: Gallade|86\/100\n|\n|-heal|p2a: Ferrothorn|98\/100|[from] item: Leftovers\n|-end|p2a: Ferrothorn|move: Taunt\n|upkeep\n|turn|20\n|\n|t:|1665328185\n|switch|p2a: Clefable|Clefable, M|100\/100\n|move|p1a: Gallade|Close Combat|p2a: Clefable\n|-resisted|p2a: Clefable\n|-damage|p2a: Clefable|71\/100\n|-unboost|p1a: Gallade|def|1\n|-unboost|p1a: Gallade|spd|1\n|\n|-sideend|p1: Elon Musk Rusk|Reflect\n|upkeep\n|turn|21\n|\n|t:|1665328190\n|switch|p1a: Swampert|Swampert, M|82\/100 tox\n|-damage|p1a: Swampert|76\/100 tox|[from] Stealth Rock\n|move|p2a: Clefable|Soft-Boiled|p2a: Clefable\n|-heal|p2a: Clefable|100\/100\n|\n|-heal|p1a: Swampert|82\/100 tox|[from] item: Leftovers\n|-damage|p1a: Swampert|76\/100 tox|[from] psn\n|upkeep\n|turn|22\n|\n|t:|1665328196\n|switch|p2a: Ferrothorn|Ferrothorn, F|98\/100\n|-damage|p2a: Ferrothorn|92\/100|[from] Stealth Rock\n|move|p1a: Swampert|Flip Turn|p2a: Ferrothorn\n|-resisted|p2a: Ferrothorn\n|-damage|p2a: Ferrothorn|83\/100\n|-damage|p1a: Swampert|63\/100 tox|[from] ability: Iron Barbs|[of] p2a: Ferrothorn\n|\n|t:|1665328198\n|switch|p1a: Gallade|Gallade-Mega, M|86\/100|[from]move: Flip Turn\n|-damage|p1a: Gallade|79\/100|[from] Stealth Rock\n|\n|-heal|p2a: Ferrothorn|89\/100|[from] item: Leftovers\n|upkeep\n|turn|23\n|\n|t:|1665328202\n|switch|p2a: Clefable|Clefable, M|100\/100\n|move|p1a: Gallade|Poison Jab|p2a: Clefable\n|-supereffective|p2a: Clefable\n|-damage|p2a: Clefable|51\/100\n|\n|upkeep\n|turn|24\n|\n|t:|1665328208\n|move|p1a: Gallade|Poison Jab|p2a: Clefable\n|-supereffective|p2a: Clefable\n|-damage|p2a: Clefable|0 fnt\n|faint|p2a: Clefable\n|\n|upkeep\n|\n|t:|1665328213\n|switch|p2a: Rotom|Rotom-Wash|100\/100\n|-damage|p2a: Rotom|88\/100|[from] Stealth Rock\n|turn|25\n|\n|t:|1665328218\n|switch|p1a: Swampert|Swampert, M|63\/100 tox\n|-damage|p1a: Swampert|57\/100 tox|[from] Stealth Rock\n|move|p2a: Rotom|Foul Play|p1a: Swampert\n|-damage|p1a: Swampert|34\/100 tox\n|\n|-heal|p2a: Rotom|94\/100|[from] item: Leftovers\n|-heal|p1a: Swampert|40\/100 tox|[from] item: Leftovers\n|-damage|p1a: Swampert|34\/100 tox|[from] psn\n|upkeep\n|turn|26\n|\n|t:|1665328233\n|move|p2a: Rotom|Hydro Pump|p1a: Swampert\n|-damage|p1a: Swampert|9\/100 tox\n|move|p1a: Swampert|Flip Turn|p2a: Rotom\n|-resisted|p2a: Rotom\n|-damage|p2a: Rotom|85\/100\n|\n|t:|1665328246\n|switch|p1a: Regieleki|Regieleki|62\/100|[from]move: Flip Turn\n|-damage|p1a: Regieleki|50\/100|[from] Stealth Rock\n|\n|-heal|p2a: Rotom|92\/100|[from] item: Leftovers\n|upkeep\n|turn|27\n|\n|t:|1665328259\n|switch|p1a: Tapu Fini|Tapu Fini|54\/100\n|-damage|p1a: Tapu Fini|42\/100|[from] Stealth Rock\n|-fieldstart|move: Misty Terrain|[from] ability: Misty Surge|[of] p1a: Tapu Fini\n|switch|p2a: Palossand|Palossand, M|100\/100\n|-damage|p2a: Palossand|94\/100|[from] Stealth Rock\n|\n|upkeep\n|turn|28\n|\n|t:|1665328266\n|switch|p2a: Rotom|Rotom-Wash|92\/100\n|-damage|p2a: Rotom|79\/100|[from] Stealth Rock\n|move|p1a: Tapu Fini|Nature's Madness|p2a: Rotom\n|-damage|p2a: Rotom|40\/100\n|\n|-heal|p2a: Rotom|46\/100|[from] item: Leftovers\n|upkeep\n|turn|29\n|\n|t:|1665328279\n|switch|p1a: Swampert|Swampert, M|9\/100 tox\n|-damage|p1a: Swampert|3\/100 tox|[from] Stealth Rock\n|move|p2a: Rotom|Volt Switch|p1a: Swampert\n|-immune|p1a: Swampert\n|\n|-heal|p2a: Rotom|52\/100|[from] item: Leftovers\n|-heal|p1a: Swampert|9\/100 tox|[from] item: Leftovers\n|-damage|p1a: Swampert|3\/100 tox|[from] psn\n|upkeep\n|turn|30\n|\n|t:|1665328283\n|move|p2a: Rotom|Foul Play|p1a: Swampert\n|-damage|p1a: Swampert|0 fnt\n|faint|p1a: Swampert\n|\n|-heal|p2a: Rotom|59\/100|[from] item: Leftovers\n|upkeep\n|l|\u2606Elon Musk Rusk\n|player|p1|\n|j|\u2606Elon Musk Rusk\n|player|p1|Elon Musk Rusk|2\n|\n|t:|1665328320\n|switch|p1a: Gallade|Gallade-Mega, M|79\/100\n|-damage|p1a: Gallade|73\/100|[from] Stealth Rock\n|turn|31\n|\n|t:|1665328323\n|move|p1a: Gallade|Close Combat|p2a: Rotom\n|-damage|p2a: Rotom|0 fnt\n|-unboost|p1a: Gallade|def|1\n|-unboost|p1a: Gallade|spd|1\n|faint|p2a: Rotom\n|\n|-fieldend|Misty Terrain\n|upkeep\n|\n|t:|1665328327\n|switch|p2a: Weavile|Weavile, M|100\/100\n|-ability|p2a: Weavile|Pressure\n|turn|32\n|\n|t:|1665328332\n|switch|p1a: Tapu Fini|Tapu Fini|42\/100\n|-damage|p1a: Tapu Fini|29\/100|[from] Stealth Rock\n|-fieldstart|move: Misty Terrain|[from] ability: Misty Surge|[of] p1a: Tapu Fini\n|move|p2a: Weavile|Triple Axel|p1a: Tapu Fini\n|-resisted|p1a: Tapu Fini\n|-damage|p1a: Tapu Fini|26\/100\n|-hitcount|p1a: Tapu Fini|1\n|\n|upkeep\n|turn|33\n|\n|t:|1665328345\n|move|p2a: Weavile|Triple Axel|p1a: Tapu Fini\n|-resisted|p1a: Tapu Fini\n|-damage|p1a: Tapu Fini|23\/100\n|-resisted|p1a: Tapu Fini\n|-damage|p1a: Tapu Fini|16\/100\n|-resisted|p1a: Tapu Fini\n|-damage|p1a: Tapu Fini|6\/100\n|-hitcount|p1a: Tapu Fini|3\n|move|p1a: Tapu Fini|Moonblast|p2a: Weavile\n|-supereffective|p2a: Weavile\n|-damage|p2a: Weavile|20\/100\n|\n|upkeep\n|turn|34\n|\n|t:|1665328352\n|move|p2a: Weavile|Knock Off|p1a: Tapu Fini\n|-resisted|p1a: Tapu Fini\n|-damage|p1a: Tapu Fini|0 fnt\n|faint|p1a: Tapu Fini\n|\n|upkeep\n|\n|t:|1665328355\n|switch|p1a: Ambipom|Ambipom, M|100\/100\n|-damage|p1a: Ambipom|88\/100|[from] Stealth Rock\n|turn|35\n|\n|t:|1665328360\n|switch|p2a: Ferrothorn|Ferrothorn, F|89\/100\n|-damage|p2a: Ferrothorn|83\/100|[from] Stealth Rock\n|move|p1a: Ambipom|Low Kick|p2a: Ferrothorn\n|-supereffective|p2a: Ferrothorn\n|-crit|p2a: Ferrothorn\n|-damage|p2a: Ferrothorn|13\/100\n|-damage|p1a: Ambipom|76\/100|[from] ability: Iron Barbs|[of] p2a: Ferrothorn\n|\n|-heal|p2a: Ferrothorn|19\/100|[from] item: Leftovers\n|upkeep\n|turn|36\n|\n|t:|1665328371\n|move|p1a: Ambipom|Low Kick|p2a: Ferrothorn\n|-supereffective|p2a: Ferrothorn\n|-damage|p2a: Ferrothorn|0 fnt\n|-damage|p1a: Ambipom|63\/100|[from] ability: Iron Barbs|[of] p2a: Ferrothorn\n|faint|p2a: Ferrothorn\n|\n|-fieldend|Misty Terrain\n|upkeep\n|\n|t:|1665328380\n|switch|p2a: Tornadus|Tornadus-Therian, M|48\/100\n|-damage|p2a: Tornadus|23\/100|[from] Stealth Rock\n|turn|37\n|l|\u2606Elon Musk Rusk\n|player|p1|\n|j|\u2606Elon Musk Rusk\n|player|p1|Elon Musk Rusk|2\n|\n|t:|1665328452\n|switch|p1a: Mandibuzz|Mandibuzz, F|82\/100\n|move|p2a: Tornadus|U-turn|p1a: Mandibuzz\n|-damage|p1a: Mandibuzz|74\/100\n|\n|t:|1665328456\n|switch|p2a: Weavile|Weavile, M|20\/100|[from]move: U-turn\n|-ability|p2a: Weavile|Pressure\n|\n|upkeep\n|turn|38\n|\n|t:|1665328459\n|move|p2a: Weavile|Triple Axel|p1a: Mandibuzz\n|-supereffective|p1a: Mandibuzz\n|-damage|p1a: Mandibuzz|63\/100\n|-supereffective|p1a: Mandibuzz\n|-damage|p1a: Mandibuzz|40\/100\n|-supereffective|p1a: Mandibuzz\n|-damage|p1a: Mandibuzz|9\/100\n|-hitcount|p1a: Mandibuzz|3\n|move|p1a: Mandibuzz|U-turn|p2a: Weavile\n|-supereffective|p2a: Weavile\n|-damage|p2a: Weavile|0 fnt\n|faint|p2a: Weavile\n|\n|t:|1665328467\n|switch|p1a: Ambipom|Ambipom, M|63\/100|[from]move: U-turn\n|-damage|p1a: Ambipom|51\/100|[from] Stealth Rock\n|\n|upkeep\n|\n|t:|1665328469\n|switch|p2a: Tornadus|Tornadus-Therian, M|56\/100\n|-damage|p2a: Tornadus|32\/100|[from] Stealth Rock\n|turn|39\n|\n|t:|1665328472\n|move|p1a: Ambipom|Double-Edge|p2a: Tornadus\n|-damage|p2a: Tornadus|0 fnt\n|faint|p2a: Tornadus\n|-damage|p1a: Ambipom|38\/100|[from] Recoil\n|\n|upkeep\n|\n|t:|1665328475\n|switch|p2a: Palossand|Palossand, M|94\/100\n|-damage|p2a: Palossand|88\/100|[from] Stealth Rock\n|turn|40\n|\n|t:|1665328486\n|switch|p1a: Regieleki|Regieleki|50\/100\n|-damage|p1a: Regieleki|37\/100|[from] Stealth Rock\n|move|p2a: Palossand|Toxic|p1a: Regieleki\n|-status|p1a: Regieleki|tox\n|\n|-damage|p1a: Regieleki|31\/100 tox|[from] psn\n|upkeep\n|turn|41\n|\n|t:|1665328490\n|move|p1a: Regieleki|Ancient Power|p2a: Palossand\n|-resisted|p2a: Palossand\n|-damage|p2a: Palossand|80\/100\n|move|p2a: Palossand|Shore Up|p2a: Palossand\n|-heal|p2a: Palossand|100\/100\n|\n|-damage|p1a: Regieleki|19\/100 tox|[from] psn\n|upkeep\n|turn|42\n|\n|t:|1665328498\n|move|p1a: Regieleki|Ancient Power|p2a: Palossand\n|-resisted|p2a: Palossand\n|-damage|p2a: Palossand|92\/100\n|move|p2a: Palossand|Shadow Ball|p1a: Regieleki\n|-damage|p1a: Regieleki|0 fnt\n|faint|p1a: Regieleki\n|\n|upkeep\n|l|\u2606Elon Musk Rusk\n|player|p1|\n|j|\u2606Elon Musk Rusk\n|player|p1|Elon Musk Rusk|2\n|\n|t:|1665328602\n|switch|p1a: Gallade|Gallade-Mega, M|73\/100\n|-damage|p1a: Gallade|67\/100|[from] Stealth Rock\n|turn|43\n|\n|t:|1665328612\n|move|p1a: Gallade|Triple Axel|p2a: Palossand\n|-supereffective|p2a: Palossand\n|-damage|p2a: Palossand|78\/100\n|-supereffective|p2a: Palossand\n|-damage|p2a: Palossand|52\/100\n|-supereffective|p2a: Palossand\n|-damage|p2a: Palossand|13\/100\n|-hitcount|p2a: Palossand|3\n|move|p2a: Palossand|Shadow Ball|p1a: Gallade\n|-supereffective|p1a: Gallade\n|-damage|p1a: Gallade|6\/100\n|\n|upkeep\n|turn|44\n|\n|t:|1665328623\n|move|p1a: Gallade|Triple Axel|p2a: Palossand\n|-supereffective|p2a: Palossand\n|-damage|p2a: Palossand|0 fnt\n|faint|p2a: Palossand\n|-hitcount|p2: Palossand|1\n|\n|win|Elon Musk Rusk\n|c|\u2606ElevatedGodlyness|gg\n|c|\u2606Elon Musk Rusk|gg\n","uploadtime":1665328629,"views":23,"p1id":"elonmuskrusk","p2id":"elevatedgodlyness","formatid":"gen8nationaldexdraft","rating":0,"private":0,"password":null}