{"id":"sports-gen8nationaldexlegacy-540428","p1":"LudwigFrog","p2":"DepizWasTaken","format":"gen8nationaldexlegacy","log":"|j|\u2606LudwigFrog\n|j|\u2606DepizWasTaken\n|t:|1636853958\n|gametype|singles\n|player|p1|LudwigFrog|265|\n|player|p2|DepizWasTaken|psychic-gen4|\n|teamsize|p1|6\n|teamsize|p2|6\n|gen|8\n|tier|[Gen 8] National Dex Legacy\n|rule|Sleep Clause Mod: Limit one foe put to sleep\n|rule|OHKO Clause: OHKO moves are banned\n|rule|Evasion Moves Clause: Evasion moves are banned\n|rule|Endless Battle Clause: Forcing endless battles is banned\n|rule|HP Percentage Mod: HP is shown in percentages\n|rule|Dynamax Clause: You cannot dynamax\n|clearpoke\n|poke|p1|Salamence, F|\n|poke|p1|Greninja, M|\n|poke|p1|Skarmory, F|\n|poke|p1|Blacephalon|\n|poke|p1|Quagsire, F|\n|poke|p1|Clefable, F|\n|poke|p2|Mawile, M|\n|poke|p2|Urshifu-*, F|\n|poke|p2|Rotom-Heat|\n|poke|p2|Nihilego|\n|poke|p2|Palossand, F|\n|poke|p2|Tsareena, F|\n|teampreview\n|html|<button name=\"send\" class=\"button\" value=\"\/timer ds\"><i class=\"fa fa-hourglass-start\"><\/i> DS Timer<\/button> <button name=\"send\" class=\"button\" value=\"\/timer smogon\"><i class=\"fa fa-hourglass-start\"><\/i> Smogon Timer<\/button>\n|inactive|Battle timer is ON: inactive players will automatically lose when time's up. (requested by LudwigFrog)\n|c|\u2606DepizWasTaken|gl hf\n|j| PorygonTheBot\n|c| PorygonTheBot|This game looks fun!\n|inactiveoff|Battle timer is now OFF.\n|j| DJSen\n|\n|t:|1636854013\n|start\n|switch|p1a: Greninja|Greninja, M|100\/100\n|switch|p2a: Urshifu|Urshifu-Rapid-Strike, F|100\/100\n|turn|1\n|j| MrGardnHose\n|\n|t:|1636854029\n|switch|p1a: Quagsire|Quagsire, F|100\/100\n|move|p2a: Urshifu|Close Combat|p1a: Quagsire\n|-damage|p1a: Quagsire|53\/100\n|-unboost|p2a: Urshifu|def|1\n|-unboost|p2a: Urshifu|spd|1\n|\n|-heal|p1a: Quagsire|59\/100|[from] item: Leftovers\n|upkeep\n|turn|2\n|l| MrGardnHose\n|\n|t:|1636854099\n|switch|p2a: Nihilego|Nihilego|100\/100\n|move|p1a: Quagsire|Recover|p1a: Quagsire\n|-heal|p1a: Quagsire|100\/100\n|\n|upkeep\n|turn|3\n|\n|t:|1636854104\n|move|p2a: Nihilego|Grass Knot|p1a: Quagsire\n|-supereffective|p1a: Quagsire\n|-damage|p1a: Quagsire|0 fnt\n|faint|p1a: Quagsire\n|-ability|p2a: Nihilego|Beast Boost|boost\n|-boost|p2a: Nihilego|spa|1\n|\n|upkeep\n|\n|t:|1636854107\n|switch|p1a: Salamence|Salamence, F|100\/100\n|-ability|p1a: Salamence|Intimidate|boost\n|-unboost|p2a: Nihilego|atk|1\n|turn|4\n|\n|t:|1636854114\n|switch|p2a: Palossand|Palossand, F|100\/100\n|detailschange|p1a: Salamence|Salamence-Mega, F\n|-mega|p1a: Salamence|Salamence|Salamencite\n|move|p1a: Salamence|Dragon Dance|p1a: Salamence\n|-boost|p1a: Salamence|atk|1\n|-boost|p1a: Salamence|spe|1\n|\n|upkeep\n|turn|5\n|\n|t:|1636854169\n|move|p1a: Salamence|Return|p2a: Palossand\n|-damage|p2a: Palossand|25\/100\n|move|p2a: Palossand|Toxic|p1a: Salamence|[miss]\n|-miss|p2a: Palossand|p1a: Salamence\n|\n|-heal|p2a: Palossand|31\/100|[from] item: Leftovers\n|upkeep\n|turn|6\n|\n|t:|1636854176\n|move|p1a: Salamence|Return|p2a: Palossand\n|-damage|p2a: Palossand|0 fnt\n|faint|p2a: Palossand\n|\n|upkeep\n|\n|t:|1636854178\n|switch|p2a: Mawile|Mawile, M|100\/100\n|-ability|p2a: Mawile|Intimidate|boost\n|-unboost|p1a: Salamence|atk|1\n|turn|7\n|\n|t:|1636854181\n|detailschange|p2a: Mawile|Mawile-Mega, M\n|-mega|p2a: Mawile|Mawile|Mawilite\n|move|p1a: Salamence|Earthquake|p2a: Mawile\n|-supereffective|p2a: Mawile\n|-damage|p2a: Mawile|11\/100\n|move|p2a: Mawile|Play Rough|p1a: Salamence\n|-supereffective|p1a: Salamence\n|-damage|p1a: Salamence|0 fnt\n|faint|p1a: Salamence\n|\n|upkeep\n|\n|t:|1636854188\n|switch|p1a: Blacephalon|Blacephalon|100\/100\n|turn|8\n|\n|t:|1636854190\n|move|p2a: Mawile|Sucker Punch||[still]\n|-fail|p2a: Mawile\n|move|p1a: Blacephalon|Substitute|p1a: Blacephalon\n|-start|p1a: Blacephalon|Substitute\n|-damage|p1a: Blacephalon|76\/100\n|\n|-heal|p1a: Blacephalon|82\/100|[from] item: Leftovers\n|upkeep\n|turn|9\n|\n|t:|1636854193\n|move|p1a: Blacephalon|Flamethrower|p2a: Mawile\n|-supereffective|p2a: Mawile\n|-crit|p2a: Mawile\n|-damage|p2a: Mawile|0 fnt\n|faint|p2a: Mawile\n|-ability|p1a: Blacephalon|Beast Boost|boost\n|-boost|p1a: Blacephalon|spa|1\n|\n|-heal|p1a: Blacephalon|88\/100|[from] item: Leftovers\n|upkeep\n|\n|t:|1636854196\n|switch|p2a: Urshifu|Urshifu-Rapid-Strike, F|100\/100\n|turn|10\n|\n|t:|1636854198\n|switch|p1a: Skarmory|Skarmory, F|100\/100\n|move|p2a: Urshifu|Surging Strikes|p1a: Skarmory\n|-crit|p1a: Skarmory\n|-damage|p1a: Skarmory|87\/100\n|-damage|p2a: Urshifu|84\/100|[from] item: Rocky Helmet|[of] p1a: Skarmory\n|-crit|p1a: Skarmory\n|-damage|p1a: Skarmory|73\/100\n|-damage|p2a: Urshifu|67\/100|[from] item: Rocky Helmet|[of] p1a: Skarmory\n|-crit|p1a: Skarmory\n|-damage|p1a: Skarmory|60\/100\n|-damage|p2a: Urshifu|51\/100|[from] item: Rocky Helmet|[of] p1a: Skarmory\n|-hitcount|p1a: Skarmory|3\n|\n|upkeep\n|turn|11\n|\n|t:|1636854222\n|switch|p2a: Rotom|Rotom-Heat|100\/100\n|switch|p1a: Greninja|Greninja, M|100\/100\n|\n|upkeep\n|turn|12\n|c| DJSen|that did more damage to self\n|c|\u2606DepizWasTaken|fr\n|\n|t:|1636854233\n|move|p1a: Greninja|Waterfall|p2a: Rotom\n|-supereffective|p2a: Rotom\n|-damage|p2a: Rotom|12\/100\n|move|p2a: Rotom|Volt Switch|p1a: Greninja\n|-supereffective|p1a: Greninja\n|-damage|p1a: Greninja|16\/100\n|\n|t:|1636854238\n|switch|p2a: Urshifu|Urshifu-Rapid-Strike, F|51\/100|[from]move: Volt Switch\n|\n|upkeep\n|turn|13\n|\n|t:|1636854241\n|switch|p1a: Clefable|Clefable, F|100\/100\n|move|p2a: Urshifu|U-turn|p1a: Clefable\n|-resisted|p1a: Clefable\n|-damage|p1a: Clefable|85\/100\n|\n|t:|1636854244\n|switch|p2a: Nihilego|Nihilego|100\/100|[from]move: U-turn\n|\n|upkeep\n|turn|14\n|\n|t:|1636854248\n|switch|p2a: Rotom|Rotom-Heat|12\/100\n|switch|p1a: Skarmory|Skarmory, F|60\/100\n|\n|upkeep\n|turn|15\n|\n|t:|1636854252\n|switch|p1a: Clefable|Clefable, F|85\/100\n|move|p2a: Rotom|Thunderbolt|p1a: Clefable\n|-damage|p1a: Clefable|62\/100\n|\n|upkeep\n|turn|16\n|j| MrGardnHose\n|\n|t:|1636854257\n|move|p2a: Rotom|Volt Switch|p1a: Clefable\n|-damage|p1a: Clefable|44\/100\n|\n|t:|1636854262\n|switch|p2a: Nihilego|Nihilego|100\/100|[from]move: Volt Switch\n|move|p1a: Clefable|Soft-Boiled|p1a: Clefable\n|-heal|p1a: Clefable|94\/100\n|\n|upkeep\n|turn|17\n|\n|t:|1636854270\n|move|p2a: Nihilego|Sludge Wave|p1a: Clefable\n|-supereffective|p1a: Clefable\n|-damage|p1a: Clefable|23\/100\n|move|p1a: Clefable|Soft-Boiled|p1a: Clefable\n|-heal|p1a: Clefable|73\/100\n|\n|upkeep\n|turn|18\n|\n|t:|1636854274\n|switch|p1a: Skarmory|Skarmory, F|60\/100\n|move|p2a: Nihilego|Sludge Wave|p1a: Skarmory\n|-immune|p1a: Skarmory\n|\n|upkeep\n|turn|19\n|\n|t:|1636854280\n|switch|p2a: Rotom|Rotom-Heat|12\/100\n|move|p1a: Skarmory|Roost|p1a: Skarmory\n|-heal|p1a: Skarmory|100\/100\n|-singleturn|p1a: Skarmory|move: Roost\n|\n|upkeep\n|turn|20\n|\n|t:|1636854282\n|move|p2a: Rotom|Overheat|p1a: Skarmory|[miss]\n|-miss|p2a: Rotom|p1a: Skarmory\n|move|p1a: Skarmory|Body Press|p2a: Rotom\n|-damage|p2a: Rotom|0 fnt\n|faint|p2a: Rotom\n|\n|upkeep\n|c|\u2606LudwigFrog|damn sorry\n|\n|t:|1636854289\n|switch|p2a: Nihilego|Nihilego|100\/100\n|turn|21\n|\n|t:|1636854293\n|move|p2a: Nihilego|Thunderbolt|p1a: Skarmory\n|-supereffective|p1a: Skarmory\n|-damage|p1a: Skarmory|7\/100\n|move|p1a: Skarmory|Roost|p1a: Skarmory\n|-heal|p1a: Skarmory|57\/100\n|-singleturn|p1a: Skarmory|move: Roost\n|\n|upkeep\n|turn|22\n|\n|t:|1636854296\n|switch|p1a: Clefable|Clefable, F|73\/100\n|move|p2a: Nihilego|Thunderbolt|p1a: Clefable\n|-damage|p1a: Clefable|50\/100\n|\n|upkeep\n|turn|23\n|\n|t:|1636854299\n|switch|p2a: Tsareena|Tsareena, F|100\/100\n|move|p1a: Clefable|Soft-Boiled|p1a: Clefable\n|-heal|p1a: Clefable|99\/100\n|\n|upkeep\n|turn|24\n|\n|t:|1636854301\n|move|p2a: Tsareena|U-turn|p1a: Clefable\n|-resisted|p1a: Clefable\n|-damage|p1a: Clefable|80\/100\n|\n|t:|1636854303\n|switch|p2a: Nihilego|Nihilego|100\/100|[from]move: U-turn\n|move|p1a: Clefable|Flamethrower|p2a: Nihilego\n|-resisted|p2a: Nihilego\n|-damage|p2a: Nihilego|94\/100\n|\n|upkeep\n|turn|25\n|\n|t:|1636854320\n|move|p2a: Nihilego|Thunderbolt|p1a: Clefable\n|-damage|p1a: Clefable|59\/100\n|move|p1a: Clefable|Moonblast|p2a: Nihilego\n|-resisted|p2a: Nihilego\n|-damage|p2a: Nihilego|83\/100\n|-unboost|p2a: Nihilego|spa|1\n|\n|upkeep\n|turn|26\n|\n|t:|1636854323\n|switch|p2a: Tsareena|Tsareena, F|100\/100\n|move|p1a: Clefable|Moonblast|p2a: Tsareena\n|-damage|p2a: Tsareena|65\/100\n|-unboost|p2a: Tsareena|spa|1\n|\n|upkeep\n|turn|27\n|\n|t:|1636854325\n|move|p2a: Tsareena|Power Whip|p1a: Clefable\n|-damage|p1a: Clefable|0 fnt\n|faint|p1a: Clefable\n|\n|upkeep\n|\n|t:|1636854329\n|switch|p1a: Blacephalon|Blacephalon|88\/100\n|turn|28\n|\n|t:|1636854334\n|move|p1a: Blacephalon|Substitute|p1a: Blacephalon\n|-start|p1a: Blacephalon|Substitute\n|-damage|p1a: Blacephalon|63\/100\n|move|p2a: Tsareena|Power Whip|p1a: Blacephalon\n|-resisted|p1a: Blacephalon\n|-end|p1a: Blacephalon|Substitute\n|\n|-heal|p1a: Blacephalon|69\/100|[from] item: Leftovers\n|upkeep\n|turn|29\n|\n|t:|1636854338\n|move|p1a: Blacephalon|Flamethrower|p2a: Tsareena\n|-supereffective|p2a: Tsareena\n|-damage|p2a: Tsareena|0 fnt\n|faint|p2a: Tsareena\n|-ability|p1a: Blacephalon|Beast Boost|boost\n|-boost|p1a: Blacephalon|spa|1\n|\n|-heal|p1a: Blacephalon|75\/100|[from] item: Leftovers\n|upkeep\n|\n|t:|1636854340\n|switch|p2a: Nihilego|Nihilego|83\/100\n|turn|30\n|\n|t:|1636854343\n|move|p2a: Nihilego|Power Gem|p1a: Blacephalon\n|-supereffective|p1a: Blacephalon\n|-damage|p1a: Blacephalon|0 fnt\n|faint|p1a: Blacephalon\n|-ability|p2a: Nihilego|Beast Boost|boost\n|-boost|p2a: Nihilego|spa|1\n|\n|upkeep\n|c|\u2606LudwigFrog|damn gg\n|c|\u2606DepizWasTaken|gg\n|\n|t:|1636854357\n|switch|p1a: Greninja|Greninja, M|16\/100\n|turn|31\n|l| MrGardnHose\n|\n|t:|1636854369\n|move|p2a: Nihilego|Power Gem|p1a: Greninja\n|-damage|p1a: Greninja|0 fnt\n|faint|p1a: Greninja\n|-ability|p2a: Nihilego|Beast Boost|boost\n|-boost|p2a: Nihilego|spa|1\n|\n|upkeep\n|c|\u2606LudwigFrog|damn banded greninja was only for hoopa lol\n|\n|t:|1636854378\n|switch|p1a: Skarmory|Skarmory, F|57\/100\n|turn|32\n|c| DJSen|ash gren with no shuriken?\n|\n|t:|1636854389\n|move|p2a: Nihilego|Power Gem|p1a: Skarmory\n|-damage|p1a: Skarmory|0 fnt\n|faint|p1a: Skarmory\n|\n|win|DepizWasTaken\n","uploadtime":1636854390,"views":66,"p1id":"ludwigfrog","p2id":"depizwastaken","formatid":"gen8nationaldexlegacy","rating":0,"private":0,"password":null}