{"id":"sports-gen8nationaldexdraft-417076","p1":"DjezzeMwoan","p2":"daveyx","format":"gen8nationaldexdraft","log":"|j|\u2606DjezzeMwoan\n|j|\u2606daveyx\n|t:|1621791702\n|gametype|singles\n|player|p1|DjezzeMwoan|52|\n|player|p2|daveyx|benga|\n|teamsize|p1|6\n|teamsize|p2|6\n|gen|8\n|tier|[Gen 8] National Dex Draft\n|rule|Sleep Clause Mod: Limit one foe put to sleep\n|rule|OHKO Clause: OHKO moves are banned\n|rule|Evasion Moves Clause: Evasion moves are banned\n|rule|Endless Battle Clause: Forcing endless battles is banned\n|rule|HP Percentage Mod: HP is shown in percentages\n|rule|Dynamax Clause: You cannot dynamax\n|clearpoke\n|poke|p1|Gurdurr, M|\n|poke|p1|Victini|\n|poke|p1|Rotom-Wash|\n|poke|p1|Sylveon, M|\n|poke|p1|Drapion, M|\n|poke|p1|Tornadus-Therian, M|\n|poke|p2|Diancie|\n|poke|p2|Type: Null|\n|poke|p2|Vikavolt, M|\n|poke|p2|Urshifu-*, M|\n|poke|p2|Gengar, F|\n|poke|p2|Charizard, M|\n|teampreview\n|html|<button name=\"send\" class=\"button\" value=\"\/timer ds\"><i class=\"fa fa-hourglass-start\"><\/i> DS Timer<\/button> <button name=\"send\" class=\"button\" value=\"\/timer smogon\"><i class=\"fa fa-hourglass-start\"><\/i> Smogon Timer<\/button>\n|c|\u2606DjezzeMwoan|glhf\n|c|\u2606DjezzeMwoan|o fuck\n|c|\u2606DjezzeMwoan|its the type null\n|c|\u2606DjezzeMwoan|broken mon\n|c|\u2606daveyx|ahaha\n|c|\u2606daveyx|glhf\n|c|\u2606DjezzeMwoan|idek how many times ive lost to that in randbats\n|\n|t:|1621791820\n|start\n|switch|p1a: SNORlaxx|Tornadus-Therian, M|100\/100\n|switch|p2a: Rose|Diancie|100\/100\n|turn|1\n|\n|t:|1621791839\n|move|p1a: SNORlaxx|Iron Tail|p2a: Rose\n|-supereffective|p2a: Rose\n|-damage|p2a: Rose|45\/100\n|move|p2a: Rose|Diamond Storm|p1a: SNORlaxx\n|-supereffective|p1a: SNORlaxx\n|-damage|p1a: SNORlaxx|18\/100\n|\n|-heal|p2a: Rose|51\/100|[from] item: Leftovers\n|upkeep\n|turn|2\n|c|\u2606DjezzeMwoan|that does 0\n|c|\u2606DjezzeMwoan|damn\n|c|\u2606DjezzeMwoan|why is diancie so thicc\n|\n|t:|1621791885\n|switch|p2a: Taser|Vikavolt, M|100\/100\n|move|p1a: SNORlaxx|U-turn|p2a: Taser\n|-damage|p2a: Taser|88\/100\n|\n|t:|1621791890\n|switch|p1a: Vikkie stoken|Victini|100\/100|[from]move: U-turn\n|\n|upkeep\n|turn|3\n|\n|t:|1621791906\n|switch|p2a: Rose|Diancie|51\/100\n|move|p1a: Vikkie stoken|V-create|p2a: Rose\n|-resisted|p2a: Rose\n|-damage|p2a: Rose|28\/100\n|-unboost|p1a: Vikkie stoken|spe|1\n|-unboost|p1a: Vikkie stoken|def|1\n|-unboost|p1a: Vikkie stoken|spd|1\n|\n|-heal|p2a: Rose|34\/100|[from] item: Leftovers\n|upkeep\n|turn|4\n|\n|t:|1621791923\n|move|p1a: Vikkie stoken|U-turn|p2a: Rose\n|-resisted|p2a: Rose\n|-damage|p2a: Rose|28\/100\n|\n|t:|1621791926\n|switch|p1a: MLG Popplio|Drapion, M|100\/100|[from]move: U-turn\n|move|p2a: Rose|Rest|p2a: Rose\n|-status|p2a: Rose|slp|[from] move: Rest\n|-heal|p2a: Rose|100\/100 slp|[silent]\n|\n|upkeep\n|turn|5\n|\n|t:|1621791976\n|switch|p1a: SNORlaxx|Tornadus-Therian, M|51\/100\n|switch|p2a: Taser|Vikavolt, M|88\/100\n|\n|upkeep\n|turn|6\n|\n|t:|1621791985\n|move|p1a: SNORlaxx|U-turn|p2a: Taser\n|-crit|p2a: Taser\n|-damage|p2a: Taser|71\/100\n|\n|t:|1621791988\n|switch|p1a: IFC|Sylveon, M|100\/100|[from]move: U-turn\n|move|p2a: Taser|Sticky Web|p1a: IFC\n|-sidestart|p1: DjezzeMwoan|move: Sticky Web\n|\n|upkeep\n|turn|7\n|\n|t:|1621792002\n|switch|p2a: Gemini|Type: Null|100\/100\n|move|p1a: IFC|Mystical Fire|p2a: Gemini\n|-damage|p2a: Gemini|93\/100\n|-unboost|p2a: Gemini|spa|1\n|\n|upkeep\n|turn|8\n|\n|t:|1621792019\n|switch|p1a: gymma|Gurdurr, M|100\/100\n|-activate|p1a: gymma|move: Sticky Web\n|-unboost|p1a: gymma|spe|1\n|move|p2a: Gemini|U-turn|p1a: gymma\n|-resisted|p1a: gymma\n|-damage|p1a: gymma|97\/100\n|\n|t:|1621792055\n|switch|p2a: Seeker|Charizard, M|100\/100|[from]move: U-turn\n|\n|upkeep\n|turn|9\n|\n|t:|1621792084\n|switch|p1a: Vikkie stoken|Victini|100\/100\n|-activate|p1a: Vikkie stoken|move: Sticky Web\n|-unboost|p1a: Vikkie stoken|spe|1\n|detailschange|p2a: Seeker|Charizard-Mega-Y, M\n|-mega|p2a: Seeker|Charizard|Charizardite Y\n|-weather|SunnyDay|[from] ability: Drought|[of] p2a: Seeker\n|move|p2a: Seeker|Fire Blast|p1a: Vikkie stoken\n|-resisted|p1a: Vikkie stoken\n|-damage|p1a: Vikkie stoken|65\/100\n|\n|-weather|SunnyDay|[upkeep]\n|upkeep\n|turn|10\n|\n|t:|1621792109\n|switch|p2a: Rose|Diancie|100\/100 slp\n|move|p1a: Vikkie stoken|Bolt Strike|p2a: Rose|[miss]\n|-miss|p1a: Vikkie stoken|p2a: Rose\n|\n|-weather|SunnyDay|[upkeep]\n|upkeep\n|turn|11\n|\n|t:|1621792115\n|move|p1a: Vikkie stoken|U-turn|p2a: Rose\n|-resisted|p2a: Rose\n|-damage|p2a: Rose|95\/100 slp\n|\n|t:|1621792130\n|switch|p1a: SNORlaxx|Tornadus-Therian, M|84\/100|[from]move: U-turn\n|cant|p2a: Rose|slp\n|move|p2a: Rose|Sleep Talk|p2a: Rose\n|move|p2a: Rose|Diamond Storm|p1a: SNORlaxx|[from]move: Sleep Talk\n|-supereffective|p1a: SNORlaxx\n|-damage|p1a: SNORlaxx|0 fnt\n|faint|p1a: SNORlaxx\n|\n|-weather|SunnyDay|[upkeep]\n|-heal|p2a: Rose|100\/100 slp|[from] item: Leftovers\n|upkeep\n|\n|t:|1621792138\n|switch|p1a: MLG Popplio|Drapion, M|100\/100\n|-activate|p1a: MLG Popplio|move: Sticky Web\n|-unboost|p1a: MLG Popplio|spe|1\n|turn|12\n|\n|t:|1621792158\n|move|p1a: MLG Popplio|Knock Off|p2a: Rose\n|-resisted|p2a: Rose\n|-damage|p2a: Rose|91\/100 slp\n|-enditem|p2a: Rose|Leftovers|[from] move: Knock Off|[of] p1a: MLG Popplio\n|cant|p2a: Rose|slp\n|move|p2a: Rose|Sleep Talk|p2a: Rose\n|move|p2a: Rose|Rest||[from]move: Sleep Talk|[still]\n|-fail|p2a: Rose\n|\n|-weather|SunnyDay|[upkeep]\n|upkeep\n|turn|13\n|\n|t:|1621792181\n|switch|p1a: Douchen|Rotom-Wash|100\/100\n|-curestatus|p2a: Rose|slp|[msg]\n|move|p2a: Rose|Diamond Storm|p1a: Douchen\n|-damage|p1a: Douchen|63\/100\n|\n|-weather|none\n|-heal|p1a: Douchen|69\/100|[from] item: Leftovers\n|upkeep\n|turn|14\n|\n|t:|1621792211\n|move|p1a: Douchen|Hydro Pump|p2a: Rose\n|-supereffective|p2a: Rose\n|-damage|p2a: Rose|31\/100\n|move|p2a: Rose|Diamond Storm|p1a: Douchen\n|-damage|p1a: Douchen|34\/100\n|\n|-heal|p1a: Douchen|40\/100|[from] item: Leftovers\n|upkeep\n|turn|15\n|\n|t:|1621792220\n|switch|p2a: Gemini|Type: Null|93\/100\n|move|p1a: Douchen|Discharge|p2a: Gemini\n|-damage|p2a: Gemini|81\/100\n|-status|p2a: Gemini|par\n|\n|-heal|p1a: Douchen|47\/100|[from] item: Leftovers\n|upkeep\n|turn|16\n|\n|t:|1621792229\n|switch|p1a: Vikkie stoken|Victini|65\/100\n|-activate|p1a: Vikkie stoken|move: Sticky Web\n|-unboost|p1a: Vikkie stoken|spe|1\n|cant|p2a: Gemini|par\n|\n|upkeep\n|turn|17\n|\n|t:|1621792275\n|move|p1a: Vikkie stoken|U-turn|p2a: Gemini\n|-damage|p2a: Gemini|68\/100 par\n|\n|t:|1621792280\n|switch|p1a: MLG Popplio|Drapion, M|100\/100|[from]move: U-turn\n|-activate|p1a: MLG Popplio|move: Sticky Web\n|-unboost|p1a: MLG Popplio|spe|1\n|move|p2a: Gemini|Rest|p2a: Gemini\n|-status|p2a: Gemini|slp|[from] move: Rest\n|-heal|p2a: Gemini|100\/100 slp|[silent]\n|\n|upkeep\n|turn|18\n|\n|t:|1621792291\n|switch|p2a: Rose|Diancie|31\/100\n|move|p1a: MLG Popplio|Rock Slide|p2a: Rose\n|-damage|p2a: Rose|21\/100\n|\n|upkeep\n|turn|19\n|\n|t:|1621792300\n|move|p1a: MLG Popplio|Earthquake|p2a: Rose\n|-supereffective|p2a: Rose\n|-damage|p2a: Rose|0 fnt\n|faint|p2a: Rose\n|\n|upkeep\n|\n|t:|1621792384\n|switch|p2a: Parker|Urshifu, M|100\/100\n|turn|20\n|\n|t:|1621792390\n|switch|p1a: gymma|Gurdurr, M|97\/100\n|-activate|p1a: gymma|move: Sticky Web\n|-unboost|p1a: gymma|spe|1\n|move|p2a: Parker|Close Combat|p1a: gymma\n|-damage|p1a: gymma|43\/100\n|-unboost|p2a: Parker|def|1\n|-unboost|p2a: Parker|spd|1\n|\n|upkeep\n|turn|21\n|\n|t:|1621792423\n|switch|p1a: IFC|Sylveon, M|100\/100\n|-activate|p1a: IFC|move: Sticky Web\n|-unboost|p1a: IFC|spe|1\n|move|p2a: Parker|Close Combat|p1a: IFC\n|-resisted|p1a: IFC\n|-damage|p1a: IFC|38\/100\n|-unboost|p2a: Parker|def|1\n|-unboost|p2a: Parker|spd|1\n|\n|-heal|p1a: IFC|44\/100|[from] item: Leftovers\n|upkeep\n|turn|22\n|c|\u2606DjezzeMwoan|gg\n|\n|t:|1621792433\n|move|p2a: Parker|Close Combat|p1a: IFC\n|-resisted|p1a: IFC\n|-damage|p1a: IFC|0 fnt\n|-unboost|p2a: Parker|def|1\n|-unboost|p2a: Parker|spd|1\n|faint|p1a: IFC\n|\n|upkeep\n|c|\u2606DjezzeMwoan|that sleep talk was rough\n|\n|t:|1621792439\n|switch|p1a: Vikkie stoken|Victini|65\/100\n|-activate|p1a: Vikkie stoken|move: Sticky Web\n|-unboost|p1a: Vikkie stoken|spe|1\n|turn|23\n|\n|t:|1621792451\n|switch|p2a: Taser|Vikavolt, M|71\/100\n|move|p1a: Vikkie stoken|V-create|p2a: Taser\n|-supereffective|p2a: Taser\n|-damage|p2a: Taser|0 fnt\n|-unboost|p1a: Vikkie stoken|spe|1\n|-unboost|p1a: Vikkie stoken|def|1\n|-unboost|p1a: Vikkie stoken|spd|1\n|faint|p2a: Taser\n|\n|upkeep\n|\n|t:|1621792471\n|switch|p2a: Parker|Urshifu, M|100\/100\n|turn|24\n|\n|t:|1621792478\n|switch|p1a: Douchen|Rotom-Wash|47\/100\n|move|p2a: Parker|Close Combat|p1a: Douchen\n|-damage|p1a: Douchen|0 fnt\n|-unboost|p2a: Parker|def|1\n|-unboost|p2a: Parker|spd|1\n|faint|p1a: Douchen\n|\n|upkeep\n|\n|t:|1621792485\n|switch|p1a: Vikkie stoken|Victini|65\/100\n|-activate|p1a: Vikkie stoken|move: Sticky Web\n|-unboost|p1a: Vikkie stoken|spe|1\n|turn|25\n|\n|t:|1621792491\n|switch|p2a: Seeker|Charizard-Mega-Y, M|100\/100\n|-weather|SunnyDay|[from] ability: Drought|[of] p2a: Seeker\n|move|p1a: Vikkie stoken|Bolt Strike|p2a: Seeker\n|-supereffective|p2a: Seeker\n|-damage|p2a: Seeker|0 fnt\n|faint|p2a: Seeker\n|\n|-weather|SunnyDay|[upkeep]\n|upkeep\n|\n|t:|1621792499\n|switch|p2a: Parker|Urshifu, M|100\/100\n|turn|26\n|\n|t:|1621792505\n|switch|p1a: MLG Popplio|Drapion, M|100\/100\n|-activate|p1a: MLG Popplio|move: Sticky Web\n|-unboost|p1a: MLG Popplio|spe|1\n|move|p2a: Parker|Wicked Blow|p1a: MLG Popplio\n|-resisted|p1a: MLG Popplio\n|-crit|p1a: MLG Popplio\n|-damage|p1a: MLG Popplio|57\/100\n|\n|-weather|SunnyDay|[upkeep]\n|-heal|p1a: MLG Popplio|63\/100|[from] item: Black Sludge\n|upkeep\n|turn|27\n|\n|t:|1621792538\n|switch|p1a: gymma|Gurdurr, M|43\/100\n|-activate|p1a: gymma|move: Sticky Web\n|-unboost|p1a: gymma|spe|1\n|move|p2a: Parker|Wicked Blow|p1a: gymma\n|-resisted|p1a: gymma\n|-crit|p1a: gymma\n|-damage|p1a: gymma|16\/100\n|\n|-weather|SunnyDay|[upkeep]\n|upkeep\n|turn|28\n|\n|t:|1621792546\n|move|p2a: Parker|Wicked Blow|p1a: gymma\n|-resisted|p1a: gymma\n|-crit|p1a: gymma\n|-damage|p1a: gymma|0 fnt\n|faint|p1a: gymma\n|\n|-weather|SunnyDay|[upkeep]\n|upkeep\n|\n|t:|1621792549\n|switch|p1a: MLG Popplio|Drapion, M|63\/100\n|-activate|p1a: MLG Popplio|move: Sticky Web\n|-unboost|p1a: MLG Popplio|spe|1\n|turn|29\n|\n|t:|1621792553\n|move|p2a: Parker|Wicked Blow|p1a: MLG Popplio\n|-resisted|p1a: MLG Popplio\n|-crit|p1a: MLG Popplio\n|-damage|p1a: MLG Popplio|19\/100\n|move|p1a: MLG Popplio|Earthquake|p2a: Parker\n|-damage|p2a: Parker|81\/100\n|\n|-weather|none\n|-heal|p1a: MLG Popplio|25\/100|[from] item: Black Sludge\n|upkeep\n|turn|30\n|c|\u2606DjezzeMwoan|gg\n|\n|t:|1621792558\n|move|p2a: Parker|Wicked Blow|p1a: MLG Popplio\n|-resisted|p1a: MLG Popplio\n|-crit|p1a: MLG Popplio\n|-damage|p1a: MLG Popplio|0 fnt\n|faint|p1a: MLG Popplio\n|\n|upkeep\n|c|\u2606daveyx|gg\n|\n|t:|1621792562\n|switch|p1a: Vikkie stoken|Victini|65\/100\n|-activate|p1a: Vikkie stoken|move: Sticky Web\n|-unboost|p1a: Vikkie stoken|spe|1\n|turn|31\n|\n|t:|1621792563\n|move|p2a: Parker|Wicked Blow|p1a: Vikkie stoken\n|-supereffective|p1a: Vikkie stoken\n|-crit|p1a: Vikkie stoken\n|-damage|p1a: Vikkie stoken|0 fnt\n|faint|p1a: Vikkie stoken\n|\n|win|daveyx\n|l|\u2606DjezzeMwoan\n","uploadtime":1621792576,"views":29,"p1id":"djezzemwoan","p2id":"daveyx","formatid":"gen8nationaldexdraft","rating":0,"private":0,"password":null}