{"id":"sports-gen8nationaldexdlclegacy-381163","p1":"TehranTyphlosions","p2":"EGAKecleons","format":"gen8nationaldexdlclegacy","log":"|j|\u2606TehranTyphlosions\n|j|\u2606EGAKecleons\n|t:|1617574512\n|player|p1|TehranTyphlosions|clair|\n|player|p2|EGAKecleons|egakecleons.png|\n|teamsize|p1|6\n|teamsize|p2|6\n|gametype|singles\n|gen|8\n|tier|[Gen 8] National Dex DLC Legacy\n|rule|Sleep Clause Mod: Limit one foe put to sleep\n|rule|OHKO Clause: OHKO moves are banned\n|rule|Evasion Moves Clause: Evasion moves are banned\n|rule|Endless Battle Clause: Forcing endless battles is banned\n|rule|HP Percentage Mod: HP is shown in percentages\n|clearpoke\n|poke|p1|Victini|\n|poke|p1|Spiritomb, M|\n|poke|p1|Milotic, M|\n|poke|p1|Zygarde|\n|poke|p1|Darmanitan-Galar, M|\n|poke|p1|Celesteela|\n|poke|p2|Mawile, F|\n|poke|p2|Landorus-Therian, M|\n|poke|p2|Deoxys-Defense|\n|poke|p2|Toxapex, M|\n|poke|p2|Gourgeist-*, M|\n|poke|p2|Lycanroc-Dusk, M|\n|rule|Dynamax Clause: You cannot dynamax\n|teampreview\n|html|<button name=\"send\" class=\"button\" value=\"\/timer ds\"><i class=\"fa fa-hourglass-start\"><\/i> DS Timer<\/button> <button name=\"send\" class=\"button\" value=\"\/timer smogon\"><i class=\"fa fa-hourglass-start\"><\/i> Smogon Timer<\/button>\n|c|\u2606EGAKecleons|hf man\n|c|\u2606TehranTyphlosions|gl\n|c|\u2606TehranTyphlosions|you too\n|j| EGADrifblims\n|j| PorygonTheBot\n|c| PorygonTheBot|I'm here now, the battle can get started!\n|j| Bananacrazy111\n|j| EGAZerra\n|c| Bananacrazy111|kec why is ur team so orange\n|j| EGAHydreigons\n|j| pinorska\n|j| DevilShinra\n|j| Birkenstock\n|c|\u2606EGAKecleons|orange you glad to see my game?\n|c| EGAZerra|Kec is an orange\n|\n|t:|1617574574\n|start\n|switch|p1a: Milotic|Milotic, M, shiny|100\/100\n|switch|p2a: Lycanroc|Lycanroc-Dusk, M|100\/100\n|turn|1\n|\n|t:|1617574582\n|switch|p2a: Toxapex|Toxapex, M|100\/100\n|move|p1a: Milotic|Flip Turn|p2a: Toxapex\n|-resisted|p2a: Toxapex\n|-damage|p2a: Toxapex|97\/100\n|-damage|p1a: Milotic|84\/100|[from] item: Rocky Helmet|[of] p2a: Toxapex\n|j| Major Come Back\n|\n|t:|1617574627\n|switch|p1a: Victini|Victini|100\/100|[from]move: Flip Turn\n|\n|upkeep\n|turn|2\n|\n|t:|1617574643\n|switch|p2a: Deoxys|Deoxys-Defense|100\/100\n|-ability|p2a: Deoxys|Pressure\n|move|p1a: Victini|Psychic|p2a: Deoxys\n|-resisted|p2a: Deoxys\n|-damage|p2a: Deoxys|79\/100\n|\n|-heal|p2a: Deoxys|86\/100|[from] item: Leftovers\n|upkeep\n|turn|3\n|\n|t:|1617574653\n|switch|p1a: Spiritomb|Spiritomb, M, shiny|100\/100\n|move|p2a: Deoxys|Spikes|p1a: Spiritomb\n|-sidestart|p1: TehranTyphlosions|Spikes\n|\n|-heal|p2a: Deoxys|92\/100|[from] item: Leftovers\n|upkeep\n|turn|4\n|l| EGAZerra\n|\n|t:|1617574662\n|switch|p2a: Toxapex|Toxapex, M|100\/100\n|move|p1a: Spiritomb|Shadow Ball|p2a: Toxapex\n|-damage|p2a: Toxapex|54\/100\n|\n|upkeep\n|turn|5\n|\n|t:|1617574672\n|move|p1a: Spiritomb|Shadow Ball|p2a: Toxapex\n|-damage|p2a: Toxapex|5\/100\n|move|p2a: Toxapex|Knock Off|p1a: Spiritomb\n|-damage|p1a: Spiritomb|87\/100\n|-enditem|p1a: Spiritomb|Choice Specs|[from] move: Knock Off|[of] p2a: Toxapex\n|\n|upkeep\n|turn|6\n|\n|t:|1617574683\n|switch|p2a: Mawile|Mawile, F|100\/100\n|move|p1a: Spiritomb|Shadow Ball|p2a: Mawile\n|-damage|p2a: Mawile|24\/100\n|\n|upkeep\n|turn|7\n|\n|t:|1617574695\n|switch|p1a: Celesteela|Celesteela|100\/100\n|detailschange|p2a: Mawile|Mawile-Mega, F\n|-mega|p2a: Mawile|Mawile|Mawilite\n|move|p2a: Mawile|Play Rough|p1a: Celesteela\n|-resisted|p1a: Celesteela\n|-damage|p1a: Celesteela|75\/100\n|\n|-heal|p1a: Celesteela|81\/100|[from] item: Leftovers\n|upkeep\n|turn|8\n|\n|t:|1617574704\n|move|p2a: Mawile|Thunder Punch|p1a: Celesteela\n|-supereffective|p1a: Celesteela\n|-damage|p1a: Celesteela|19\/100\n|-status|p1a: Celesteela|par\n|move|p1a: Celesteela|Flamethrower|p2a: Mawile\n|-supereffective|p2a: Mawile\n|-damage|p2a: Mawile|0 fnt\n|faint|p2a: Mawile\n|-ability|p1a: Celesteela|Beast Boost|boost\n|-boost|p1a: Celesteela|def|1\n|\n|-heal|p1a: Celesteela|25\/100 par|[from] item: Leftovers\n|upkeep\n|\n|t:|1617574713\n|switch|p2a: Landorus|Landorus-Therian, M|100\/100\n|-ability|p2a: Landorus|Intimidate|boost\n|-unboost|p1a: Celesteela|atk|1\n|turn|9\n|c| Bananacrazy111|0-4 mawile!\n|\n|t:|1617574718\n|move|p2a: Landorus|Substitute|p2a: Landorus\n|-start|p2a: Landorus|Substitute\n|-damage|p2a: Landorus|76\/100\n|move|p1a: Celesteela|Leech Seed||[still]\n|-fail|p1a: Celesteela\n|\n|-heal|p2a: Landorus|82\/100|[from] item: Leftovers\n|-heal|p1a: Celesteela|31\/100 par|[from] item: Leftovers\n|upkeep\n|turn|10\n|c| EGADrifblims|0-4 maw 0-4 maw 0-4 maw\n|\n|t:|1617574778\n|move|p2a: Landorus|Gravity|p2a: Landorus\n|-fieldstart|move: Gravity\n|move|p1a: Celesteela|Iron Defense|p1a: Celesteela\n|-boost|p1a: Celesteela|def|2\n|\n|-heal|p2a: Landorus|88\/100|[from] item: Leftovers\n|-heal|p1a: Celesteela|37\/100 par|[from] item: Leftovers\n|upkeep\n|turn|11\n|\n|t:|1617574788\n|switch|p1a: Milotic|Milotic, M, shiny|84\/100\n|-damage|p1a: Milotic|72\/100|[from] Spikes\n|move|p2a: Landorus|Earthquake|p1a: Milotic\n|-damage|p1a: Milotic|36\/100\n|\n|-heal|p2a: Landorus|94\/100|[from] item: Leftovers\n|-status|p1a: Milotic|brn|[from] item: Flame Orb\n|upkeep\n|turn|12\n|\n|t:|1617574795\n|move|p2a: Landorus|Bulk Up|p2a: Landorus\n|-boost|p2a: Landorus|atk|1\n|-boost|p2a: Landorus|def|1\n|move|p1a: Milotic|Recover|p1a: Milotic\n|-heal|p1a: Milotic|86\/100 brn\n|\n|-heal|p2a: Landorus|99\/100|[from] item: Leftovers\n|-damage|p1a: Milotic|80\/100 brn|[from] brn\n|upkeep\n|turn|13\n|\n|t:|1617574801\n|move|p2a: Landorus|Earthquake|p1a: Milotic\n|-damage|p1a: Milotic|45\/100 brn\n|move|p1a: Milotic|Scald|p2a: Landorus\n|-supereffective|p2a: Landorus\n|-end|p2a: Landorus|Substitute\n|\n|-heal|p2a: Landorus|100\/100|[from] item: Leftovers\n|-damage|p1a: Milotic|39\/100 brn|[from] brn\n|upkeep\n|turn|14\n|\n|t:|1617574810\n|move|p2a: Landorus|Substitute|p2a: Landorus\n|-start|p2a: Landorus|Substitute\n|-damage|p2a: Landorus|76\/100\n|move|p1a: Milotic|Recover|p1a: Milotic\n|-heal|p1a: Milotic|89\/100 brn\n|\n|-heal|p2a: Landorus|82\/100|[from] item: Leftovers\n|-damage|p1a: Milotic|83\/100 brn|[from] brn\n|-fieldend|move: Gravity\n|upkeep\n|turn|15\n|\n|t:|1617574825\n|move|p2a: Landorus|Earthquake|p1a: Milotic\n|-damage|p1a: Milotic|48\/100 brn\n|move|p1a: Milotic|Scald|p2a: Landorus\n|-supereffective|p2a: Landorus\n|-end|p2a: Landorus|Substitute\n|\n|-heal|p2a: Landorus|88\/100|[from] item: Leftovers\n|-damage|p1a: Milotic|42\/100 brn|[from] brn\n|upkeep\n|turn|16\n|\n|t:|1617574832\n|move|p2a: Landorus|Bulk Up|p2a: Landorus\n|-boost|p2a: Landorus|atk|1\n|-boost|p2a: Landorus|def|1\n|move|p1a: Milotic|Recover|p1a: Milotic\n|-heal|p1a: Milotic|92\/100 brn\n|\n|-heal|p2a: Landorus|94\/100|[from] item: Leftovers\n|-damage|p1a: Milotic|86\/100 brn|[from] brn\n|upkeep\n|turn|17\n|\n|t:|1617574848\n|switch|p2a: Toxapex|Toxapex, M|39\/100\n|move|p1a: Milotic|Scald|p2a: Toxapex\n|-resisted|p2a: Toxapex\n|-crit|p2a: Toxapex\n|-damage|p2a: Toxapex|23\/100\n|\n|-damage|p1a: Milotic|79\/100 brn|[from] brn\n|upkeep\n|turn|18\n|\n|t:|1617574855\n|switch|p1a: Celesteela|Celesteela|37\/100 par\n|move|p2a: Toxapex|Toxic Spikes|p1a: Celesteela\n|-sidestart|p1: TehranTyphlosions|move: Toxic Spikes\n|\n|-heal|p1a: Celesteela|43\/100 par|[from] item: Leftovers\n|upkeep\n|turn|19\n|\n|t:|1617574862\n|switch|p2a: Gourgeist|Gourgeist-Large, M|100\/100\n|-item|p1a: Celesteela|Leftovers|[from] ability: Frisk|[of] p2a: Gourgeist|[identify]\n|cant|p1a: Celesteela|par\n|\n|-heal|p1a: Celesteela|49\/100 par|[from] item: Leftovers\n|upkeep\n|turn|20\n|c| Bananacrazy111|:snake:\n|\n|t:|1617574877\n|switch|p2a: Landorus|Landorus-Therian, M|94\/100\n|-ability|p2a: Landorus|Intimidate|boost\n|-unboost|p1a: Celesteela|atk|1\n|move|p1a: Celesteela|Flamethrower|p2a: Landorus\n|-damage|p2a: Landorus|70\/100\n|-status|p2a: Landorus|brn\n|\n|-heal|p2a: Landorus|76\/100 brn|[from] item: Leftovers\n|-heal|p1a: Celesteela|56\/100 par|[from] item: Leftovers\n|-damage|p2a: Landorus|70\/100 brn|[from] brn\n|upkeep\n|turn|21\n|c|\u2606TehranTyphlosions|sry\n|\n|t:|1617574892\n|move|p2a: Landorus|Gravity|p2a: Landorus\n|-fieldstart|move: Gravity\n|move|p1a: Celesteela|Iron Defense|p1a: Celesteela\n|-boost|p1a: Celesteela|def|2\n|\n|-heal|p2a: Landorus|76\/100 brn|[from] item: Leftovers\n|-heal|p1a: Celesteela|62\/100 par|[from] item: Leftovers\n|-damage|p2a: Landorus|70\/100 brn|[from] brn\n|upkeep\n|turn|22\n|\n|t:|1617574905\n|move|p2a: Landorus|Substitute|p2a: Landorus\n|-start|p2a: Landorus|Substitute\n|-damage|p2a: Landorus|45\/100 brn\n|cant|p1a: Celesteela|par\n|\n|-heal|p2a: Landorus|51\/100 brn|[from] item: Leftovers\n|-heal|p1a: Celesteela|68\/100 par|[from] item: Leftovers\n|-damage|p2a: Landorus|45\/100 brn|[from] brn\n|upkeep\n|turn|23\n|\n|t:|1617574910\n|move|p2a: Landorus|Bulk Up|p2a: Landorus\n|-boost|p2a: Landorus|atk|1\n|-boost|p2a: Landorus|def|1\n|cant|p1a: Celesteela|par\n|\n|-heal|p2a: Landorus|51\/100 brn|[from] item: Leftovers\n|-heal|p1a: Celesteela|74\/100 par|[from] item: Leftovers\n|-damage|p2a: Landorus|45\/100 brn|[from] brn\n|upkeep\n|turn|24\n|\n|t:|1617574916\n|move|p2a: Landorus|Earthquake|p1a: Celesteela\n|-supereffective|p1a: Celesteela\n|-damage|p1a: Celesteela|48\/100 par\n|move|p1a: Celesteela|Flamethrower|p2a: Landorus\n|-activate|p2a: Landorus|move: Substitute|[damage]\n|\n|-heal|p2a: Landorus|51\/100 brn|[from] item: Leftovers\n|-heal|p1a: Celesteela|54\/100 par|[from] item: Leftovers\n|-damage|p2a: Landorus|45\/100 brn|[from] brn\n|upkeep\n|turn|25\n|\n|t:|1617574925\n|move|p2a: Landorus|Earthquake|p1a: Celesteela\n|-supereffective|p1a: Celesteela\n|-damage|p1a: Celesteela|30\/100 par\n|move|p1a: Celesteela|Flamethrower|p2a: Landorus\n|-end|p2a: Landorus|Substitute\n|\n|-heal|p2a: Landorus|51\/100 brn|[from] item: Leftovers\n|-heal|p1a: Celesteela|36\/100 par|[from] item: Leftovers\n|-damage|p2a: Landorus|45\/100 brn|[from] brn\n|-fieldend|move: Gravity\n|upkeep\n|turn|26\n|\n|t:|1617574930\n|move|p2a: Landorus|Substitute|p2a: Landorus\n|-start|p2a: Landorus|Substitute\n|-damage|p2a: Landorus|20\/100 brn\n|cant|p1a: Celesteela|par\n|\n|-heal|p2a: Landorus|26\/100 brn|[from] item: Leftovers\n|-heal|p1a: Celesteela|42\/100 par|[from] item: Leftovers\n|-damage|p2a: Landorus|20\/100 brn|[from] brn\n|upkeep\n|turn|27\n|\n|t:|1617574933\n|switch|p1a: Milotic|Milotic, M, shiny|79\/100 brn\n|-damage|p1a: Milotic|67\/100 brn|[from] Spikes\n|move|p2a: Landorus|Gravity|p2a: Landorus\n|-fieldstart|move: Gravity\n|\n|-heal|p2a: Landorus|26\/100 brn|[from] item: Leftovers\n|-damage|p2a: Landorus|20\/100 brn|[from] brn\n|-damage|p1a: Milotic|61\/100 brn|[from] brn\n|upkeep\n|turn|28\n|\n|t:|1617574943\n|move|p2a: Landorus|Earthquake|p1a: Milotic\n|-damage|p1a: Milotic|42\/100 brn\n|move|p1a: Milotic|Recover|p1a: Milotic\n|-heal|p1a: Milotic|92\/100 brn\n|\n|-heal|p2a: Landorus|26\/100 brn|[from] item: Leftovers\n|-damage|p2a: Landorus|20\/100 brn|[from] brn\n|-damage|p1a: Milotic|86\/100 brn|[from] brn\n|upkeep\n|turn|29\n|\n|t:|1617574962\n|switch|p2a: Toxapex|Toxapex, M|56\/100\n|move|p1a: Milotic|Scald|p2a: Toxapex\n|-resisted|p2a: Toxapex\n|-crit|p2a: Toxapex\n|-damage|p2a: Toxapex|40\/100\n|-status|p2a: Toxapex|brn\n|\n|-damage|p1a: Milotic|80\/100 brn|[from] brn\n|-damage|p2a: Toxapex|34\/100 brn|[from] brn\n|upkeep\n|turn|30\n|\n|t:|1617574974\n|switch|p1a: Celesteela|Celesteela|42\/100 par\n|-damage|p1a: Celesteela|30\/100 par|[from] Spikes\n|move|p2a: Toxapex|Knock Off|p1a: Celesteela\n|-damage|p1a: Celesteela|25\/100 par\n|-enditem|p1a: Celesteela|Leftovers|[from] move: Knock Off|[of] p2a: Toxapex\n|\n|-damage|p2a: Toxapex|28\/100 brn|[from] brn\n|upkeep\n|turn|31\n|\n|t:|1617574985\n|switch|p2a: Landorus|Landorus-Therian, M|20\/100 brn\n|-ability|p2a: Landorus|Intimidate|boost\n|-unboost|p1a: Celesteela|atk|1\n|move|p1a: Celesteela|Leech Seed|p2a: Landorus\n|-start|p2a: Landorus|move: Leech Seed\n|\n|-heal|p2a: Landorus|26\/100 brn|[from] item: Leftovers\n|-damage|p2a: Landorus|14\/100 brn|[from] Leech Seed|[of] p1a: Celesteela\n|-heal|p1a: Celesteela|38\/100 par|[silent]\n|-damage|p2a: Landorus|8\/100 brn|[from] brn\n|-fieldend|move: Gravity\n|upkeep\n|turn|32\n|j| TeamDaniel\n|\n|t:|1617574993\n|move|p2a: Landorus|Gravity|p2a: Landorus\n|-fieldstart|move: Gravity\n|cant|p1a: Celesteela|par\n|\n|-heal|p2a: Landorus|14\/100 brn|[from] item: Leftovers\n|-damage|p2a: Landorus|2\/100 brn|[from] Leech Seed|[of] p1a: Celesteela\n|-heal|p1a: Celesteela|50\/100 par|[silent]\n|-damage|p2a: Landorus|0 fnt|[from] brn\n|faint|p2a: Landorus\n|upkeep\n|\n|t:|1617575010\n|switch|p2a: Lycanroc|Lycanroc-Dusk, M|100\/100\n|turn|33\n|\n|t:|1617575035\n|move|p2a: Lycanroc|Close Combat|p1a: Celesteela\n|-damage|p1a: Celesteela|0 fnt\n|-unboost|p2a: Lycanroc|def|1\n|-unboost|p2a: Lycanroc|spd|1\n|faint|p1a: Celesteela\n|\n|upkeep\n|\n|t:|1617575064\n|switch|p1a: Milotic|Milotic, M, shiny|80\/100 brn\n|-damage|p1a: Milotic|68\/100 brn|[from] Spikes\n|turn|34\n|\n|t:|1617575075\n|switch|p2a: Toxapex|Toxapex, M|61\/100 brn\n|move|p1a: Milotic|Flip Turn|p2a: Toxapex\n|-resisted|p2a: Toxapex\n|-damage|p2a: Toxapex|60\/100 brn\n|-damage|p1a: Milotic|51\/100 brn|[from] item: Rocky Helmet|[of] p2a: Toxapex\n|\n|t:|1617575092\n|switch|p1a: Victini|Victini|100\/100|[from]move: Flip Turn\n|-status|p1a: Victini|psn\n|-damage|p1a: Victini|88\/100 psn|[from] Spikes\n|\n|-damage|p1a: Victini|76\/100 psn|[from] psn\n|-damage|p2a: Toxapex|54\/100 brn|[from] brn\n|upkeep\n|turn|35\n|c| Bananacrazy111|BIG CHIP\n|c| Major Come Back|I\u2019ve never seen 1% in my life\n|\n|t:|1617575101\n|switch|p2a: Deoxys|Deoxys-Defense|92\/100\n|-ability|p2a: Deoxys|Pressure\n|move|p1a: Victini|Psychic|p2a: Deoxys\n|-resisted|p2a: Deoxys\n|-damage|p2a: Deoxys|72\/100\n|\n|-heal|p2a: Deoxys|78\/100|[from] item: Leftovers\n|-damage|p1a: Victini|64\/100 psn|[from] psn\n|upkeep\n|turn|36\n|c| Major Come Back|Holy shit \n|\n|t:|1617575118\n|switch|p1a: Spiritomb|Spiritomb, M, shiny|87\/100\n|-status|p1a: Spiritomb|psn\n|-damage|p1a: Spiritomb|75\/100 psn|[from] Spikes\n|move|p2a: Deoxys|Spikes|p1a: Spiritomb\n|-sidestart|p1: TehranTyphlosions|Spikes\n|\n|-heal|p2a: Deoxys|84\/100|[from] item: Leftovers\n|-damage|p1a: Spiritomb|62\/100 psn|[from] psn\n|-fieldend|move: Gravity\n|upkeep\n|turn|37\n|\n|t:|1617575139\n|move|p2a: Deoxys|Spikes|p1a: Spiritomb\n|-sidestart|p1: TehranTyphlosions|Spikes\n|move|p1a: Spiritomb|Shadow Ball|p2a: Deoxys\n|-supereffective|p2a: Deoxys\n|-damage|p2a: Deoxys|30\/100\n|\n|-heal|p2a: Deoxys|36\/100|[from] item: Leftovers\n|-damage|p1a: Spiritomb|50\/100 psn|[from] psn\n|upkeep\n|turn|38\n|\n|t:|1617575144\n|move|p2a: Deoxys|Recover|p2a: Deoxys\n|-heal|p2a: Deoxys|86\/100\n|move|p1a: Spiritomb|Shadow Ball|p2a: Deoxys\n|-supereffective|p2a: Deoxys\n|-damage|p2a: Deoxys|32\/100\n|\n|-heal|p2a: Deoxys|39\/100|[from] item: Leftovers\n|-damage|p1a: Spiritomb|38\/100 psn|[from] psn\n|upkeep\n|turn|39\n|\n|t:|1617575150\n|switch|p2a: Toxapex|Toxapex, M|87\/100 brn\n|move|p1a: Spiritomb|Shadow Ball|p2a: Toxapex\n|-damage|p2a: Toxapex|55\/100 brn\n|\n|-damage|p1a: Spiritomb|26\/100 psn|[from] psn\n|-damage|p2a: Toxapex|49\/100 brn|[from] brn\n|upkeep\n|turn|40\n|\n|t:|1617575157\n|move|p2a: Toxapex|Recover|p2a: Toxapex\n|-heal|p2a: Toxapex|99\/100 brn\n|move|p1a: Spiritomb|Dark Pulse|p2a: Toxapex\n|-damage|p2a: Toxapex|67\/100 brn\n|\n|-damage|p1a: Spiritomb|13\/100 psn|[from] psn\n|-damage|p2a: Toxapex|61\/100 brn|[from] brn\n|upkeep\n|turn|41\n|\n|t:|1617575163\n|move|p2a: Toxapex|Recover|p2a: Toxapex\n|-heal|p2a: Toxapex|100\/100 brn\n|move|p1a: Spiritomb|Trick|p2a: Toxapex\n|-activate|p1a: Spiritomb|move: Trick|[of] p2a: Toxapex\n|-enditem|p2a: Toxapex|Rocky Helmet|[silent]|[from] move: Trick\n|-item|p1a: Spiritomb|Rocky Helmet|[from] move: Trick\n|\n|-damage|p1a: Spiritomb|1\/100 psn|[from] psn\n|-damage|p2a: Toxapex|95\/100 brn|[from] brn\n|upkeep\n|turn|42\n|\n|t:|1617575174\n|move|p2a: Toxapex|Knock Off|p1a: Spiritomb\n|-damage|p1a: Spiritomb|0 fnt\n|-damage|p2a: Toxapex|78\/100 brn|[from] item: Rocky Helmet|[of] p1a: Spiritomb\n|-enditem|p1a: Spiritomb|Rocky Helmet|[from] move: Knock Off|[of] p2a: Toxapex\n|faint|p1a: Spiritomb\n|\n|-damage|p2a: Toxapex|72\/100 brn|[from] brn\n|upkeep\n|c|\u2606EGAKecleons|wait\n|c|\u2606EGAKecleons|im retarded\n|c|\u2606EGAKecleons|.\n|c|\u2606EGAKecleons|i skipped turns\n|c|\u2606EGAKecleons|didnt think i gave u helmet\n|c| EGADrifblims|u didnt give it\n|c| EGADrifblims|he stole it\n|c| EGADrifblims|robbery \n|c|\u2606EGAKecleons|what i meant\n|c| Major Come Back|U got mugged\n|c| Major Come Back|by the ghost\n|l| EGAHydreigons\n|\n|t:|1617575228\n|switch|p1a: Zygarde|Zygarde, shiny|100\/100\n|-status|p1a: Zygarde|psn\n|-damage|p1a: Zygarde|76\/100 psn|[from] Spikes\n|-ability|p1a: Zygarde|Aura Break\n|turn|43\n|\n|t:|1617575236\n|switch|p2a: Gourgeist|Gourgeist-Large, M|100\/100\n|-item|p1a: Zygarde|Chesto Berry|[from] ability: Frisk|[of] p2a: Gourgeist|[identify]\n|move|p1a: Zygarde|Dragon Dance|p1a: Zygarde\n|-boost|p1a: Zygarde|atk|1\n|-boost|p1a: Zygarde|spe|1\n|\n|-damage|p1a: Zygarde|63\/100 psn|[from] psn\n|upkeep\n|turn|44\n|j| EGAHydreigons\n|\n|t:|1617575254\n|move|p1a: Zygarde|Dragon Dance|p1a: Zygarde\n|-boost|p1a: Zygarde|atk|1\n|-boost|p1a: Zygarde|spe|1\n|move|p2a: Gourgeist|Poltergeist|p1a: Zygarde|[miss]\n|-miss|p2a: Gourgeist|p1a: Zygarde\n|\n|-damage|p1a: Zygarde|51\/100 psn|[from] psn\n|upkeep\n|turn|45\n|\n|t:|1617575291\n|move|p1a: Zygarde|Dragon Dance|p1a: Zygarde\n|-boost|p1a: Zygarde|atk|1\n|-boost|p1a: Zygarde|spe|1\n|move|p2a: Gourgeist|Poltergeist|p1a: Zygarde\n|-activate|p1a: Zygarde|move: Poltergeist|Chesto Berry\n|-damage|p1a: Zygarde|0 fnt\n|-damage|p2a: Gourgeist|91\/100|[from] item: Life Orb\n|faint|p1a: Zygarde\n|\n|upkeep\n|c|\u2606TehranTyphlosions|fuck \n|c|\u2606TehranTyphlosions|i didnt calc right\n|\n|t:|1617575340\n|switch|p1a: Victini|Victini|64\/100 psn\n|-damage|p1a: Victini|39\/100 psn|[from] Spikes\n|turn|46\n|\n|t:|1617575354\n|move|p2a: Gourgeist|Shadow Sneak|p1a: Victini\n|-supereffective|p1a: Victini\n|-damage|p1a: Victini|0 fnt\n|-damage|p2a: Gourgeist|81\/100|[from] item: Life Orb\n|faint|p1a: Victini\n|\n|upkeep\n|\n|t:|1617575358\n|switch|p1a: Milotic|Milotic, M, shiny|51\/100 brn\n|-damage|p1a: Milotic|26\/100 brn|[from] Spikes\n|turn|47\n|\n|t:|1617575362\n|move|p2a: Gourgeist|Power Whip|p1a: Milotic\n|-supereffective|p1a: Milotic\n|-crit|p1a: Milotic\n|-damage|p1a: Milotic|0 fnt\n|-damage|p2a: Gourgeist|71\/100|[from] item: Life Orb\n|faint|p1a: Milotic\n|\n|upkeep\n|c|\u2606TehranTyphlosions|yea im choking\n|c|\u2606TehranTyphlosions|i lost but still diff\n|c|\u2606TehranTyphlosions|gg\n|\n|t:|1617575379\n|switch|p1a: Darmanitan|Darmanitan-Galar, M, shiny|100\/100\n|-damage|p1a: Darmanitan|76\/100|[from] Spikes\n|-status|p1a: Darmanitan|psn\n|turn|48\n|\n|t:|1617575385\n|switch|p2a: Toxapex|Toxapex, M|100\/100 brn\n|move|p1a: Darmanitan|Icicle Crash|p2a: Toxapex\n|-resisted|p2a: Toxapex\n|-damage|p2a: Toxapex|78\/100 brn\n|\n|-damage|p1a: Darmanitan|63\/100 psn|[from] psn\n|-damage|p2a: Toxapex|72\/100 brn|[from] brn\n|upkeep\n|turn|49\n|c|\u2606EGAKecleons|gg man\n|c|\u2606EGAKecleons|sorry but i dif is awful i need everything i can get\n|\n|t:|1617575409\n|move|p1a: Darmanitan|Icicle Crash|p2a: Toxapex|[miss]\n|-miss|p1a: Darmanitan|p2a: Toxapex\n|move|p2a: Toxapex|Recover|p2a: Toxapex\n|-heal|p2a: Toxapex|100\/100 brn\n|\n|-damage|p1a: Darmanitan|51\/100 psn|[from] psn\n|-damage|p2a: Toxapex|95\/100 brn|[from] brn\n|upkeep\n|turn|50\n|c|\u2606TehranTyphlosions|youre good\n|\n|t:|1617575412\n|move|p1a: Darmanitan|Icicle Crash|p2a: Toxapex\n|-resisted|p2a: Toxapex\n|-damage|p2a: Toxapex|73\/100 brn\n|move|p2a: Toxapex|Scald|p1a: Darmanitan\n|-damage|p1a: Darmanitan|24\/100 psn\n|\n|-damage|p1a: Darmanitan|12\/100 psn|[from] psn\n|-damage|p2a: Toxapex|67\/100 brn|[from] brn\n|upkeep\n|turn|51\n|\n|t:|1617575418\n|move|p1a: Darmanitan|Icicle Crash|p2a: Toxapex\n|-resisted|p2a: Toxapex\n|-damage|p2a: Toxapex|43\/100 brn\n|cant|p2a: Toxapex|flinch\n|\n|-damage|p1a: Darmanitan|0 fnt|[from] psn\n|faint|p1a: Darmanitan\n|\n|win|EGAKecleons\n|upkeep\n","uploadtime":1617575420,"views":48,"p1id":"tehrantyphlosions","p2id":"egakecleons","formatid":"gen8nationaldexdlclegacy","rating":0,"private":0,"password":null}