{"id":"sports-gen8nationaldexdraft-607668","p1":"wiener boop","p2":"AsterJ","format":"gen8nationaldexdraft","log":"|j|\u2606wiener boop\n|j|\u2606AsterJ\n|t:|1646616763\n|gametype|singles\n|player|p1|wiener boop|169|\n|player|p2|AsterJ|asterj.png|\n|teamsize|p1|6\n|teamsize|p2|6\n|gen|8\n|tier|[Gen 8] National Dex Draft\n|rule|Sleep Clause Mod: Limit one foe put to sleep\n|rule|OHKO Clause: OHKO moves are banned\n|rule|Evasion Moves Clause: Evasion moves are banned\n|rule|Endless Battle Clause: Forcing endless battles is banned\n|rule|HP Percentage Mod: HP is shown in percentages\n|rule|Dynamax Clause: You cannot dynamax\n|clearpoke\n|poke|p1|Wailord, F|\n|poke|p1|Hippowdon, F|\n|poke|p1|Hitmontop, M|\n|poke|p1|Coalossal, F|\n|poke|p1|Tsareena, F|\n|poke|p1|Clefable, F|\n|poke|p2|Volcanion|\n|poke|p2|Kadabra, F|\n|poke|p2|Ferrothorn, M|\n|poke|p2|Rotom|\n|poke|p2|Cinccino, F|\n|poke|p2|Rhyperior, F|\n|teampreview\n|html|<button name=\"send\" class=\"button\" value=\"\/timer ds\"><i class=\"fa fa-hourglass-start\"><\/i> DS Timer<\/button> <button name=\"send\" class=\"button\" value=\"\/timer smogon\"><i class=\"fa fa-hourglass-start\"><\/i> Smogon Timer<\/button>\n|inactive|Battle timer is ON: inactive players will automatically lose when time's up. (requested by wiener boop)\n|c|\u2606AsterJ|Gl hf dude\n|c|\u2606wiener boop|you too\n|inactiveoff|Battle timer is now OFF.\n|\n|t:|1646616838\n|start\n|switch|p1a: DS|Tsareena, F|100\/100\n|switch|p2a: Volcanion|Volcanion|100\/100\n|turn|1\n|\n|t:|1646616859\n|move|p1a: DS|U-turn|p2a: Volcanion\n|-resisted|p2a: Volcanion\n|-damage|p2a: Volcanion|93\/100\n|\n|t:|1646616864\n|switch|p1a: Ice|Wailord, F|100\/100|[from]move: U-turn\n|move|p2a: Volcanion|Toxic|p1a: Ice\n|-status|p1a: Ice|tox\n|\n|-heal|p2a: Volcanion|99\/100|[from] item: Leftovers\n|-damage|p1a: Ice|94\/100 tox|[from] psn\n|upkeep\n|turn|2\n|\n|t:|1646616888\n|move|p2a: Volcanion|Sludge Wave|p1a: Ice\n|-damage|p1a: Ice|70\/100 tox\n|move|p1a: Ice|Soak|p2a: Volcanion\n|-heal|p2a: Volcanion|100\/100|[from] ability: Water Absorb|[of] p1a: Ice\n|\n|-heal|p1a: Ice|76\/100 tox|[from] item: Leftovers\n|-damage|p1a: Ice|64\/100 tox|[from] psn\n|upkeep\n|turn|3\n|\n|t:|1646616902\n|move|p1a: Ice|Toxic|p2a: Volcanion\n|-status|p2a: Volcanion|tox\n|move|p2a: Volcanion|Roar|p1a: Ice\n|drag|p1a: COOALOOSSALL|Coalossal, F|100\/100\n|\n|-damage|p2a: Volcanion|94\/100 tox|[from] psn\n|upkeep\n|turn|4\n|j| Ruin TGU\n|\n|t:|1646616930\n|switch|p1a: DS|Tsareena, F|100\/100\n|move|p2a: Volcanion|Scald|p1a: DS\n|-resisted|p1a: DS\n|-damage|p1a: DS|78\/100\n|-status|p1a: DS|brn\n|\n|-heal|p2a: Volcanion|100\/100 tox|[from] item: Leftovers\n|-damage|p2a: Volcanion|88\/100 tox|[from] psn\n|-damage|p1a: DS|72\/100 brn|[from] brn\n|upkeep\n|turn|5\n|\n|t:|1646616950\n|switch|p2a: Rhyperior|Rhyperior, F|100\/100\n|move|p1a: DS|U-turn|p2a: Rhyperior\n|-damage|p2a: Rhyperior|94\/100\n|\n|t:|1646616967\n|switch|p1a: JCollins|Hitmontop, M|100\/100|[from]move: U-turn\n|\n|-heal|p2a: Rhyperior|99\/100|[from] item: Leftovers\n|upkeep\n|turn|6\n|\n|t:|1646616979\n|move|p1a: JCollins|Bulk Up|p1a: JCollins\n|-boost|p1a: JCollins|atk|1\n|-boost|p1a: JCollins|def|1\n|move|p2a: Rhyperior|Toxic|p1a: JCollins\n|-status|p1a: JCollins|tox\n|\n|-heal|p2a: Rhyperior|100\/100|[from] item: Leftovers\n|-damage|p1a: JCollins|94\/100 tox|[from] psn\n|upkeep\n|turn|7\n|\n|t:|1646617008\n|move|p1a: JCollins|Triple Axel|p2a: Rhyperior\n|-supereffective|p2a: Rhyperior\n|-damage|p2a: Rhyperior|93\/100\n|-supereffective|p2a: Rhyperior\n|-damage|p2a: Rhyperior|77\/100\n|-supereffective|p2a: Rhyperior\n|-damage|p2a: Rhyperior|52\/100\n|-hitcount|p2a: Rhyperior|3\n|move|p2a: Rhyperior|Counter|p1a: JCollins\n|-damage|p1a: JCollins|25\/100 tox\n|\n|-heal|p2a: Rhyperior|58\/100|[from] item: Leftovers\n|-damage|p1a: JCollins|12\/100 tox|[from] psn\n|upkeep\n|turn|8\n|\n|t:|1646617048\n|switch|p2a: Rotom|Rotom|100\/100\n|move|p1a: JCollins|Triple Kick|p2a: Rotom\n|-immune|p2a: Rotom\n|\n|-damage|p1a: JCollins|0 fnt|[from] psn\n|faint|p1a: JCollins\n|upkeep\n|\n|t:|1646617068\n|switch|p1a: COOALOOSSALL|Coalossal, F|100\/100\n|turn|9\n|\n|t:|1646617080\n|move|p2a: Rotom|Volt Switch|p1a: COOALOOSSALL\n|-damage|p1a: COOALOOSSALL|89\/100\n|\n|t:|1646617083\n|switch|p2a: Rhyperior|Rhyperior, F|58\/100|[from]move: Volt Switch\n|move|p1a: COOALOOSSALL|Earth Power|p2a: Rhyperior\n|-supereffective|p2a: Rhyperior\n|-damage|p2a: Rhyperior|24\/100\n|\n|-heal|p2a: Rhyperior|30\/100|[from] item: Leftovers\n|upkeep\n|turn|10\n|\n|t:|1646617101\n|move|p2a: Rhyperior|Earthquake|p1a: COOALOOSSALL\n|-supereffective|p1a: COOALOOSSALL\n|-damage|p1a: COOALOOSSALL|0 fnt\n|faint|p1a: COOALOOSSALL\n|\n|-heal|p2a: Rhyperior|37\/100|[from] item: Leftovers\n|upkeep\n|\n|t:|1646617115\n|switch|p1a: Hippodow|Hippowdon, F|100\/100\n|-weather|Sandstorm|[from] ability: Sand Stream|[of] p1a: Hippodow\n|turn|11\n|\n|t:|1646617125\n|switch|p2a: Rotom|Rotom|100\/100\n|move|p1a: Hippodow|Ice Fang|p2a: Rotom\n|-damage|p2a: Rotom|75\/100\n|\n|-weather|Sandstorm|[upkeep]\n|-damage|p2a: Rotom|69\/100|[from] Sandstorm\n|upkeep\n|turn|12\n|\n|t:|1646617134\n|switch|p1a: Ben|Clefable, F|100\/100\n|move|p2a: Rotom|Will-O-Wisp|p1a: Ben\n|-status|p1a: Ben|brn\n|\n|-weather|Sandstorm|[upkeep]\n|-damage|p1a: Ben|94\/100 brn|[from] Sandstorm\n|-damage|p2a: Rotom|63\/100|[from] Sandstorm\n|-damage|p1a: Ben|88\/100 brn|[from] brn\n|upkeep\n|turn|13\n|\n|t:|1646617146\n|move|p1a: Ben|Metronome|p1a: Ben\n|move|p1a: Ben|Iron Tail|p2a: Rotom|[from]move: Metronome\n|-resisted|p2a: Rotom\n|-damage|p2a: Rotom|59\/100\n|move|p2a: Rotom|Volt Switch|p1a: Ben\n|-damage|p1a: Ben|67\/100 brn\n|\n|t:|1646617159\n|switch|p2a: Rhyperior|Rhyperior, F|37\/100|[from]move: Volt Switch\n|\n|-weather|Sandstorm|[upkeep]\n|-damage|p1a: Ben|61\/100 brn|[from] Sandstorm\n|-heal|p2a: Rhyperior|43\/100|[from] item: Leftovers\n|-damage|p1a: Ben|54\/100 brn|[from] brn\n|upkeep\n|turn|14\n|\n|t:|1646617170\n|switch|p1a: Hippodow|Hippowdon, F|100\/100\n|move|p2a: Rhyperior|Stealth Rock|p1a: Hippodow\n|-sidestart|p1: wiener boop|move: Stealth Rock\n|\n|-weather|Sandstorm|[upkeep]\n|-heal|p2a: Rhyperior|49\/100|[from] item: Leftovers\n|upkeep\n|turn|15\n|\n|t:|1646617179\n|switch|p2a: Rotom|Rotom|59\/100\n|move|p1a: Hippodow|Earthquake|p2a: Rotom\n|-immune|p2a: Rotom|[from] ability: Levitate\n|\n|-weather|none\n|upkeep\n|turn|16\n|\n|t:|1646617187\n|switch|p1a: DS|Tsareena, F|72\/100 brn\n|-damage|p1a: DS|59\/100 brn|[from] Stealth Rock\n|move|p2a: Rotom|Will-O-Wisp|p1a: DS\n|-fail|p1a: DS|brn\n|\n|-damage|p1a: DS|53\/100 brn|[from] brn\n|upkeep\n|turn|17\n|\n|t:|1646617201\n|move|p1a: DS|Triple Axel|p2a: Rotom\n|-damage|p2a: Rotom|55\/100\n|-damage|p2a: Rotom|46\/100\n|-crit|p2a: Rotom\n|-damage|p2a: Rotom|28\/100\n|-hitcount|p2a: Rotom|3\n|move|p2a: Rotom|Volt Switch|p1a: DS\n|-resisted|p1a: DS\n|-damage|p1a: DS|40\/100 brn\n|\n|t:|1646617212\n|switch|p2a: Ferrothorn|Ferrothorn, M|100\/100|[from]move: Volt Switch\n|\n|-damage|p1a: DS|34\/100 brn|[from] brn\n|upkeep\n|turn|18\n|\n|t:|1646617221\n|switch|p1a: Ice|Wailord, F|64\/100 tox\n|-damage|p1a: Ice|51\/100 tox|[from] Stealth Rock\n|move|p2a: Ferrothorn|Swords Dance|p2a: Ferrothorn\n|-boost|p2a: Ferrothorn|atk|2\n|\n|-heal|p1a: Ice|57\/100 tox|[from] item: Leftovers\n|-damage|p1a: Ice|51\/100 tox|[from] psn\n|upkeep\n|turn|19\n|\n|t:|1646617231\n|move|p1a: Ice|Soak|p2a: Ferrothorn\n|-start|p2a: Ferrothorn|typechange|Water\n|move|p2a: Ferrothorn|Bullet Seed|p1a: Ice\n|-supereffective|p1a: Ice\n|-damage|p1a: Ice|18\/100 tox\n|-supereffective|p1a: Ice\n|-damage|p1a: Ice|0 fnt\n|faint|p1a: Ice\n|-hitcount|p1: Ice|2\n|\n|upkeep\n|l| Ruin TGU\n|\n|t:|1646617242\n|switch|p1a: Ben|Clefable, F|54\/100 brn\n|-damage|p1a: Ben|42\/100 brn|[from] Stealth Rock\n|turn|20\n|\n|t:|1646617253\n|switch|p2a: Volcanion|Volcanion|88\/100 tox\n|move|p1a: Ben|Fire Blast|p2a: Volcanion\n|-resisted|p2a: Volcanion\n|-damage|p2a: Volcanion|81\/100 tox\n|\n|-heal|p2a: Volcanion|87\/100 tox|[from] item: Leftovers\n|-damage|p2a: Volcanion|81\/100 tox|[from] psn\n|-damage|p1a: Ben|36\/100 brn|[from] brn\n|upkeep\n|turn|21\n|\n|t:|1646617266\n|switch|p1a: DS|Tsareena, F|34\/100 brn\n|-damage|p1a: DS|22\/100 brn|[from] Stealth Rock\n|move|p2a: Volcanion|Scald|p1a: DS\n|-resisted|p1a: DS\n|-damage|p1a: DS|0 fnt\n|faint|p1a: DS\n|\n|-heal|p2a: Volcanion|87\/100 tox|[from] item: Leftovers\n|-damage|p2a: Volcanion|75\/100 tox|[from] psn\n|upkeep\n|\n|t:|1646617275\n|switch|p1a: Ben|Clefable, F|36\/100 brn\n|-damage|p1a: Ben|24\/100 brn|[from] Stealth Rock\n|turn|22\n|\n|t:|1646617284\n|switch|p2a: Ferrothorn|Ferrothorn, M|100\/100\n|move|p1a: Ben|Metronome|p1a: Ben\n|move|p1a: Ben|Seed Bomb|p2a: Ferrothorn|[from]move: Metronome\n|-resisted|p2a: Ferrothorn\n|-damage|p2a: Ferrothorn|99\/100\n|\n|-damage|p1a: Ben|18\/100 brn|[from] brn\n|upkeep\n|turn|23\n|\n|t:|1646617292\n|move|p1a: Ben|Metronome|p1a: Ben\n|move|p1a: Ben|Waterfall|p2a: Ferrothorn|[from]move: Metronome\n|-resisted|p2a: Ferrothorn\n|-damage|p2a: Ferrothorn|97\/100\n|-damage|p1a: Ben|5\/100 brn|[from] ability: Iron Barbs|[of] p2a: Ferrothorn\n|move|p2a: Ferrothorn|Swords Dance|p2a: Ferrothorn\n|-boost|p2a: Ferrothorn|atk|2\n|\n|-damage|p1a: Ben|0 fnt|[from] brn\n|faint|p1a: Ben\n|upkeep\n|\n|t:|1646617296\n|switch|p1a: Hippodow|Hippowdon, F|100\/100\n|-damage|p1a: Hippodow|94\/100|[from] Stealth Rock\n|-weather|Sandstorm|[from] ability: Sand Stream|[of] p1a: Hippodow\n|turn|24\n|\n|t:|1646617298\n|move|p1a: Hippodow|Stone Edge|p2a: Ferrothorn\n|-resisted|p2a: Ferrothorn\n|-damage|p2a: Ferrothorn|82\/100\n|move|p2a: Ferrothorn|Bullet Seed|p1a: Hippodow\n|-supereffective|p1a: Hippodow\n|-damage|p1a: Hippodow|52\/100\n|-supereffective|p1a: Hippodow\n|-damage|p1a: Hippodow|9\/100\n|-supereffective|p1a: Hippodow\n|-damage|p1a: Hippodow|0 fnt\n|faint|p1a: Hippodow\n|-hitcount|p1: Hippodow|3\n|\n|win|AsterJ\n|c|\u2606AsterJ|Gg bro\n|c|\u2606wiener boop|yee\n|c|\u2606AsterJ|I was originally miracle eye of Kadabra but that wasn't legal in Gen 8 lol\n|c|\u2606AsterJ|Sorry for the delay\n","uploadtime":1646617309,"views":55,"p1id":"wienerboop","p2id":"asterj","formatid":"gen8nationaldexdraft","rating":0,"private":0,"password":null}