{"id":"sports-gen8nationaldexleakslegacy-509683","p1":"FC Victini Plzen","p2":"AsterJ","format":"gen8nationaldexleakslegacy","log":"|j|\u2606FC Victini Plzen\n|j|\u2606AsterJ\n|t:|1632702821\n|gametype|singles\n|player|p1|FC Victini Plzen|jasmine|\n|player|p2|AsterJ|asterj.png|\n|teamsize|p1|6\n|teamsize|p2|6\n|gen|8\n|tier|[Gen 8] National Dex Leaks Legacy\n|rule|Sleep Clause Mod: Limit one foe put to sleep\n|rule|OHKO Clause: OHKO moves are banned\n|rule|Evasion Moves Clause: Evasion moves are banned\n|rule|Endless Battle Clause: Forcing endless battles is banned\n|rule|HP Percentage Mod: HP is shown in percentages\n|rule|Dynamax Clause: You cannot dynamax\n|clearpoke\n|poke|p1|Zapdos-Galar|\n|poke|p1|Slowbro, M|\n|poke|p1|Amoonguss, F|\n|poke|p1|Cinderace, F|\n|poke|p1|Thundurus-Therian, M|\n|poke|p1|Silvally-*|\n|poke|p2|Mew|\n|poke|p2|Zeraora|\n|poke|p2|Torterra, F|\n|poke|p2|Kangaskhan, F|\n|poke|p2|Mandibuzz, F|\n|poke|p2|Blacephalon|\n|teampreview\n|html|<button name=\"send\" class=\"button\" value=\"\/timer ds\"><i class=\"fa fa-hourglass-start\"><\/i> DS Timer<\/button> <button name=\"send\" class=\"button\" value=\"\/timer smogon\"><i class=\"fa fa-hourglass-start\"><\/i> Smogon Timer<\/button>\n|c|\u2606AsterJ|gl hf man\n|c|\u2606FC Victini Plzen|u2\n|j| PorygonTheBot\n|c| PorygonTheBot|glhf :)\n|j| TTTox\n|\n|t:|1632702875\n|start\n|switch|p1a: Zapdos|Zapdos-Galar|100\/100\n|switch|p2a: Zunisha|Torterra, F|100\/100\n|turn|1\n|\n|t:|1632702894\n|move|p1a: Zapdos|U-turn|p2a: Zunisha\n|-supereffective|p2a: Zunisha\n|-damage|p2a: Zunisha|61\/100\n|\n|t:|1632702899\n|switch|p1a: Amoonguss|Amoonguss, F|100\/100|[from]move: U-turn\n|move|p2a: Zunisha|Stealth Rock|p1a: Amoonguss\n|-sidestart|p1: FC Victini Plzen|move: Stealth Rock\n|\n|upkeep\n|turn|2\n|\n|t:|1632702958\n|move|p2a: Zunisha|Earthquake|p1a: Amoonguss\n|-damage|p1a: Amoonguss|71\/100\n|move|p1a: Amoonguss|Sludge Bomb|p2a: Zunisha\n|-damage|p2a: Zunisha|32\/100\n|\n|-heal|p1a: Amoonguss|78\/100|[from] item: Black Sludge\n|upkeep\n|turn|3\n|j| cloverology\n|j| Espada Ves\n|\n|t:|1632702986\n|move|p2a: Zunisha|Earthquake|p1a: Amoonguss\n|-damage|p1a: Amoonguss|50\/100\n|move|p1a: Amoonguss|Sludge Bomb|p2a: Zunisha\n|-damage|p2a: Zunisha|5\/100\n|\n|-heal|p1a: Amoonguss|56\/100|[from] item: Black Sludge\n|upkeep\n|turn|4\n|\n|t:|1632703014\n|switch|p1a: Zapdos|Zapdos-Galar|100\/100\n|-damage|p1a: Zapdos|88\/100|[from] Stealth Rock\n|move|p2a: Zunisha|Earthquake|p1a: Zapdos\n|-immune|p1a: Zapdos\n|\n|upkeep\n|turn|5\n|j| SGS_Nim\n|c| TTTox|flying ressist\n|\n|t:|1632703096\n|switch|p2a: Monet|Mandibuzz, F|100\/100\n|move|p1a: Zapdos|U-turn|p2a: Monet\n|-damage|p2a: Monet|85\/100\n|-damage|p1a: Zapdos|72\/100|[from] item: Rocky Helmet|[of] p2a: Monet\n|\n|t:|1632703113\n|switch|p1a: Silvally|Silvally|100\/100|[from]move: U-turn\n|-damage|p1a: Silvally|88\/100|[from] Stealth Rock\n|\n|upkeep\n|turn|6\n|\n|t:|1632703134\n|move|p1a: Silvally|Ice Beam|p2a: Monet\n|-supereffective|p2a: Monet\n|-crit|p2a: Monet\n|-damage|p2a: Monet|14\/100\n|move|p2a: Monet|Foul Play|p1a: Silvally\n|-damage|p1a: Silvally|56\/100\n|\n|upkeep\n|turn|7\n|\n|t:|1632703150\n|switch|p2a: Zunisha|Torterra, F|5\/100\n|move|p1a: Silvally|Ice Beam|p2a: Zunisha\n|-supereffective|p2a: Zunisha\n|-damage|p2a: Zunisha|0 fnt\n|faint|p2a: Zunisha\n|\n|upkeep\n|c|\u2606FC Victini Plzen|pog Torterra isn't 6-0ing me\n|\n|t:|1632703281\n|switch|p2a: Sunny|Zeraora|100\/100\n|turn|8\n|\n|t:|1632703303\n|move|p1a: Silvally|Ice Beam|p2a: Sunny\n|-damage|p2a: Sunny|76\/100\n|-status|p2a: Sunny|frz\n|cant|p2a: Sunny|frz\n|\n|upkeep\n|turn|9\n|c|\u2606FC Victini Plzen|ow\n|\n|t:|1632703312\n|switch|p1a: Cinderace|Cinderace, F|100\/100\n|switch|p2a: Buggy|Blacephalon|100\/100\n|\n|upkeep\n|turn|10\n|\n|t:|1632703326\n|move|p1a: Cinderace|Sucker Punch||[still]\n|-fail|p1a: Cinderace\n|move|p2a: Buggy|Hypnosis|p1a: Cinderace|[miss]\n|-miss|p2a: Buggy|p1a: Cinderace\n|\n|upkeep\n|turn|11\n|c|\u2606FC Victini Plzen|oof\n|l| TTTox\n|\n|t:|1632703343\n|switch|p1a: Silvally|Silvally|56\/100\n|-damage|p1a: Silvally|43\/100|[from] Stealth Rock\n|move|p2a: Buggy|Hypnosis|p1a: Silvally\n|-status|p1a: Silvally|slp|[from] move: Hypnosis\n|\n|upkeep\n|turn|12\n|\n|t:|1632703370\n|switch|p2a: Merry|Mew|100\/100\n|cant|p1a: Silvally|slp\n|\n|upkeep\n|turn|13\n|\n|t:|1632703381\n|-curestatus|p1a: Silvally|slp|[msg]\n|move|p1a: Silvally|U-turn|p2a: Merry\n|-supereffective|p2a: Merry\n|-damage|p2a: Merry|81\/100\n|-enditem|p2a: Merry|Weakness Policy\n|-boost|p2a: Merry|atk|2|[from] item: Weakness Policy\n|-boost|p2a: Merry|spa|2|[from] item: Weakness Policy\n|c|\u2606FC Victini Plzen|oh no\n|c|\u2606FC Victini Plzen|what have I done\n|\n|t:|1632703401\n|switch|p1a: Thundurus|Thundurus-Therian, M|100\/100|[from]move: U-turn\n|-damage|p1a: Thundurus|76\/100|[from] Stealth Rock\n|move|p2a: Merry|Cosmic Power|p2a: Merry\n|-boost|p2a: Merry|def|1\n|-boost|p2a: Merry|spd|1\n|\n|upkeep\n|turn|14\n|\n|t:|1632703434\n|move|p1a: Thundurus|Toxic|p2a: Merry|[miss]\n|-miss|p1a: Thundurus|p2a: Merry\n|move|p2a: Merry|Stored Power|p1a: Thundurus\n|-damage|p1a: Thundurus|0 fnt\n|faint|p1a: Thundurus\n|\n|upkeep\n|c|\u2606FC Victini Plzen|damn\n|\n|t:|1632703448\n|switch|p1a: Silvally|Silvally|43\/100\n|-damage|p1a: Silvally|31\/100|[from] Stealth Rock\n|turn|15\n|\n|t:|1632703462\n|move|p1a: Silvally|Shadow Ball|p2a: Merry\n|-supereffective|p2a: Merry\n|-damage|p2a: Merry|55\/100\n|-unboost|p2a: Merry|spd|1\n|move|p2a: Merry|Roost|p2a: Merry\n|-heal|p2a: Merry|100\/100\n|-singleturn|p2a: Merry|move: Roost\n|\n|upkeep\n|turn|16\n|\n|t:|1632703473\n|move|p1a: Silvally|Shadow Ball|p2a: Merry\n|-supereffective|p2a: Merry\n|-damage|p2a: Merry|65\/100\n|-unboost|p2a: Merry|spd|1\n|move|p2a: Merry|Stored Power|p1a: Silvally\n|-damage|p1a: Silvally|0 fnt\n|faint|p1a: Silvally\n|\n|upkeep\n|\n|t:|1632703479\n|switch|p1a: Zapdos|Zapdos-Galar|72\/100\n|-damage|p1a: Zapdos|59\/100|[from] Stealth Rock\n|turn|17\n|\n|t:|1632703483\n|move|p1a: Zapdos|Brave Bird|p2a: Merry\n|-damage|p2a: Merry|33\/100\n|-damage|p1a: Zapdos|46\/100|[from] Recoil\n|move|p2a: Merry|Roost|p2a: Merry\n|-heal|p2a: Merry|83\/100\n|-singleturn|p2a: Merry|move: Roost\n|\n|upkeep\n|turn|18\n|\n|t:|1632703486\n|move|p1a: Zapdos|Brave Bird|p2a: Merry\n|-damage|p2a: Merry|55\/100\n|-damage|p1a: Zapdos|34\/100|[from] Recoil\n|move|p2a: Merry|Roost|p2a: Merry\n|-heal|p2a: Merry|100\/100\n|-singleturn|p2a: Merry|move: Roost\n|\n|upkeep\n|turn|19\n|c|\u2606FC Victini Plzen|pain\n|\n|t:|1632703489\n|move|p1a: Zapdos|Brave Bird|p2a: Merry\n|-damage|p2a: Merry|70\/100\n|-damage|p1a: Zapdos|21\/100|[from] Recoil\n|move|p2a: Merry|Cosmic Power|p2a: Merry\n|-boost|p2a: Merry|def|1\n|-boost|p2a: Merry|spd|1\n|\n|upkeep\n|turn|20\n|\n|t:|1632703492\n|move|p1a: Zapdos|Brave Bird|p2a: Merry\n|-damage|p2a: Merry|49\/100\n|-damage|p1a: Zapdos|13\/100|[from] Recoil\n|move|p2a: Merry|Roost|p2a: Merry\n|-heal|p2a: Merry|99\/100\n|-singleturn|p2a: Merry|move: Roost\n|\n|upkeep\n|turn|21\n|\n|t:|1632703495\n|move|p1a: Zapdos|Brave Bird|p2a: Merry\n|-damage|p2a: Merry|76\/100\n|-damage|p1a: Zapdos|3\/100|[from] Recoil\n|move|p2a: Merry|Cosmic Power|p2a: Merry\n|-boost|p2a: Merry|def|1\n|-boost|p2a: Merry|spd|1\n|\n|upkeep\n|turn|22\n|\n|t:|1632703499\n|move|p1a: Zapdos|Brave Bird|p2a: Merry\n|-damage|p2a: Merry|58\/100\n|-damage|p1a: Zapdos|0 fnt|[from] Recoil\n|faint|p1a: Zapdos\n|move|p2a: Merry|Roost|p2a: Merry\n|-heal|p2a: Merry|100\/100\n|-singleturn|p2a: Merry|move: Roost\n|\n|upkeep\n|\n|t:|1632703504\n|switch|p1a: Cinderace|Cinderace, F|100\/100\n|turn|23\n|\n|t:|1632703508\n|move|p1a: Cinderace|U-turn|p2a: Merry\n|-start|p1a: Cinderace|typechange|Bug|[from] ability: Libero\n|-supereffective|p2a: Merry\n|-damage|p2a: Merry|79\/100\n|\n|t:|1632703512\n|switch|p1a: Amoonguss|Amoonguss, F|89\/100|[from]move: U-turn\n|-damage|p1a: Amoonguss|77\/100|[from] Stealth Rock\n|move|p2a: Merry|Stored Power|p1a: Amoonguss\n|-supereffective|p1a: Amoonguss\n|-damage|p1a: Amoonguss|0 fnt\n|faint|p1a: Amoonguss\n|\n|upkeep\n|\n|t:|1632703513\n|switch|p1a: Cinderace|Cinderace, F|100\/100\n|turn|24\n|\n|t:|1632703516\n|move|p1a: Cinderace|U-turn|p2a: Merry\n|-start|p1a: Cinderace|typechange|Bug|[from] ability: Libero\n|-supereffective|p2a: Merry\n|-damage|p2a: Merry|59\/100\n|\n|t:|1632703519\n|switch|p1a: Slowbro|Slowbro, M|100\/100|[from]move: U-turn\n|-damage|p1a: Slowbro|88\/100|[from] Stealth Rock\n|move|p2a: Merry|Roost|p2a: Merry\n|-heal|p2a: Merry|100\/100\n|-singleturn|p2a: Merry|move: Roost\n|\n|upkeep\n|turn|25\n|\n|t:|1632703522\n|move|p2a: Merry|Taunt|p1a: Slowbro\n|-start|p1a: Slowbro|move: Taunt\n|cant|p1a: Slowbro|move: Taunt|Teleport\n|\n|upkeep\n|turn|26\n|\n|t:|1632703524\n|move|p2a: Merry|Stored Power|p1a: Slowbro\n|-resisted|p1a: Slowbro\n|-damage|p1a: Slowbro|45\/100\n|move|p1a: Slowbro|Scald|p2a: Merry\n|-damage|p2a: Merry|86\/100\n|\n|upkeep\n|turn|27\n|\n|t:|1632703532\n|move|p2a: Merry|Stored Power|p1a: Slowbro\n|-resisted|p1a: Slowbro\n|-damage|p1a: Slowbro|0 fnt\n|faint|p1a: Slowbro\n|\n|upkeep\n|\n|t:|1632703534\n|switch|p1a: Cinderace|Cinderace, F|100\/100\n|turn|28\n|c|\u2606FC Victini Plzen|gg\n|\n|t:|1632703538\n|move|p1a: Cinderace|U-turn|p2a: Merry\n|-start|p1a: Cinderace|typechange|Bug|[from] ability: Libero\n|-supereffective|p2a: Merry\n|-damage|p2a: Merry|67\/100\n|move|p2a: Merry|Stored Power|p1a: Cinderace\n|-damage|p1a: Cinderace|0 fnt\n|faint|p1a: Cinderace\n|\n|win|AsterJ\n|c|\u2606AsterJ|gg\n|l| PorygonTheBot\n|l| Espada Ves\n|c|\u2606AsterJ|that freeze tho\n|c|\u2606FC Victini Plzen|my heart sank as soon as I saw that Weakness Policy proc\n|c|\u2606AsterJ|u brought no dark type\n|c|\u2606AsterJ|again\n|c|\u2606AsterJ|u cant be disrespecting mew like that\n|c|\u2606FC Victini Plzen|I honestly considered Silvally-Dark but I figured a Scarf set would work\n|c|\u2606FC Victini Plzen|lmao yea for sure not\n|c|\u2606FC Victini Plzen|good luck in Final\n|c|\u2606AsterJ|ty man\n|c|\u2606AsterJ|ill send u the team in the server as well\n|c|\u2606AsterJ|gg and wp\n|c|\u2606FC Victini Plzen|ight\n|c|\u2606FC Victini Plzen|ggwp\n|l|\u2606FC Victini Plzen\n|l| SGS_Nim\n|j| SGS_Nim\n|l| SGS_Nim\n|l| cloverology\n","uploadtime":1632703539,"views":29,"p1id":"fcvictiniplzen","p2id":"asterj","formatid":"gen8nationaldexleakslegacy","rating":0,"private":0,"password":null}