{"id":"sports-gen8predlcnationaldlcdraft-136681","p1":"Hikertoad","p2":"GeniusX","format":"gen8predlcnationaldlcdraft","log":"|j|\u2606Hikertoad\n|j|\u2606GeniusX\n|player|p1|Hikertoad|lucas-gen4pt|\n|player|p2|GeniusX|geniusx.gif|\n|teamsize|p1|6\n|teamsize|p2|6\n|gametype|singles\n|gen|8\n|tier|[Gen 8] Pre-DLC National DLC Draft\n|rule|Sleep Clause Mod: Limit one foe put to sleep\n|rule|OHKO Clause: OHKO moves are banned\n|rule|Evasion Moves Clause: Evasion moves are banned\n|rule|Endless Battle Clause: Forcing endless battles is banned\n|rule|HP Percentage Mod: HP is shown in percentages\n|clearpoke\n|poke|p1|Mawile, M|\n|poke|p1|Greninja, F|\n|poke|p1|Nihilego|\n|poke|p1|Silvally-*|\n|poke|p1|Darmanitan, M|\n|poke|p1|Donphan, F|\n|poke|p2|Slowbro, F|\n|poke|p2|Tapu Bulu|\n|poke|p2|Victini|\n|poke|p2|Skarmory, F|\n|poke|p2|Zeraora|\n|poke|p2|Porygon|\n|rule|Dynamax Clause: You cannot dynamax\n|teampreview\n|html|<button name=\"send\" class=\"button\" value=\"\/timer ds\"><i class=\"fa fa-hourglass-start\"><\/i> DS Timer<\/button> <button name=\"send\" class=\"button\" value=\"\/timer smogon\"><i class=\"fa fa-hourglass-start\"><\/i> Smogon Timer<\/button>\n|c|\u2606Hikertoad|hf\n|c|\u2606GeniusX|hf\n|\n|start\n|switch|p1a: Mawile|Mawile, M|100\/100\n|switch|p2a: Porygon|Porygon|100\/100\n|-ability|p1a: Mawile|Intimidate|boost\n|-unboost|p2a: Porygon|atk|1\n|-ability|p2a: Porygon|Intimidate|[from] ability: Trace|[of] p1a: Mawile\n|-ability|p2a: Porygon|Intimidate|boost\n|-unboost|p1a: Mawile|atk|1\n|turn|1\n|j| roire\n|inactive|Battle timer is ON: inactive players will automatically lose when time's up. (requested by GeniusX)\n|j| LT71LX rinn\n|\n|switch|p2a: Skarmory|Skarmory, F|100\/100\n|move|p1a: Mawile|Stealth Rock|p2a: Skarmory\n|-sidestart|p2: GeniusX|move: Stealth Rock\n|\n|upkeep\n|turn|2\n|\n|move|p2a: Skarmory|Spikes|p1a: Mawile\n|-sidestart|p1: Hikertoad|Spikes\n|move|p1a: Mawile|Knock Off|p2a: Skarmory\n|-damage|p2a: Skarmory|93\/100\n|-damage|p1a: Mawile|84\/100|[from] item: Rocky Helmet|[of] p2a: Skarmory\n|-enditem|p2a: Skarmory|Rocky Helmet|[from] move: Knock Off|[of] p1a: Mawile\n|\n|upkeep\n|turn|3\n|inactive|Hikertoad has 270 seconds left.\n|inactive|GeniusX has 270 seconds left.\n|j| Keawie\n|inactive|Hikertoad has 240 seconds left.\n|\n|switch|p1a: Silvally|Silvally-Dragon|100\/100\n|-damage|p1a: Silvally|88\/100|[from] Spikes\n|move|p2a: Skarmory|Spikes|p1a: Silvally\n|-sidestart|p1: Hikertoad|Spikes\n|\n|upkeep\n|turn|4\n|inactive|GeniusX has 270 seconds left.\n|inactive|Hikertoad has 240 seconds left.\n|j| tortuga desnuda\n|\n|switch|p2a: Porygon|Porygon|100\/100\n|-damage|p2a: Porygon|88\/100|[from] Stealth Rock\n|move|p1a: Silvally|Flamethrower|p2a: Porygon\n|-damage|p2a: Porygon|76\/100\n|\n|upkeep\n|turn|5\n|inactive|Hikertoad has 240 seconds left.\n|inactive|GeniusX has 270 seconds left.\n|c| tortuga desnuda|god porygon\n|\n|move|p1a: Silvally|Toxic|p2a: Porygon\n|-status|p2a: Porygon|tox\n|move|p2a: Porygon|Teleport|p2a: Porygon\n|inactive|GeniusX has 240 seconds left.\n|\n|switch|p2a: Victini|Victini|100\/100|[from]move: Teleport\n|\n|upkeep\n|turn|6\n|inactive|GeniusX has 240 seconds left.\n|inactive|Hikertoad has 240 seconds left.\n|\n|move|p2a: Victini|Psychic|p1a: Silvally\n|-damage|p1a: Silvally|47\/100\n|move|p1a: Silvally|Multi-Attack|p2a: Victini\n|-crit|p2a: Victini\n|-damage|p2a: Victini|42\/100\n|\n|upkeep\n|turn|7\n|inactive|Hikertoad has 210 seconds left.\n|c| Keawie|Crit mattered \n|\n|move|p2a: Victini|Psychic|p1a: Silvally\n|-damage|p1a: Silvally|12\/100\n|move|p1a: Silvally|Parting Shot|p2a: Victini\n|-unboost|p2a: Victini|atk|1\n|-unboost|p2a: Victini|spa|1\n|\n|switch|p1a: Donphan|Donphan, F|100\/100|[from]move: Parting Shot\n|-damage|p1a: Donphan|84\/100|[from] Spikes\n|\n|upkeep\n|turn|8\n|inactive|GeniusX has 210 seconds left.\n|\n|move|p2a: Victini|Blue Flare|p1a: Donphan\n|-crit|p1a: Donphan\n|-damage|p1a: Donphan|0 fnt\n|faint|p1a: Donphan\n|\n|upkeep\n|inactive|Hikertoad has 180 seconds left.\n|l| Keawie\n|\n|switch|p1a: Greninja|Greninja, F|100\/100\n|-damage|p1a: Greninja|84\/100|[from] Spikes\n|turn|9\n|inactive|GeniusX has 210 seconds left.\n|\n|move|p1a: Greninja|Spikes|p2a: Victini\n|-sidestart|p2: GeniusX|Spikes\n|move|p2a: Victini|Thunder|p1a: Greninja\n|-supereffective|p1a: Greninja\n|-damage|p1a: Greninja|11\/100\n|-status|p1a: Greninja|par\n|\n|upkeep\n|turn|10\n|inactive|GeniusX has 210 seconds left.\n|inactive|Hikertoad has 150 seconds left.\n|\n|move|p2a: Victini|Blue Flare|p1a: Greninja\n|-resisted|p1a: Greninja\n|-damage|p1a: Greninja|0 fnt\n|faint|p1a: Greninja\n|\n|upkeep\n|\n|switch|p1a: Nihilego|Nihilego|100\/100\n|-damage|p1a: Nihilego|84\/100|[from] Spikes\n|turn|11\n|inactive|GeniusX has 210 seconds left.\n|inactive|Hikertoad has 120 seconds left.\n|\n|move|p1a: Nihilego|Power Gem|p2a: Victini\n|-supereffective|p2a: Victini\n|-damage|p2a: Victini|0 fnt\n|-damage|p1a: Nihilego|74\/100|[from] item: Life Orb\n|faint|p2a: Victini\n|-ability|p1a: Nihilego|Beast Boost|boost\n|-boost|p1a: Nihilego|spe|1\n|\n|upkeep\n|\n|switch|p2a: Zeraora|Zeraora|100\/100\n|-damage|p2a: Zeraora|88\/100|[from] Spikes\n|-damage|p2a: Zeraora|76\/100|[from] Stealth Rock\n|turn|12\n|\n|switch|p1a: Silvally|Silvally-Dragon|12\/100\n|-damage|p1a: Silvally|0 fnt|[from] Spikes\n|faint|p1a: Silvally\n|move|p2a: Zeraora|Plasma Fists|p1: Silvally|[notarget]\n|-fail|p2a: Zeraora\n|\n|upkeep\n|inactive|Hikertoad has 120 seconds left.\n|inactive|Hikertoad has 90 seconds left.\n|\n|switch|p1a: Darmanitan|Darmanitan, M|100\/100\n|-damage|p1a: Darmanitan|84\/100|[from] Spikes\n|turn|13\n|inactive|Hikertoad has 60 seconds left.\n|inactive|GeniusX has 210 seconds left.\n|j| Jeremy D Goat\n|inactive|GeniusX has 180 seconds left.\n|j| RCV Deadbolt\n|inactive|GeniusX has 150 seconds left.\n|\n|move|p1a: Darmanitan|Flare Blitz|p2a: Zeraora\n|-damage|p2a: Zeraora|0 fnt\n|-damage|p1a: Darmanitan|59\/100|[from] Recoil\n|faint|p2a: Zeraora\n|\n|upkeep\n|\n|switch|p2a: Slowbro|Slowbro, F|100\/100\n|-damage|p2a: Slowbro|88\/100|[from] Stealth Rock\n|-damage|p2a: Slowbro|76\/100|[from] Spikes\n|turn|14\n|inactive|GeniusX has 150 seconds left.\n|inactive|Hikertoad has 60 seconds left.\n|\n|move|p1a: Darmanitan|Flare Blitz|p2a: Slowbro\n|-resisted|p2a: Slowbro\n|-damage|p2a: Slowbro|49\/100\n|-damage|p1a: Darmanitan|49\/100|[from] Recoil\n|move|p2a: Slowbro|Slack Off|p2a: Slowbro\n|-heal|p2a: Slowbro|99\/100\n|\n|upkeep\n|turn|15\n|inactive|GeniusX has 150 seconds left.\n|j| AzzBardo\n|l| AzzBardo\n|\n|move|p1a: Darmanitan|Flare Blitz|p2a: Slowbro\n|-resisted|p2a: Slowbro\n|-damage|p2a: Slowbro|69\/100\n|-damage|p1a: Darmanitan|38\/100|[from] Recoil\n|move|p2a: Slowbro|Scald|p1a: Darmanitan\n|-supereffective|p1a: Darmanitan\n|-damage|p1a: Darmanitan|0 fnt\n|faint|p1a: Darmanitan\n|\n|upkeep\n|\n|switch|p1a: Nihilego|Nihilego|74\/100\n|-damage|p1a: Nihilego|58\/100|[from] Spikes\n|turn|16\n|inactive|Hikertoad has 30 seconds left.\n|\n|detailschange|p2a: Slowbro|Slowbro-Mega, F\n|-mega|p2a: Slowbro|Slowbro|Slowbronite\n|move|p1a: Nihilego|Thunderbolt|p2a: Slowbro\n|-supereffective|p2a: Slowbro\n|-damage|p2a: Slowbro|0 fnt\n|-damage|p1a: Nihilego|48\/100|[from] item: Life Orb\n|faint|p2a: Slowbro\n|-ability|p1a: Nihilego|Beast Boost|boost\n|-boost|p1a: Nihilego|spe|1\n|\n|upkeep\n|inactive|Hikertoad has 30 seconds left this turn.\n|\n|switch|p2a: Porygon|Porygon|76\/100 tox\n|-damage|p2a: Porygon|63\/100 tox|[from] Stealth Rock\n|-damage|p2a: Porygon|51\/100 tox|[from] Spikes\n|-ability|p2a: Porygon|Beast Boost|[from] ability: Trace|[of] p1a: Nihilego\n|turn|17\n|inactive|Hikertoad has 30 seconds left.\n|\n|switch|p1a: Mawile|Mawile, M|84\/100\n|-damage|p1a: Mawile|67\/100|[from] Spikes\n|-ability|p1a: Mawile|Intimidate|boost\n|-unboost|p2a: Porygon|atk|1\n|move|p2a: Porygon|Recover|p2a: Porygon\n|-heal|p2a: Porygon|100\/100 tox\n|\n|-damage|p2a: Porygon|94\/100 tox|[from] psn\n|upkeep\n|turn|18\n|inactive|Hikertoad has 30 seconds left.\n|inactive|GeniusX has 150 seconds left.\n|\n|switch|p1a: Nihilego|Nihilego|48\/100\n|-damage|p1a: Nihilego|32\/100|[from] Spikes\n|switch|p2a: Skarmory|Skarmory, F|93\/100\n|-damage|p2a: Skarmory|81\/100|[from] Stealth Rock\n|\n|upkeep\n|turn|19\n|inactive|Hikertoad has 30 seconds left.\n|inactive|GeniusX has 150 seconds left.\n|inactive|Hikertoad has 20 seconds left.\n|\n|move|p1a: Nihilego|Sludge Wave|p2a: Skarmory\n|-immune|p2a: Skarmory\n|move|p2a: Skarmory|Body Press|p1a: Nihilego\n|-damage|p1a: Nihilego|0 fnt\n|faint|p1a: Nihilego\n|\n|upkeep\n|inactive|Hikertoad has 25 seconds left this turn.\n|inactive|Hikertoad has 20 seconds left.\n|\n|switch|p1a: Mawile|Mawile, M|67\/100\n|-damage|p1a: Mawile|51\/100|[from] Spikes\n|-ability|p1a: Mawile|Intimidate|boost\n|-unboost|p2a: Skarmory|atk|1\n|turn|20\n|inactive|Hikertoad has 30 seconds left this turn.\n|\n|detailschange|p1a: Mawile|Mawile-Mega, M\n|-mega|p1a: Mawile|Mawile|Mawilite\n|move|p2a: Skarmory|Iron Defense|p2a: Skarmory\n|-boost|p2a: Skarmory|def|2\n|move|p1a: Mawile|Knock Off|p2a: Skarmory\n|-damage|p2a: Skarmory|71\/100\n|\n|upkeep\n|turn|21\n|\n|move|p2a: Skarmory|Body Press|p1a: Mawile\n|-damage|p1a: Mawile|7\/100\n|move|p1a: Mawile|Knock Off|p2a: Skarmory\n|-damage|p2a: Skarmory|60\/100\n|\n|upkeep\n|turn|22\n|\n|move|p2a: Skarmory|Body Press|p1a: Mawile\n|-damage|p1a: Mawile|0 fnt\n|faint|p1a: Mawile\n|\n|win|GeniusX\n|c|\u2606GeniusX|gg\n|c|\u2606Hikertoad|gg\n|c|\u2606GeniusX|sry bout crit\n|c|\u2606GeniusX|idt para mattered\n|c|\u2606GeniusX|were u spin phan\n|c|\u2606Hikertoad|another spike wouldve been nice\n|c|\u2606Hikertoad|yeah\n|c|\u2606GeniusX|yea fair\n|c|\u2606GeniusX|would have forced me\n|c|\u2606GeniusX|to make mroe plays\n|c|\u2606GeniusX|but it allowed me to play rly safe towards the end\n|l| tortuga desnuda\n|c|\u2606GeniusX|but i was\n|l| RCV Deadbolt\n|c|\u2606GeniusX|act talk on disc\n|c|\u2606GeniusX|easier\n|c|\u2606Hikertoad|ye\n","uploadtime":1597069243,"views":147,"p1id":"hikertoad","p2id":"geniusx","formatid":"gen8predlcnationaldlcdraft","rating":0,"private":0,"password":null}