{"id":"sports-gen8nationaldexdraft-670975","p1":"charmdi","p2":"Unviabriel","format":"gen8nationaldexdraft","log":"|j|\u2606charmdi\n|j|\u2606Unviabriel\n|t:|1655521125\n|gametype|singles\n|player|p1|charmdi|charmdi.png|\n|player|p2|Unviabriel|unviabriel.png|\n|teamsize|p1|6\n|teamsize|p2|6\n|gen|8\n|tier|[Gen 8] National Dex Draft\n|rule|Sleep Clause Mod: Limit one foe put to sleep\n|rule|OHKO Clause: OHKO moves are banned\n|rule|Evasion Moves Clause: Evasion moves are banned\n|rule|Endless Battle Clause: Forcing endless battles is banned\n|rule|HP Percentage Mod: HP is shown in percentages\n|rule|Dynamax Clause: You cannot dynamax\n|clearpoke\n|poke|p1|Charizard, F|\n|poke|p1|Dragapult, M|\n|poke|p1|Necrozma|\n|poke|p1|Kartana|\n|poke|p1|Stunfisk, F|\n|poke|p1|Blastoise, M|\n|poke|p2|Tapu Koko|\n|poke|p2|Kyurem|\n|poke|p2|Mienshao, F|\n|poke|p2|Nihilego|\n|poke|p2|Moltres|\n|poke|p2|Gyarados, F|\n|teampreview\n|html|<button name=\"send\" class=\"button\" value=\"\/timer ds\"><i class=\"fa fa-hourglass-start\"><\/i> DS Timer<\/button> <button name=\"send\" class=\"button\" value=\"\/timer smogon\"><i class=\"fa fa-hourglass-start\"><\/i> Smogon Timer<\/button>\n|c|\u2606Unviabriel|glhf\n|c|\u2606charmdi|u2\n|j| Dackt\n|j| hgc1110\n|j| 1-800 Get Bitches\n|\n|t:|1655521250\n|start\n|switch|p1a: Necrozma|Necrozma|100\/100\n|switch|p2a: Kyurem|Kyurem|100\/100\n|-ability|p2a: Kyurem|Pressure\n|turn|1\n|j| vinithewini\n|j| ThinkingSceptile\n|\n|t:|1655521357\n|move|p2a: Kyurem|Draco Meteor|p1a: Necrozma\n|-damage|p1a: Necrozma|0 fnt\n|-unboost|p2a: Kyurem|spa|2\n|faint|p1a: Necrozma\n|\n|upkeep\n|\n|t:|1655521374\n|switch|p1a: Stunfisk|Stunfisk, F|100\/100\n|turn|2\n|\n|t:|1655521467\n|switch|p2a: Moltres|Moltres|100\/100\n|move|p1a: Stunfisk|Stealth Rock|p2a: Moltres\n|-sidestart|p2: Unviabriel|move: Stealth Rock\n|\n|upkeep\n|turn|3\n|\n|t:|1655521488\n|move|p2a: Moltres|Toxic|p1a: Stunfisk\n|-status|p1a: Stunfisk|tox\n|move|p1a: Stunfisk|Discharge|p2a: Moltres\n|-supereffective|p2a: Moltres\n|-damage|p2a: Moltres|62\/100\n|-status|p2a: Moltres|par\n|\n|-damage|p1a: Stunfisk|94\/100 tox|[from] psn\n|upkeep\n|turn|4\n|\n|t:|1655521528\n|switch|p1a: Charizard|Charizard, F|100\/100\n|move|p2a: Moltres|Defog|p1a: Charizard\n|-unboost|p1a: Charizard|evasion|1\n|-sideend|p2: Unviabriel|Stealth Rock|[from] move: Defog|[of] p2a: Moltres\n|\n|upkeep\n|turn|5\n|\n|t:|1655521568\n|switch|p1a: Stunfisk|Stunfisk, F|94\/100 tox\n|switch|p2a: Nihilego|Nihilego|100\/100\n|\n|-damage|p1a: Stunfisk|88\/100 tox|[from] psn\n|upkeep\n|turn|6\n|\n|t:|1655521633\n|switch|p2a: Kyurem|Kyurem|100\/100\n|-ability|p2a: Kyurem|Pressure\n|move|p1a: Stunfisk|Stealth Rock|p2a: Kyurem\n|-sidestart|p2: Unviabriel|move: Stealth Rock\n|\n|-damage|p1a: Stunfisk|76\/100 tox|[from] psn\n|upkeep\n|turn|7\n|\n|t:|1655521676\n|switch|p1a: Charizard|Charizard, F|100\/100\n|move|p2a: Kyurem|Freeze-Dry|p1a: Charizard\n|-damage|p1a: Charizard|36\/100\n|\n|upkeep\n|turn|8\n|j| Diviniya\n|\n|t:|1655521739\n|switch|p2a: Nihilego|Nihilego|100\/100\n|-damage|p2a: Nihilego|88\/100|[from] Stealth Rock\n|detailschange|p1a: Charizard|Charizard-Mega-Y, F\n|-mega|p1a: Charizard|Charizard|Charizardite Y\n|-weather|SunnyDay|[from] ability: Drought|[of] p1a: Charizard\n|move|p1a: Charizard|Fire Blast|p2a: Nihilego|[miss]\n|-miss|p1a: Charizard|p2a: Nihilego\n|\n|-weather|SunnyDay|[upkeep]\n|-heal|p2a: Nihilego|94\/100|[from] item: Black Sludge\n|upkeep\n|turn|9\n|\n|t:|1655521770\n|move|p2a: Nihilego|Stealth Rock|p1a: Charizard\n|-sidestart|p1: charmdi|move: Stealth Rock\n|move|p1a: Charizard|Fire Blast|p2a: Nihilego|[miss]\n|-miss|p1a: Charizard|p2a: Nihilego\n|\n|-weather|SunnyDay|[upkeep]\n|-heal|p2a: Nihilego|99\/100|[from] item: Black Sludge\n|upkeep\n|turn|10\n|\n|t:|1655521785\n|switch|p1a: Stunfisk|Stunfisk, F|76\/100 tox\n|-damage|p1a: Stunfisk|70\/100 tox|[from] Stealth Rock\n|move|p2a: Nihilego|Sludge Bomb|p1a: Stunfisk\n|-resisted|p1a: Stunfisk\n|-damage|p1a: Stunfisk|53\/100 tox\n|\n|-weather|SunnyDay|[upkeep]\n|-heal|p2a: Nihilego|100\/100|[from] item: Black Sludge\n|-damage|p1a: Stunfisk|47\/100 tox|[from] psn\n|upkeep\n|turn|11\n|\n|t:|1655521812\n|switch|p2a: Kyurem|Kyurem|100\/100\n|-damage|p2a: Kyurem|76\/100|[from] Stealth Rock\n|-ability|p2a: Kyurem|Pressure\n|move|p1a: Stunfisk|Discharge|p2a: Kyurem\n|-resisted|p2a: Kyurem\n|-damage|p2a: Kyurem|65\/100\n|\n|-weather|SunnyDay|[upkeep]\n|-damage|p1a: Stunfisk|34\/100 tox|[from] psn\n|upkeep\n|turn|12\n|\n|t:|1655521827\n|move|p2a: Kyurem|Freeze-Dry|p1a: Stunfisk\n|-supereffective|p1a: Stunfisk\n|-damage|p1a: Stunfisk|0 fnt\n|faint|p1a: Stunfisk\n|\n|-weather|none\n|upkeep\n|\n|t:|1655521831\n|switch|p1a: Dragapult|Dragapult, M|100\/100\n|-damage|p1a: Dragapult|88\/100|[from] Stealth Rock\n|turn|13\n|\n|t:|1655521840\n|move|p1a: Dragapult|Substitute|p1a: Dragapult\n|-start|p1a: Dragapult|Substitute\n|-damage|p1a: Dragapult|63\/100\n|move|p2a: Kyurem|Freeze-Dry|p1a: Dragapult\n|-supereffective|p1a: Dragapult\n|-end|p1a: Dragapult|Substitute\n|\n|upkeep\n|turn|14\n|\n|t:|1655521886\n|move|p1a: Dragapult|Substitute|p1a: Dragapult\n|-start|p1a: Dragapult|Substitute\n|-damage|p1a: Dragapult|38\/100\n|move|p2a: Kyurem|Freeze-Dry|p1a: Dragapult\n|-supereffective|p1a: Dragapult\n|-end|p1a: Dragapult|Substitute\n|\n|upkeep\n|turn|15\n|\n|t:|1655521903\n|move|p1a: Dragapult|Dragon Dance|p1a: Dragapult\n|-boost|p1a: Dragapult|atk|1\n|-boost|p1a: Dragapult|spe|1\n|move|p2a: Kyurem|Freeze-Dry|p1a: Dragapult\n|-supereffective|p1a: Dragapult\n|-damage|p1a: Dragapult|0 fnt\n|faint|p1a: Dragapult\n|\n|upkeep\n|\n|t:|1655521906\n|switch|p1a: Kartana|Kartana|100\/100\n|-damage|p1a: Kartana|94\/100|[from] Stealth Rock\n|turn|16\n|\n|t:|1655521929\n|move|p1a: Kartana|Smart Strike|p2a: Kyurem\n|-supereffective|p2a: Kyurem\n|-damage|p2a: Kyurem|0 fnt\n|faint|p2a: Kyurem\n|-ability|p1a: Kartana|Beast Boost|boost\n|-boost|p1a: Kartana|atk|1\n|\n|upkeep\n|\n|t:|1655522094\n|switch|p2a: Gyarados|Gyarados, F|100\/100\n|-damage|p2a: Gyarados|76\/100|[from] Stealth Rock\n|-ability|p2a: Gyarados|Intimidate|boost\n|-unboost|p1a: Kartana|atk|1\n|turn|17\n|\n|t:|1655522112\n|move|p1a: Kartana|Leaf Blade|p2a: Gyarados\n|-crit|p2a: Gyarados\n|-damage|p2a: Gyarados|0 fnt\n|faint|p2a: Gyarados\n|-ability|p1a: Kartana|Beast Boost|boost\n|-boost|p1a: Kartana|atk|1\n|\n|upkeep\n|j| Beter222\n|j| smeargle123\n|\n|t:|1655522332\n|switch|p2a: Tapu Koko|Tapu Koko|100\/100\n|-damage|p2a: Tapu Koko|88\/100|[from] Stealth Rock\n|-fieldstart|move: Electric Terrain|[from] ability: Electric Surge|[of] p2a: Tapu Koko\n|turn|18\n|\n|t:|1655522371\n|move|p2a: Tapu Koko|U-turn|p1a: Kartana\n|-damage|p1a: Kartana|78\/100\n|\n|t:|1655522402\n|switch|p2a: Nihilego|Nihilego|100\/100|[from]move: U-turn\n|-damage|p2a: Nihilego|88\/100|[from] Stealth Rock\n|move|p1a: Kartana|Leaf Blade|p2a: Nihilego\n|-damage|p2a: Nihilego|0 fnt\n|faint|p2a: Nihilego\n|-ability|p1a: Kartana|Beast Boost|boost\n|-boost|p1a: Kartana|atk|1\n|\n|upkeep\n|\n|t:|1655522494\n|switch|p2a: Tapu Koko|Tapu Koko|88\/100\n|-damage|p2a: Tapu Koko|76\/100|[from] Stealth Rock\n|turn|19\n|\n|t:|1655522521\n|move|p2a: Tapu Koko|U-turn|p1a: Kartana\n|-damage|p1a: Kartana|61\/100\n|j| LightningSpark7\n|l| Beter222\n|j| Jinko42\n|j| friedps4_1835\n|\n|t:|1655522629\n|switch|p2a: Moltres|Moltres|62\/100 par|[from]move: U-turn\n|move|p1a: Kartana|Leaf Blade|p2a: Moltres\n|-resisted|p2a: Moltres\n|-damage|p2a: Moltres|40\/100 par\n|-status|p1a: Kartana|brn|[from] ability: Flame Body|[of] p2a: Moltres\n|\n|-damage|p1a: Kartana|55\/100 brn|[from] brn\n|upkeep\n|turn|20\n|j| Yahoodles\n|\n|t:|1655522695\n|switch|p2a: Tapu Koko|Tapu Koko|76\/100\n|-damage|p2a: Tapu Koko|64\/100|[from] Stealth Rock\n|move|p1a: Kartana|Leaf Blade|p2a: Tapu Koko\n|-damage|p2a: Tapu Koko|0 fnt\n|faint|p2a: Tapu Koko\n|-ability|p1a: Kartana|Beast Boost|boost\n|-boost|p1a: Kartana|atk|1\n|\n|-damage|p1a: Kartana|48\/100 brn|[from] brn\n|upkeep\n|\n|t:|1655522702\n|switch|p2a: Mienshao|Mienshao, F|100\/100\n|-damage|p2a: Mienshao|95\/100|[from] Stealth Rock\n|turn|21\n|\n|t:|1655522708\n|move|p2a: Mienshao|Close Combat|p1a: Kartana\n|-supereffective|p1a: Kartana\n|-damage|p1a: Kartana|0 fnt\n|-unboost|p2a: Mienshao|def|1\n|-unboost|p2a: Mienshao|spd|1\n|faint|p1a: Kartana\n|\n|upkeep\n|c| Dackt|Human?\n|\n|t:|1655522715\n|switch|p1a: Blastoise|Blastoise, M|100\/100\n|-damage|p1a: Blastoise|88\/100|[from] Stealth Rock\n|turn|22\n|l| LightningSpark7\n|\n|t:|1655522742\n|move|p2a: Mienshao|Close Combat|p1a: Blastoise\n|-damage|p1a: Blastoise|20\/100\n|-unboost|p2a: Mienshao|def|1\n|-unboost|p2a: Mienshao|spd|1\n|move|p1a: Blastoise|Surf|p2a: Mienshao\n|-damage|p2a: Mienshao|0 fnt\n|faint|p2a: Mienshao\n|\n|-fieldend|move: Electric Terrain\n|upkeep\n|\n|t:|1655522747\n|switch|p2a: Moltres|Moltres|40\/100 par\n|turn|23\n|\n|t:|1655522750\n|move|p1a: Blastoise|Surf|p2a: Moltres\n|-supereffective|p2a: Moltres\n|-damage|p2a: Moltres|0 fnt\n|faint|p2a: Moltres\n|\n|win|charmdi\n|c|\u2606charmdi|gg\n","uploadtime":1655522755,"views":92,"p1id":"charmdi","p2id":"unviabriel","formatid":"gen8nationaldexdraft","rating":0,"private":0,"password":null}