{"id":"sports-gen8nationaldexdraft-717715","p1":"JimmyG9965","p2":"Unviabriel","format":"gen8nationaldexdraft","log":"|j|\u2606JimmyG9965\n|j|\u2606Unviabriel\n|t:|1661806966\n|gametype|singles\n|player|p1|JimmyG9965|infielder|\n|player|p2|Unviabriel|unviabriel.png|\n|teamsize|p1|6\n|teamsize|p2|6\n|gen|8\n|tier|[Gen 8] National Dex Draft\n|rule|Sleep Clause Mod: Limit one foe put to sleep\n|rule|OHKO Clause: OHKO moves are banned\n|rule|Evasion Moves Clause: Evasion moves are banned\n|rule|Endless Battle Clause: Forcing endless battles is banned\n|rule|HP Percentage Mod: HP is shown in percentages\n|rule|Dynamax Clause: You cannot dynamax\n|clearpoke\n|poke|p1|Miltank, F|\n|poke|p1|Donphan, F|\n|poke|p1|Arctozolt|\n|poke|p1|Rotom-Wash|\n|poke|p1|Scizor, F|\n|poke|p1|Gengar, M|\n|poke|p2|Cinderace, F|\n|poke|p2|Zapdos|\n|poke|p2|Excadrill, F|\n|poke|p2|Tyranitar, F|\n|poke|p2|Altaria, M|\n|poke|p2|Froslass, F|\n|teampreview\n|html|<button name=\"send\" class=\"button\" value=\"\/timer ds\"><i class=\"fa fa-hourglass-start\"><\/i> DS Timer<\/button> <button name=\"send\" class=\"button\" value=\"\/timer smogon\"><i class=\"fa fa-hourglass-start\"><\/i> Smogon Timer<\/button>\n|c|\u2606Unviabriel|glhf\n|c|\u2606JimmyG9965|You too\n|j| palkia62\n|j| goinforasmoke\n|\n|t:|1661807021\n|start\n|switch|p1a: MilDANK|Miltank, F|100\/100\n|switch|p2a: Cinderace|Cinderace, F|100\/100\n|turn|1\n|j| Turkehy\n|j| Great Distance\n|j| Shuckle15\n|\n|t:|1661807066\n|move|p2a: Cinderace|U-turn|p1a: MilDANK\n|-start|p2a: Cinderace|typechange|Bug|[from] ability: Libero\n|-damage|p1a: MilDANK|79\/100\n|\n|t:|1661807083\n|switch|p2a: Excadrill|Excadrill, F|100\/100|[from]move: U-turn\n|-ability|p2a: Excadrill|Mold Breaker\n|move|p1a: MilDANK|Counter|p2a: Excadrill\n|-damage|p2a: Excadrill|54\/100\n|\n|-heal|p2a: Excadrill|60\/100|[from] item: Leftovers\n|upkeep\n|turn|2\n|\n|t:|1661807144\n|switch|p1a: Phan-tastic|Donphan, F|100\/100\n|move|p2a: Excadrill|Swords Dance|p2a: Excadrill\n|-boost|p2a: Excadrill|atk|2\n|\n|-heal|p2a: Excadrill|66\/100|[from] item: Leftovers\n|upkeep\n|turn|3\n|\n|t:|1661807188\n|switch|p2a: Altaria|Altaria, M|100\/100\n|-ability|p2a: Altaria|Cloud Nine\n|move|p1a: Phan-tastic|Earthquake|p2a: Altaria\n|-immune|p2a: Altaria\n|\n|upkeep\n|turn|4\n|\n|t:|1661807220\n|detailschange|p2a: Altaria|Altaria-Mega, M\n|-mega|p2a: Altaria|Altaria|Altarianite\n|move|p2a: Altaria|Hyper Voice|p1a: Phan-tastic\n|-damage|p1a: Phan-tastic|48\/100\n|move|p1a: Phan-tastic|Heavy Slam|p2a: Altaria\n|-supereffective|p2a: Altaria\n|-damage|p2a: Altaria|38\/100\n|\n|upkeep\n|turn|5\n|\n|t:|1661807263\n|switch|p1a: Nappy|Gengar, M|100\/100\n|move|p2a: Altaria|Hyper Voice|p1a: Nappy\n|-resisted|p1a: Nappy\n|-damage|p1a: Nappy|72\/100\n|-start|p2a: Altaria|Disable|Hyper Voice|[from] ability: Cursed Body|[of] p1a: Nappy\n|\n|upkeep\n|turn|6\n|\n|t:|1661807295\n|switch|p1a: Phan-tastic|Donphan, F|48\/100\n|switch|p2a: Tyranitar|Tyranitar, F|100\/100\n|-weather|Sandstorm|[from] ability: Sand Stream|[of] p2a: Tyranitar\n|\n|-weather|Sandstorm|[upkeep]\n|upkeep\n|turn|7\n|\n|t:|1661807319\n|move|p1a: Phan-tastic|Gunk Shot|p2a: Tyranitar|[miss]\n|-miss|p1a: Phan-tastic|p2a: Tyranitar\n|move|p2a: Tyranitar|Ice Beam|p1a: Phan-tastic\n|-supereffective|p1a: Phan-tastic\n|-damage|p1a: Phan-tastic|0 fnt\n|faint|p1a: Phan-tastic\n|\n|-weather|Sandstorm|[upkeep]\n|upkeep\n|\n|t:|1661807333\n|switch|p1a: Scissors|Scizor, F|100\/100\n|turn|8\n|\n|t:|1661807345\n|switch|p2a: Zapdos|Zapdos|100\/100\n|detailschange|p1a: Scissors|Scizor-Mega, F\n|-mega|p1a: Scissors|Scizor|Scizorite\n|move|p1a: Scissors|U-turn|p2a: Zapdos\n|-resisted|p2a: Zapdos\n|-damage|p2a: Zapdos|81\/100\n|j| EGAWalreins\n|\n|t:|1661807360\n|switch|p1a: Colorless|Arctozolt, shiny|100\/100|[from]move: U-turn\n|\n|-weather|Sandstorm|[upkeep]\n|-damage|p2a: Zapdos|75\/100|[from] Sandstorm\n|-damage|p1a: Colorless|94\/100|[from] Sandstorm\n|upkeep\n|turn|9\n|\n|t:|1661807436\n|move|p2a: Zapdos|Roost|p2a: Zapdos\n|-heal|p2a: Zapdos|100\/100\n|-singleturn|p2a: Zapdos|move: Roost\n|move|p1a: Colorless|Icy Wind|p2a: Zapdos\n|-damage|p2a: Zapdos|82\/100\n|-unboost|p2a: Zapdos|spe|1\n|\n|-weather|Sandstorm|[upkeep]\n|-damage|p2a: Zapdos|76\/100|[from] Sandstorm\n|-damage|p1a: Colorless|88\/100|[from] Sandstorm\n|upkeep\n|turn|10\n|\n|t:|1661807484\n|switch|p2a: Froslass|Froslass, F|100\/100\n|move|p1a: Colorless|Blizzard|p2a: Froslass\n|-resisted|p2a: Froslass\n|-damage|p2a: Froslass|70\/100\n|\n|-weather|none\n|upkeep\n|turn|11\n|\n|t:|1661807571\n|switch|p2a: Excadrill|Excadrill, F|66\/100\n|-ability|p2a: Excadrill|Mold Breaker\n|move|p1a: Colorless|Bolt Beak|p2a: Excadrill\n|-immune|p2a: Excadrill\n|\n|-heal|p2a: Excadrill|72\/100|[from] item: Leftovers\n|upkeep\n|turn|12\n|\n|t:|1661807591\n|move|p2a: Excadrill|Earthquake|p1a: Colorless\n|-supereffective|p1a: Colorless\n|-damage|p1a: Colorless|0 fnt\n|faint|p1a: Colorless\n|\n|-heal|p2a: Excadrill|78\/100|[from] item: Leftovers\n|upkeep\n|\n|t:|1661807600\n|switch|p1a: Scissors|Scizor-Mega, F|100\/100\n|turn|13\n|l| Shuckle15\n|\n|t:|1661807663\n|move|p2a: Excadrill|Swords Dance|p2a: Excadrill\n|-boost|p2a: Excadrill|atk|2\n|move|p1a: Scissors|U-turn|p2a: Excadrill\n|-resisted|p2a: Excadrill\n|-damage|p2a: Excadrill|49\/100\n|\n|t:|1661807666\n|switch|p1a: Nappy|Gengar, M|72\/100|[from]move: U-turn\n|\n|-heal|p2a: Excadrill|55\/100|[from] item: Leftovers\n|upkeep\n|turn|14\n|\n|t:|1661807709\n|switch|p2a: Froslass|Froslass, F|70\/100\n|move|p1a: Nappy|Focus Blast|p2a: Froslass\n|-immune|p2a: Froslass\n|\n|upkeep\n|turn|15\n|\n|t:|1661807729\n|switch|p1a: Portable Wash|Rotom-Wash|100\/100\n|move|p2a: Froslass|Spikes|p1a: Portable Wash\n|-sidestart|p1: JimmyG9965|Spikes\n|\n|upkeep\n|turn|16\n|\n|t:|1661807771\n|switch|p2a: Altaria|Altaria-Mega, M|38\/100\n|move|p1a: Portable Wash|Hydro Pump|p2a: Altaria\n|-resisted|p2a: Altaria\n|-damage|p2a: Altaria|14\/100\n|\n|upkeep\n|turn|17\n|\n|t:|1661807782\n|move|p2a: Altaria|Roost|p2a: Altaria\n|-heal|p2a: Altaria|64\/100\n|-singleturn|p2a: Altaria|move: Roost\n|move|p1a: Portable Wash|Volt Switch|p2a: Altaria\n|-resisted|p2a: Altaria\n|-damage|p2a: Altaria|47\/100\n|\n|t:|1661807793\n|switch|p1a: Scissors|Scizor-Mega, F|100\/100|[from]move: Volt Switch\n|-damage|p1a: Scissors|88\/100|[from] Spikes\n|\n|upkeep\n|turn|18\n|\n|t:|1661807809\n|switch|p2a: Zapdos|Zapdos|76\/100\n|move|p1a: Scissors|Bullet Punch|p2a: Zapdos\n|-resisted|p2a: Zapdos\n|-crit|p2a: Zapdos\n|-damage|p2a: Zapdos|54\/100\n|\n|upkeep\n|turn|19\n|\n|t:|1661807829\n|move|p2a: Zapdos|Roost|p2a: Zapdos\n|-heal|p2a: Zapdos|100\/100\n|-singleturn|p2a: Zapdos|move: Roost\n|move|p1a: Scissors|U-turn|p2a: Zapdos\n|-damage|p2a: Zapdos|67\/100\n|\n|t:|1661807838\n|switch|p1a: MilDANK|Miltank, F|79\/100|[from]move: U-turn\n|-damage|p1a: MilDANK|67\/100|[from] Spikes\n|\n|upkeep\n|turn|20\n|\n|t:|1661807867\n|move|p2a: Zapdos|Hurricane|p1a: MilDANK\n|-damage|p1a: MilDANK|9\/100\n|move|p1a: MilDANK|Body Press|p2a: Zapdos\n|-resisted|p2a: Zapdos\n|-damage|p2a: Zapdos|56\/100\n|\n|upkeep\n|turn|21\n|\n|t:|1661807896\n|move|p2a: Zapdos|Volt Switch|p1a: MilDANK\n|-damage|p1a: MilDANK|0 fnt\n|faint|p1a: MilDANK\n|\n|t:|1661807913\n|switch|p2a: Cinderace|Cinderace, F|100\/100|[from]move: Volt Switch\n|\n|upkeep\n|\n|t:|1661807924\n|switch|p1a: Portable Wash|Rotom-Wash|100\/100\n|turn|22\n|\n|t:|1661807939\n|move|p2a: Cinderace|U-turn|p1a: Portable Wash\n|-start|p2a: Cinderace|typechange|Bug|[from] ability: Libero\n|-damage|p1a: Portable Wash|66\/100\n|inactive|Battle timer is ON: inactive players will automatically lose when time's up. (requested by JimmyG9965)\n|\n|t:|1661807950\n|switch|p2a: Froslass|Froslass, F|70\/100|[from]move: U-turn\n|move|p1a: Portable Wash|Volt Switch|p2a: Froslass\n|-damage|p2a: Froslass|12\/100\n|\n|t:|1661807955\n|switch|p1a: Nappy|Gengar, M|72\/100|[from]move: Volt Switch\n|-damage|p1a: Nappy|59\/100|[from] Spikes\n|\n|upkeep\n|turn|23\n|\n|t:|1661807962\n|move|p1a: Nappy|Energy Ball|p2a: Froslass\n|-damage|p2a: Froslass|0 fnt\n|faint|p2a: Froslass\n|\n|upkeep\n|inactive|Unviabriel has 270 seconds left.\n|\n|t:|1661807997\n|switch|p2a: Zapdos|Zapdos|56\/100\n|turn|24\n|\n|t:|1661808002\n|switch|p1a: Portable Wash|Rotom-Wash|66\/100\n|move|p2a: Zapdos|Volt Switch|p1a: Portable Wash\n|-damage|p1a: Portable Wash|32\/100\n|-enditem|p1a: Portable Wash|Sitrus Berry|[eat]\n|-heal|p1a: Portable Wash|57\/100|[from] item: Sitrus Berry\n|inactive|Unviabriel has 270 seconds left.\n|\n|t:|1661808018\n|switch|p2a: Excadrill|Excadrill, F|55\/100|[from]move: Volt Switch\n|-ability|p2a: Excadrill|Mold Breaker\n|\n|-heal|p2a: Excadrill|61\/100|[from] item: Leftovers\n|upkeep\n|turn|25\n|\n|t:|1661808025\n|move|p2a: Excadrill|Earthquake|p1a: Portable Wash\n|-supereffective|p1a: Portable Wash\n|-damage|p1a: Portable Wash|0 fnt\n|faint|p1a: Portable Wash\n|\n|-heal|p2a: Excadrill|68\/100|[from] item: Leftovers\n|upkeep\n|\n|t:|1661808028\n|switch|p1a: Nappy|Gengar, M|59\/100\n|-damage|p1a: Nappy|47\/100|[from] Spikes\n|turn|26\n|\n|t:|1661808042\n|switch|p2a: Altaria|Altaria-Mega, M|47\/100\n|move|p1a: Nappy|Sludge Wave|p2a: Altaria\n|-supereffective|p2a: Altaria\n|-damage|p2a: Altaria|0 fnt\n|faint|p2a: Altaria\n|\n|upkeep\n|inactive|Unviabriel has 270 seconds left.\n|inactive|Unviabriel has 240 seconds left.\n|\n|t:|1661808091\n|switch|p2a: Cinderace|Cinderace, F|100\/100\n|turn|27\n|\n|t:|1661808095\n|move|p2a: Cinderace|Sucker Punch|p1a: Nappy\n|-start|p2a: Cinderace|typechange|Dark|[from] ability: Libero\n|-supereffective|p1a: Nappy\n|-damage|p1a: Nappy|0 fnt\n|faint|p1a: Nappy\n|\n|upkeep\n|\n|t:|1661808098\n|switch|p1a: Scissors|Scizor-Mega, F|88\/100\n|-damage|p1a: Scissors|76\/100|[from] Spikes\n|turn|28\n|\n|t:|1661808104\n|move|p1a: Scissors|Bullet Punch|p2a: Cinderace\n|-damage|p2a: Cinderace|46\/100\n|move|p2a: Cinderace|Pyro Ball|p1a: Scissors\n|-start|p2a: Cinderace|typechange|Fire|[from] ability: Libero\n|-supereffective|p1a: Scissors\n|-damage|p1a: Scissors|0 fnt\n|faint|p1a: Scissors\n|\n|win|Unviabriel\n|c|\u2606Unviabriel|gg\n","uploadtime":1661808110,"views":43,"p1id":"jimmyg9965","p2id":"unviabriel","formatid":"gen8nationaldexdraft","rating":0,"private":0,"password":null}