{"id":"sports-gen8nationaldexleaksdraft-583515","p1":"Trouyyboy","p2":"AsterJ","format":"gen8nationaldexleaksdraft","log":"|j|\u2606Trouyyboy\n|j|\u2606AsterJ\n|t:|1643605021\n|gametype|singles\n|player|p1|Trouyyboy|wally|\n|player|p2|AsterJ|asterj.png|\n|teamsize|p1|6\n|teamsize|p2|6\n|gen|8\n|tier|[Gen 8] National Dex Leaks Draft\n|rule|Sleep Clause Mod: Limit one foe put to sleep\n|rule|OHKO Clause: OHKO moves are banned\n|rule|Evasion Moves Clause: Evasion moves are banned\n|rule|Endless Battle Clause: Forcing endless battles is banned\n|rule|HP Percentage Mod: HP is shown in percentages\n|rule|Dynamax Clause: You cannot dynamax\n|clearpoke\n|poke|p1|Corviknight, M|\n|poke|p1|Mewtwo|\n|poke|p1|Urshifu-*, M|\n|poke|p1|Tapu Lele|\n|poke|p1|Groudon|\n|poke|p1|Arceus-*|\n|poke|p2|Pheromosa|\n|poke|p2|Zygarde|\n|poke|p2|Arceus-*|\n|poke|p2|Rotom-Wash|\n|poke|p2|Krookodile, M|\n|poke|p2|Latios, M|\n|teampreview\n|html|<button name=\"send\" class=\"button\" value=\"\/timer ds\"><i class=\"fa fa-hourglass-start\"><\/i> DS Timer<\/button> <button name=\"send\" class=\"button\" value=\"\/timer smogon\"><i class=\"fa fa-hourglass-start\"><\/i> Smogon Timer<\/button>\n|c|\u2606AsterJ|hey gl hf man\n|c|\u2606Trouyyboy|same to you\n|\n|t:|1643605077\n|start\n|switch|p1a: Master Shifu|Urshifu, M|100\/100\n|switch|p2a: Pheromosa|Pheromosa|100\/100\n|turn|1\n|\n|t:|1643605101\n|switch|p1a: Meta Knight|Corviknight, M, shiny|100\/100\n|-ability|p1a: Meta Knight|Pressure\n|move|p2a: Pheromosa|U-turn|p1a: Meta Knight\n|-resisted|p1a: Meta Knight\n|-damage|p1a: Meta Knight|94\/100\n|\n|t:|1643605108\n|switch|p2a: Rotom|Rotom-Wash|100\/100|[from]move: U-turn\n|\n|-heal|p1a: Meta Knight|99\/100|[from] item: Leftovers\n|upkeep\n|turn|2\n|\n|t:|1643605125\n|switch|p1a: Thor|Arceus-Electric|100\/100\n|move|p2a: Rotom|Trick||[still]\n|-fail|p2a: Rotom\n|\n|upkeep\n|turn|3\n|j| Kniops\n|\n|t:|1643605139\n|switch|p2a: Krookodile|Krookodile, M|100\/100\n|-ability|p2a: Krookodile|Intimidate|boost\n|-unboost|p1a: Thor|atk|1\n|move|p1a: Thor|Calm Mind|p1a: Thor\n|-boost|p1a: Thor|spa|1\n|-boost|p1a: Thor|spd|1\n|\n|upkeep\n|turn|4\n|\n|t:|1643605150\n|move|p1a: Thor|Ice Beam|p2a: Krookodile\n|-supereffective|p2a: Krookodile\n|-damage|p2a: Krookodile|0 fnt\n|faint|p2a: Krookodile\n|\n|upkeep\n|j| Bat on Mash\n|\n|t:|1643605164\n|switch|p2a: Arceus|Arceus|100\/100\n|turn|5\n|\n|t:|1643605179\n|move|p1a: Thor|Judgment|p2a: Arceus\n|-damage|p2a: Arceus|40\/100\n|move|p2a: Arceus|Roar|p1a: Thor\n|drag|p1a: Master Shifu|Urshifu, M|100\/100\n|\n|upkeep\n|turn|6\n|\n|t:|1643605189\n|switch|p2a: Latios|Latios, M|100\/100\n|move|p1a: Master Shifu|Wicked Blow|p2a: Latios\n|-supereffective|p2a: Latios\n|-crit|p2a: Latios\n|-damage|p2a: Latios|0 fnt\n|faint|p2a: Latios\n|-damage|p1a: Master Shifu|91\/100|[from] item: Life Orb\n|\n|upkeep\n|\n|t:|1643605194\n|switch|p2a: Pheromosa|Pheromosa|100\/100\n|turn|7\n|\n|t:|1643605212\n|switch|p1a: Meta Knight|Corviknight, M, shiny|99\/100\n|-ability|p1a: Meta Knight|Pressure\n|move|p2a: Pheromosa|Close Combat|p1a: Meta Knight\n|-damage|p1a: Meta Knight|61\/100\n|-unboost|p2a: Pheromosa|def|1\n|-unboost|p2a: Pheromosa|spd|1\n|\n|-heal|p1a: Meta Knight|67\/100|[from] item: Leftovers\n|upkeep\n|turn|8\n|j| deez streetz w\n|\n|t:|1643605223\n|switch|p2a: Rotom|Rotom-Wash|100\/100\n|move|p1a: Meta Knight|U-turn|p2a: Rotom\n|-damage|p2a: Rotom|84\/100\n|\n|t:|1643605259\n|switch|p1a: Thor|Arceus-Electric|100\/100|[from]move: U-turn\n|\n|upkeep\n|turn|9\n|\n|t:|1643605269\n|move|p2a: Rotom|Volt Switch|p1a: Thor\n|-resisted|p1a: Thor\n|-damage|p1a: Thor|91\/100\n|\n|t:|1643605273\n|switch|p2a: Zygarde|Zygarde|100\/100|[from]move: Volt Switch\n|-ability|p2a: Zygarde|Aura Break\n|move|p1a: Thor|Ice Beam|p2a: Zygarde\n|-supereffective|p2a: Zygarde\n|-enditem|p2a: Zygarde|Yache Berry|[eat]\n|-enditem|p2a: Zygarde|Yache Berry|[weaken]\n|-damage|p2a: Zygarde|43\/100\n|-status|p2a: Zygarde|frz\n|\n|upkeep\n|turn|10\n|\n|t:|1643605293\n|move|p1a: Thor|Ice Beam|p2a: Zygarde\n|-supereffective|p2a: Zygarde\n|-damage|p2a: Zygarde|0 fnt\n|faint|p2a: Zygarde\n|\n|upkeep\n|l| deez streetz w\n|j| Optic Vesuvius\n|j|^Bontz\n|\n|t:|1643605305\n|switch|p2a: Pheromosa|Pheromosa|100\/100\n|turn|11\n|\n|t:|1643605321\n|move|p2a: Pheromosa|U-turn|p1a: Thor\n|-damage|p1a: Thor|60\/100\n|\n|t:|1643605323\n|switch|p2a: Rotom|Rotom-Wash|84\/100|[from]move: U-turn\n|move|p1a: Thor|Judgment|p2a: Rotom\n|-damage|p2a: Rotom|19\/100\n|\n|upkeep\n|turn|12\n|\n|t:|1643605333\n|move|p2a: Rotom|Hydro Pump|p1a: Thor|[miss]\n|-miss|p2a: Rotom|p1a: Thor\n|move|p1a: Thor|Judgment|p2a: Rotom\n|-damage|p2a: Rotom|0 fnt\n|faint|p2a: Rotom\n|\n|upkeep\n|\n|t:|1643605337\n|switch|p2a: Arceus|Arceus|40\/100\n|turn|13\n|l| Bat on Mash\n|\n|t:|1643605342\n|move|p1a: Thor|Recover|p1a: Thor\n|-heal|p1a: Thor|100\/100\n|move|p2a: Arceus|Recover|p2a: Arceus\n|-heal|p2a: Arceus|90\/100\n|\n|upkeep\n|turn|14\n|\n|t:|1643605348\n|move|p1a: Thor|Calm Mind|p1a: Thor\n|-boost|p1a: Thor|spa|1\n|-boost|p1a: Thor|spd|1\n|move|p2a: Arceus|Swords Dance|p2a: Arceus\n|-boost|p2a: Arceus|atk|2\n|\n|upkeep\n|turn|15\n|\n|t:|1643605363\n|move|p1a: Thor|Judgment|p2a: Arceus\n|-damage|p2a: Arceus|23\/100\n|-enditem|p2a: Arceus|Salac Berry|[eat]\n|-boost|p2a: Arceus|spe|1|[from] item: Salac Berry\n|move|p2a: Arceus|Roar|p1a: Thor\n|drag|p1a: Master Shifu|Urshifu, M|91\/100\n|\n|upkeep\n|turn|16\n|\n|t:|1643605380\n|move|p2a: Arceus|Last Resort|p1a: Master Shifu\n|-damage|p1a: Master Shifu|0 fnt\n|faint|p1a: Master Shifu\n|\n|upkeep\n|\n|t:|1643605385\n|switch|p1a: Meta Knight|Corviknight, M, shiny|67\/100\n|-ability|p1a: Meta Knight|Pressure\n|turn|17\n|\n|t:|1643605393\n|move|p2a: Arceus|Recover|p2a: Arceus\n|-heal|p2a: Arceus|73\/100\n|move|p1a: Meta Knight|Brave Bird|p2a: Arceus\n|-crit|p2a: Arceus\n|-damage|p2a: Arceus|35\/100\n|-damage|p1a: Meta Knight|54\/100|[from] Recoil\n|\n|-heal|p1a: Meta Knight|61\/100|[from] item: Leftovers\n|upkeep\n|turn|18\n|\n|t:|1643605410\n|move|p2a: Arceus|Recover|p2a: Arceus\n|-heal|p2a: Arceus|85\/100\n|move|p1a: Meta Knight|U-turn|p2a: Arceus\n|-damage|p2a: Arceus|76\/100\n|\n|t:|1643605493\n|switch|p1a: Tatsumaki|Tapu Lele, shiny|100\/100|[from]move: U-turn\n|-fieldstart|move: Psychic Terrain|[from] ability: Psychic Surge|[of] p1a: Tatsumaki\n|\n|upkeep\n|turn|19\n|\n|t:|1643605512\n|move|p2a: Arceus|Last Resort|p1a: Tatsumaki\n|-damage|p1a: Tatsumaki|0 fnt\n|faint|p1a: Tatsumaki\n|\n|upkeep\n|\n|t:|1643605522\n|switch|p1a: Gaara|Groudon|100\/100\n|-weather|SunnyDay|[from] ability: Drought|[of] p1a: Gaara\n|turn|20\n|\n|t:|1643605561\n|move|p2a: Arceus|Swords Dance|p2a: Arceus\n|-boost|p2a: Arceus|atk|2\n|move|p1a: Gaara|Precipice Blades|p2a: Arceus\n|-damage|p2a: Arceus|22\/100\n|\n|-weather|SunnyDay|[upkeep]\n|upkeep\n|turn|21\n|\n|t:|1643605569\n|move|p2a: Arceus|Last Resort|p1a: Gaara\n|-damage|p1a: Gaara|0 fnt\n|faint|p1a: Gaara\n|\n|-weather|SunnyDay|[upkeep]\n|upkeep\n|\n|t:|1643605577\n|switch|p1a: Thor|Arceus-Electric|100\/100\n|turn|22\n|\n|t:|1643605583\n|move|p2a: Arceus|Last Resort|p1a: Thor\n|-damage|p1a: Thor|0 fnt\n|faint|p1a: Thor\n|\n|-weather|SunnyDay|[upkeep]\n|-fieldend|move: Psychic Terrain\n|upkeep\n|\n|t:|1643605589\n|switch|p1a: Meta Knight|Corviknight, M, shiny|61\/100\n|-ability|p1a: Meta Knight|Pressure\n|turn|23\n|\n|t:|1643605594\n|move|p2a: Arceus|Last Resort|p1a: Meta Knight\n|-resisted|p1a: Meta Knight\n|-damage|p1a: Meta Knight|0 fnt\n|faint|p1a: Meta Knight\n|\n|-weather|SunnyDay|[upkeep]\n|upkeep\n|c|\u2606Trouyyboy|well gg\n|\n|t:|1643605601\n|switch|p1a: Mob Kageyama|Mewtwo|100\/100\n|-ability|p1a: Mob Kageyama|Pressure\n|turn|24\n|c|\u2606AsterJ|gg\n|\n|t:|1643605610\n|detailschange|p1a: Mob Kageyama|Mewtwo-Mega-Y\n|-mega|p1a: Mob Kageyama|Mewtwo|Mewtwonite Y\n|move|p2a: Arceus|Last Resort|p1a: Mob Kageyama\n|-damage|p1a: Mob Kageyama|0 fnt\n|faint|p1a: Mob Kageyama\n|\n|win|AsterJ\n","uploadtime":1643605615,"views":40,"p1id":"trouyyboy","p2id":"asterj","formatid":"gen8nationaldexleaksdraft","rating":0,"private":0,"password":null}