{"id":"sports-gen8nationaldexdraft-692385","p1":"among us blaster","p2":"Unviabriel","format":"gen8nationaldexdraft","log":"|j|\u2606among us blaster\n|j|\u2606Unviabriel\n|t:|1658439042\n|gametype|singles\n|player|p1|among us blaster|amongusblaster.png|\n|player|p2|Unviabriel|unviabriel.png|\n|teamsize|p1|6\n|teamsize|p2|6\n|gen|8\n|tier|[Gen 8] National Dex Draft\n|rule|Sleep Clause Mod: Limit one foe put to sleep\n|rule|OHKO Clause: OHKO moves are banned\n|rule|Evasion Moves Clause: Evasion moves are banned\n|rule|Endless Battle Clause: Forcing endless battles is banned\n|rule|HP Percentage Mod: HP is shown in percentages\n|rule|Dynamax Clause: You cannot dynamax\n|clearpoke\n|poke|p1|Crawdaunt, M|\n|poke|p1|Porygon2|\n|poke|p1|Gourgeist-*, M|\n|poke|p1|Raikou|\n|poke|p1|Swampert, F|\n|poke|p1|Slowbro-Galar, M|\n|poke|p2|Cinderace, F|\n|poke|p2|Zapdos|\n|poke|p2|Tangrowth, M|\n|poke|p2|Excadrill, F|\n|poke|p2|Tyranitar, F|\n|poke|p2|Altaria, F|\n|teampreview\n|html|<button name=\"send\" class=\"button\" value=\"\/timer ds\"><i class=\"fa fa-hourglass-start\"><\/i> DS Timer<\/button> <button name=\"send\" class=\"button\" value=\"\/timer smogon\"><i class=\"fa fa-hourglass-start\"><\/i> Smogon Timer<\/button>\n|c|\u2606Unviabriel|glhf\n|c|\u2606among us blaster|gl\n|j| UnviaSlick\n|\n|t:|1658439081\n|start\n|switch|p1a: Swampert|Swampert, F|100\/100\n|switch|p2a: Tangrowth|Tangrowth, M|100\/100\n|turn|1\n|j| the chungler\n|j| white ceiling\n|j| palkia62\n|j| HailDras\n|j| Grookey Supremacy\n|j| fournier series\n|\n|t:|1658439169\n|switch|p1a: Gourgeist|Gourgeist-Super, M|100\/100\n|-item|p2a: Tangrowth|Rocky Helmet|[from] ability: Frisk|[of] p1a: Gourgeist|[identify]\n|move|p2a: Tangrowth|Knock Off|p1a: Gourgeist\n|-supereffective|p1a: Gourgeist\n|-damage|p1a: Gourgeist|76\/100\n|-enditem|p1a: Gourgeist|Leftovers|[from] move: Knock Off|[of] p2a: Tangrowth\n|\n|upkeep\n|turn|2\n|\n|t:|1658439187\n|switch|p2a: Zapdos|Zapdos|100\/100\n|move|p1a: Gourgeist|Toxic|p2a: Zapdos|[miss]\n|-miss|p1a: Gourgeist|p2a: Zapdos\n|\n|upkeep\n|turn|3\n|\n|t:|1658439234\n|switch|p1a: Raikou|Raikou|100\/100\n|-ability|p1a: Raikou|Pressure\n|move|p2a: Zapdos|Hurricane|p1a: Raikou|[miss]\n|-miss|p2a: Zapdos|p1a: Raikou\n|\n|upkeep\n|turn|4\n|j| DOOR MONEY\n|\n|t:|1658439255\n|switch|p2a: Tyranitar|Tyranitar, F|100\/100\n|-weather|Sandstorm|[from] ability: Sand Stream|[of] p2a: Tyranitar\n|move|p1a: Raikou|Toxic|p2a: Tyranitar\n|-status|p2a: Tyranitar|tox\n|\n|-weather|Sandstorm|[upkeep]\n|-damage|p1a: Raikou|94\/100|[from] Sandstorm\n|-heal|p1a: Raikou|100\/100|[from] item: Leftovers\n|-damage|p2a: Tyranitar|94\/100 tox|[from] psn\n|upkeep\n|turn|5\n|j| Jesse504\n|\n|t:|1658439298\n|move|p1a: Raikou|Volt Switch|p2a: Tyranitar\n|-damage|p2a: Tyranitar|81\/100 tox\n|j| ddrakloak\n|j| Shuckle15\n|\n|t:|1658439333\n|switch|p1a: Swampert|Swampert, F|100\/100|[from]move: Volt Switch\n|move|p2a: Tyranitar|Stealth Rock|p1a: Swampert\n|-sidestart|p1: among us blaster|move: Stealth Rock\n|\n|-weather|Sandstorm|[upkeep]\n|-heal|p2a: Tyranitar|87\/100 tox|[from] item: Leftovers\n|-damage|p2a: Tyranitar|75\/100 tox|[from] psn\n|upkeep\n|turn|6\n|j| PikachuZappyZap\n|\n|t:|1658439347\n|switch|p2a: Tangrowth|Tangrowth, M|100\/100\n|move|p1a: Swampert|Stealth Rock|p2a: Tangrowth\n|-sidestart|p2: Unviabriel|move: Stealth Rock\n|\n|-weather|Sandstorm|[upkeep]\n|-damage|p2a: Tangrowth|94\/100|[from] Sandstorm\n|upkeep\n|turn|7\n|j| TURN ON TIMER RN\n|j| arezuwu\n|c| TURN ON TIMER RN|TURN ON TIMER RN\n|\n|t:|1658439365\n|switch|p1a: Gourgeist|Gourgeist-Super, M|76\/100\n|-damage|p1a: Gourgeist|64\/100|[from] Stealth Rock\n|-item|p2a: Tangrowth|Rocky Helmet|[from] ability: Frisk|[of] p1a: Gourgeist|[identify]\n|move|p2a: Tangrowth|Sludge Bomb|p1a: Gourgeist\n|-damage|p1a: Gourgeist|36\/100\n|\n|-weather|Sandstorm|[upkeep]\n|-damage|p1a: Gourgeist|30\/100|[from] Sandstorm\n|-damage|p2a: Tangrowth|88\/100|[from] Sandstorm\n|upkeep\n|turn|8\n|l| TURN ON TIMER RN\n|j| Unvianeighbor\n|\n|t:|1658439441\n|switch|p2a: Zapdos|Zapdos|100\/100\n|move|p1a: Gourgeist|Toxic|p2a: Zapdos\n|-status|p2a: Zapdos|tox\n|\n|-weather|none\n|-damage|p2a: Zapdos|94\/100 tox|[from] psn\n|upkeep\n|turn|9\n|\n|t:|1658439482\n|move|p2a: Zapdos|Toxic|p1a: Gourgeist\n|-status|p1a: Gourgeist|tox\n|move|p1a: Gourgeist|Hex|p2a: Zapdos\n|-damage|p2a: Zapdos|66\/100 tox\n|\n|-damage|p2a: Zapdos|54\/100 tox|[from] psn\n|-damage|p1a: Gourgeist|24\/100 tox|[from] psn\n|upkeep\n|turn|10\n|j| Bofsn38\n|c| Unvianeighbor|.\n|\n|t:|1658439539\n|move|p2a: Zapdos|Volt Switch|p1a: Gourgeist\n|-resisted|p1a: Gourgeist\n|-damage|p1a: Gourgeist|2\/100 tox\n|j| The Carkol Rider\n|j| TGB Scorpeon\n|j| DashingSceptile\n|\n|t:|1658439571\n|switch|p2a: Tyranitar|Tyranitar, F|75\/100 tox|[from]move: Volt Switch\n|-damage|p2a: Tyranitar|62\/100 tox|[from] Stealth Rock\n|-weather|Sandstorm|[from] ability: Sand Stream|[of] p2a: Tyranitar\n|move|p1a: Gourgeist|Hex|p2a: Tyranitar\n|-resisted|p2a: Tyranitar\n|-damage|p2a: Tyranitar|56\/100 tox\n|\n|-weather|Sandstorm|[upkeep]\n|-damage|p1a: Gourgeist|0 fnt|[from] Sandstorm\n|faint|p1a: Gourgeist\n|-heal|p2a: Tyranitar|63\/100 tox|[from] item: Leftovers\n|-damage|p2a: Tyranitar|56\/100 tox|[from] psn\n|upkeep\n|l| Bofsn38\n|\n|t:|1658439603\n|switch|p1a: Crawdaunt|Crawdaunt, M|100\/100\n|-damage|p1a: Crawdaunt|88\/100|[from] Stealth Rock\n|turn|11\n|j| Danganronpa Stan\n|j| Spooink\n|j| brotherquangmire\n|c| brotherquangmire|IN\n|j| ShadeWaker\n|l| Unvianeighbor\n|j| Timburr2\n|\n|t:|1658439684\n|switch|p2a: Tangrowth|Tangrowth, M|100\/100\n|-damage|p2a: Tangrowth|88\/100|[from] Stealth Rock\n|move|p1a: Crawdaunt|Swords Dance|p1a: Crawdaunt\n|-boost|p1a: Crawdaunt|atk|2\n|\n|-weather|Sandstorm|[upkeep]\n|-damage|p1a: Crawdaunt|82\/100|[from] Sandstorm\n|-damage|p2a: Tangrowth|82\/100|[from] Sandstorm\n|upkeep\n|turn|12\n|j| Skyho\n|l| Skyho\n|j| akuuuuuuuuu\n|c| akuuuuuuuuu|reveal blizzard\n|\n|t:|1658439721\n|move|p1a: Crawdaunt|Knock Off|p2a: Tangrowth\n|-damage|p2a: Tangrowth|0 fnt\n|-damage|p1a: Crawdaunt|66\/100|[from] item: Rocky Helmet|[of] p2a: Tangrowth\n|-enditem|p2a: Tangrowth|Rocky Helmet|[from] move: Knock Off|[of] p1a: Crawdaunt\n|faint|p2a: Tangrowth\n|-damage|p1a: Crawdaunt|56\/100|[from] item: Life Orb\n|\n|-weather|Sandstorm|[upkeep]\n|-damage|p1a: Crawdaunt|50\/100|[from] Sandstorm\n|upkeep\n|l| the chungler\n|c| Grookey Supremacy|that's not blizzard\n|c| akuuuuuuuuu|or do that\n|c| PikachuZappyZap|gn\n|c| brotherquangmire|1\n|c| TGB Scorpeon|23 users sheesh\n|\n|t:|1658439752\n|switch|p2a: Altaria|Altaria, F|100\/100\n|-damage|p2a: Altaria|76\/100|[from] Stealth Rock\n|turn|13\n|j| Dackt\n|\n|t:|1658439768\n|switch|p1a: Slowbro|Slowbro-Galar, M|100\/100\n|-damage|p1a: Slowbro|88\/100|[from] Stealth Rock\n|detailschange|p2a: Altaria|Altaria-Mega, F\n|-mega|p2a: Altaria|Altaria|Altarianite\n|move|p2a: Altaria|Body Slam|p1a: Slowbro\n|-resisted|p1a: Slowbro\n|-damage|p1a: Slowbro|74\/100\n|\n|-weather|Sandstorm|[upkeep]\n|-damage|p2a: Altaria|70\/100|[from] Sandstorm\n|-damage|p1a: Slowbro|68\/100|[from] Sandstorm\n|upkeep\n|turn|14\n|l| akuuuuuuuuu\n|\n|t:|1658439799\n|switch|p2a: Excadrill|Excadrill, F|100\/100\n|-damage|p2a: Excadrill|97\/100|[from] Stealth Rock\n|move|p1a: Slowbro|Trick Room|p1a: Slowbro\n|-fieldstart|move: Trick Room|[of] p1a: Slowbro\n|\n|-weather|none\n|-heal|p2a: Excadrill|100\/100|[from] item: Leftovers\n|upkeep\n|turn|15\n|\n|t:|1658439839\n|switch|p1a: Swampert|Swampert, F|100\/100\n|-damage|p1a: Swampert|94\/100|[from] Stealth Rock\n|move|p2a: Excadrill|Earthquake|p1a: Swampert\n|-damage|p1a: Swampert|57\/100\n|\n|-heal|p1a: Swampert|63\/100|[from] item: Leftovers\n|upkeep\n|turn|16\n|l| PikachuZappyZap\n|l| Spooink\n|j| Absbsbsvvs\n|\n|t:|1658439904\n|switch|p2a: Zapdos|Zapdos|54\/100 tox\n|move|p1a: Swampert|Flip Turn|p2a: Zapdos\n|-damage|p2a: Zapdos|32\/100 tox\n|l| Absbsbsvvs\n|\n|t:|1658439926\n|switch|p1a: Crawdaunt|Crawdaunt, M|50\/100|[from]move: Flip Turn\n|-damage|p1a: Crawdaunt|38\/100|[from] Stealth Rock\n|\n|-damage|p2a: Zapdos|26\/100 tox|[from] psn\n|upkeep\n|turn|17\n|c| brotherquangmire|R2\n|\n|t:|1658439954\n|move|p1a: Crawdaunt|Knock Off|p2a: Zapdos\n|-damage|p2a: Zapdos|0 fnt\n|-enditem|p2a: Zapdos|Heavy-Duty Boots|[from] move: Knock Off|[of] p1a: Crawdaunt\n|faint|p2a: Zapdos\n|-damage|p1a: Crawdaunt|28\/100|[from] item: Life Orb\n|\n|upkeep\n|\n|t:|1658440015\n|switch|p2a: Altaria|Altaria-Mega, F|70\/100\n|-damage|p2a: Altaria|57\/100|[from] Stealth Rock\n|turn|18\n|j| Burrg\n|l| Burrg\n|j| Burrg\n|\n|t:|1658440090\n|move|p1a: Crawdaunt|Crabhammer|p2a: Altaria\n|-resisted|p2a: Altaria\n|-damage|p2a: Altaria|13\/100\n|-damage|p1a: Crawdaunt|18\/100|[from] item: Life Orb\n|move|p2a: Altaria|Roost|p2a: Altaria\n|-heal|p2a: Altaria|63\/100\n|-singleturn|p2a: Altaria|move: Roost\n|\n|-fieldend|move: Trick Room\n|upkeep\n|turn|19\n|\n|t:|1658440117\n|move|p2a: Altaria|Earthquake|p1a: Crawdaunt\n|-damage|p1a: Crawdaunt|0 fnt\n|faint|p1a: Crawdaunt\n|\n|upkeep\n|\n|t:|1658440124\n|switch|p1a: Slowbro|Slowbro-Galar, M|100\/100\n|-damage|p1a: Slowbro|88\/100|[from] Stealth Rock\n|turn|20\n|\n|t:|1658440138\n|switch|p2a: Tyranitar|Tyranitar, F|56\/100 tox\n|-damage|p2a: Tyranitar|44\/100 tox|[from] Stealth Rock\n|-weather|Sandstorm|[from] ability: Sand Stream|[of] p2a: Tyranitar\n|move|p1a: Slowbro|Trick Room|p1a: Slowbro\n|-fieldstart|move: Trick Room|[of] p1a: Slowbro\n|\n|-weather|Sandstorm|[upkeep]\n|-damage|p1a: Slowbro|82\/100|[from] Sandstorm\n|-heal|p2a: Tyranitar|50\/100 tox|[from] item: Leftovers\n|-damage|p2a: Tyranitar|44\/100 tox|[from] psn\n|upkeep\n|turn|21\n|\n|t:|1658440148\n|move|p1a: Slowbro|Focus Blast|p2a: Tyranitar\n|-supereffective|p2a: Tyranitar\n|-damage|p2a: Tyranitar|0 fnt\n|faint|p2a: Tyranitar\n|\n|-weather|Sandstorm|[upkeep]\n|-damage|p1a: Slowbro|76\/100|[from] Sandstorm\n|upkeep\n|\n|t:|1658440163\n|switch|p2a: Excadrill|Excadrill, F|100\/100\n|-damage|p2a: Excadrill|97\/100|[from] Stealth Rock\n|turn|22\n|j| Skyho\n|\n|t:|1658440179\n|move|p1a: Slowbro|Focus Blast|p2a: Excadrill\n|-supereffective|p2a: Excadrill\n|-damage|p2a: Excadrill|20\/100\n|move|p2a: Excadrill|Earthquake|p1a: Slowbro\n|-supereffective|p1a: Slowbro\n|-enditem|p1a: Slowbro|Shuca Berry|[eat]\n|-enditem|p1a: Slowbro|Shuca Berry|[weaken]\n|-damage|p1a: Slowbro|33\/100\n|\n|-weather|Sandstorm|[upkeep]\n|-damage|p1a: Slowbro|27\/100|[from] Sandstorm\n|-heal|p2a: Excadrill|27\/100|[from] item: Leftovers\n|upkeep\n|turn|23\n|l| Burrg\n|l| Skyho\n|\n|t:|1658440227\n|move|p1a: Slowbro|Focus Blast|p2a: Excadrill\n|-supereffective|p2a: Excadrill\n|-damage|p2a: Excadrill|0 fnt\n|faint|p2a: Excadrill\n|\n|-weather|Sandstorm|[upkeep]\n|-damage|p1a: Slowbro|21\/100|[from] Sandstorm\n|upkeep\n|\n|t:|1658440282\n|switch|p2a: Cinderace|Cinderace, F|100\/100\n|turn|24\n|j| akuuuuuuuuu\n|j| BurningDL\n|j| azztheddicaff\n|\n|t:|1658440404\n|switch|p1a: Raikou|Raikou|100\/100\n|-damage|p1a: Raikou|88\/100|[from] Stealth Rock\n|-ability|p1a: Raikou|Pressure\n|move|p2a: Cinderace|Pyro Ball|p1a: Raikou\n|-damage|p1a: Raikou|5\/100\n|\n|-weather|none\n|-heal|p1a: Raikou|12\/100|[from] item: Leftovers\n|-fieldend|move: Trick Room\n|upkeep\n|turn|25\n|\n|t:|1658440417\n|move|p2a: Cinderace|Pyro Ball|p1a: Raikou\n|-damage|p1a: Raikou|0 fnt\n|faint|p1a: Raikou\n|\n|upkeep\n|\n|t:|1658440421\n|switch|p1a: Swampert|Swampert, F|63\/100\n|-damage|p1a: Swampert|57\/100|[from] Stealth Rock\n|turn|26\n|\n|t:|1658440492\n|move|p2a: Cinderace|U-turn|p1a: Swampert\n|-start|p2a: Cinderace|typechange|Bug|[from] ability: Libero\n|-damage|p1a: Swampert|36\/100\n|\n|t:|1658440498\n|switch|p2a: Altaria|Altaria-Mega, F|63\/100|[from]move: U-turn\n|-damage|p2a: Altaria|51\/100|[from] Stealth Rock\n|move|p1a: Swampert|Yawn|p2a: Altaria\n|-start|p2a: Altaria|move: Yawn|[of] p1a: Swampert\n|\n|-heal|p1a: Swampert|42\/100|[from] item: Leftovers\n|upkeep\n|turn|27\n|l| Jesse504\n|j| UnviaNeighborr\n|l| Timburr2\n|\n|t:|1658440589\n|move|p2a: Altaria|Roost|p2a: Altaria\n|-heal|p2a: Altaria|100\/100\n|-singleturn|p2a: Altaria|move: Roost\n|move|p1a: Swampert|Flip Turn|p2a: Altaria\n|-resisted|p2a: Altaria\n|-damage|p2a: Altaria|90\/100\n|\n|t:|1658440603\n|switch|p1a: Slowbro|Slowbro-Galar, M|54\/100|[from]move: Flip Turn\n|-damage|p1a: Slowbro|42\/100|[from] Stealth Rock\n|\n|-end|p2a: Altaria|move: Yawn|[silent]\n|-status|p2a: Altaria|slp\n|upkeep\n|turn|28\n|j| Roseybear\n|\n|t:|1658440670\n|switch|p2a: Cinderace|Cinderace, F|100\/100\n|move|p1a: Slowbro|Trick Room|p1a: Slowbro\n|-fieldstart|move: Trick Room|[of] p1a: Slowbro\n|\n|upkeep\n|turn|29\n|\n|t:|1658440683\n|switch|p1a: Swampert|Swampert, F|42\/100\n|-damage|p1a: Swampert|36\/100|[from] Stealth Rock\n|move|p2a: Cinderace|Pyro Ball|p1a: Swampert\n|-resisted|p1a: Swampert\n|-damage|p1a: Swampert|19\/100\n|\n|-heal|p1a: Swampert|25\/100|[from] item: Leftovers\n|upkeep\n|turn|30\n|l| UnviaNeighborr\n|\n|t:|1658440734\n|move|p2a: Cinderace|Sucker Punch|p1a: Swampert\n|-start|p2a: Cinderace|typechange|Dark|[from] ability: Libero\n|-damage|p1a: Swampert|1\/100\n|move|p1a: Swampert|Earthquake|p2a: Cinderace\n|-damage|p2a: Cinderace|50\/100\n|\n|-heal|p1a: Swampert|8\/100|[from] item: Leftovers\n|upkeep\n|turn|31\n|\n|t:|1658440749\n|move|p2a: Cinderace|Sucker Punch|p1a: Swampert\n|-damage|p1a: Swampert|0 fnt\n|faint|p1a: Swampert\n|\n|upkeep\n|\n|t:|1658440771\n|switch|p1a: Porygon2|Porygon2|100\/100\n|-damage|p1a: Porygon2|88\/100|[from] Stealth Rock\n|-ability|p1a: Porygon2|Download|boost\n|-boost|p1a: Porygon2|spa|1\n|turn|32\n|j| Bofsn38\n|j| UnviaNeighor\n|\n|t:|1658440857\n|move|p1a: Porygon2|Tri Attack|p2a: Cinderace\n|-damage|p2a: Cinderace|0 fnt\n|faint|p2a: Cinderace\n|\n|-fieldend|move: Trick Room\n|upkeep\n|\n|t:|1658440863\n|switch|p2a: Altaria|Altaria-Mega, F|90\/100 slp\n|-damage|p2a: Altaria|78\/100 slp|[from] Stealth Rock\n|turn|33\n|\n|t:|1658440879\n|cant|p2a: Altaria|slp\n|move|p1a: Porygon2|Trick Room|p1a: Porygon2\n|-fieldstart|move: Trick Room|[of] p1a: Porygon2\n|\n|upkeep\n|turn|34\n|\n|t:|1658440892\n|move|p1a: Porygon2|Tri Attack|p2a: Altaria\n|-damage|p2a: Altaria|32\/100 slp\n|cant|p2a: Altaria|slp\n|\n|upkeep\n|turn|35\n|-message|Unviabriel forfeited.\n|\n|win|among us blaster\n|l|\u2606Unviabriel\n|c|\u2606among us blaster|gg\n","uploadtime":1658440902,"views":161,"p1id":"amongusblaster","p2id":"unviabriel","formatid":"gen8nationaldexdraft","rating":0,"private":0,"password":null}