{"id":"sports-gen8nationaldexdlclegacy-40425","p1":"Quebec Snordiques","p2":"Walletinspector62","format":"gen8nationaldexdlclegacy","log":"|j|\u2606Quebec Snordiques\n|j|\u2606Walletinspector62\n|player|p1|Quebec Snordiques|quebecsnordiques.png|\n|player|p2|Walletinspector62|265|\n|teamsize|p1|6\n|teamsize|p2|6\n|gametype|singles\n|gen|8\n|tier|[Gen 8] National Dex DLC Legacy\n|rule|Sleep Clause Mod: Limit one foe put to sleep\n|rule|Species Clause: Limit one of each Pok\u00e9mon\n|rule|OHKO Clause: OHKO moves are banned\n|rule|Evasion Moves Clause: Evasion moves are banned\n|rule|Endless Battle Clause: Forcing endless battles is banned\n|rule|HP Percentage Mod: HP is shown in percentages\n|clearpoke\n|poke|p1|Mawile, M|\n|poke|p1|Zygarde|\n|poke|p1|Rotom|\n|poke|p1|Volcarona, M|\n|poke|p1|Clefable, M|\n|poke|p1|Articuno|\n|poke|p2|Rotom-Heat|\n|poke|p2|Manaphy|\n|poke|p2|Dottler, F|\n|poke|p2|Probopass, M|\n|poke|p2|Darmanitan-Galar, M|\n|poke|p2|Mandibuzz, F|\n|rule|Dynamax Clause: You cannot dynamax\n|teampreview\n|c|\u2606Walletinspector62|I\u2019m so sorry lol\n|c|\u2606Walletinspector62|it deleted my team \n|c|\u2606Walletinspector62|and I had to remake it \n|c|\u2606Quebec Snordiques|kk\n|\n|start\n|switch|p1a: Rotom|Rotom|100\/100\n|switch|p2a: Dottler|Dottler, F|100\/100\n|turn|1\n|c|\u2606Quebec Snordiques|just battle\n|\n|move|p1a: Rotom|Volt Switch|p2a: Dottler\n|-damage|p2a: Dottler|76\/100\n|inactive|Battle timer is ON: inactive players will automatically lose when time's up. (requested by Walletinspector62)\n|\n|switch|p1a: Mawile|Mawile, M|100\/100|[from]move: Volt Switch\n|move|p2a: Dottler|Light Screen|p2a: Dottler\n|-sidestart|p2: Walletinspector62|move: Light Screen\n|\n|upkeep\n|turn|2\n|\n|detailschange|p1a: Mawile|Mawile-Mega, M\n|-mega|p1a: Mawile|Mawile|Mawilite\n|move|p1a: Mawile|Knock Off|p2a: Dottler\n|-supereffective|p2a: Dottler\n|-damage|p2a: Dottler|0 fnt\n|-enditem|p2a: Dottler|Eviolite|[from] move: Knock Off|[of] p1a: Mawile\n|faint|p2a: Dottler\n|\n|upkeep\n|inactive|Walletinspector62 has 90 seconds left.\n|\n|switch|p2a: Rotom|Rotom-Heat|100\/100\n|turn|3\n|inactive|Quebec Snordiques has 90 seconds left.\n|inactiveoff|Battle timer is now OFF.\n|\n|switch|p1a: Rotom|Rotom|100\/100\n|move|p2a: Rotom|Overheat|p1a: Rotom\n|-damage|p1a: Rotom|18\/100\n|-unboost|p2a: Rotom|spa|2\n|\n|upkeep\n|turn|4\n|\n|move|p2a: Rotom|Protect|p2a: Rotom\n|-singleturn|p2a: Rotom|Protect\n|move|p1a: Rotom|Volt Switch|p2a: Rotom\n|-activate|p2a: Rotom|move: Protect\n|\n|upkeep\n|turn|5\n|\n|move|p1a: Rotom|Volt Switch|p2a: Rotom\n|-resisted|p2a: Rotom\n|-damage|p2a: Rotom|94\/100\n|\n|switch|p1a: Zygarde|Zygarde|100\/100|[from]move: Volt Switch\n|-ability|p1a: Zygarde|Aura Break\n|move|p2a: Rotom|Toxic|p1a: Zygarde\n|-status|p1a: Zygarde|tox\n|\n|-heal|p2a: Rotom|99\/100|[from] item: Leftovers\n|-damage|p1a: Zygarde|94\/100 tox|[from] psn\n|-sideend|p2: Walletinspector62|move: Light Screen\n|upkeep\n|turn|6\n|\n|switch|p2a: Mandibuzz|Mandibuzz, F|100\/100\n|move|p1a: Zygarde|Thousand Arrows|p2a: Mandibuzz\n|-damage|p2a: Mandibuzz|77\/100\n|-start|p2a: Mandibuzz|Smack Down\n|\n|-heal|p1a: Zygarde|100\/100 tox|[from] item: Leftovers\n|-heal|p2a: Mandibuzz|83\/100|[from] item: Leftovers\n|-damage|p1a: Zygarde|88\/100 tox|[from] psn\n|upkeep\n|turn|7\n|\n|switch|p1a: Articuno|Articuno|100\/100\n|-ability|p1a: Articuno|Pressure\n|move|p2a: Mandibuzz|U-turn|p1a: Articuno\n|-resisted|p1a: Articuno\n|-damage|p1a: Articuno|96\/100\n|\n|switch|p2a: Probopass|Probopass, M|100\/100|[from]move: U-turn\n|\n|upkeep\n|turn|8\n|\n|switch|p1a: Zygarde|Zygarde|88\/100 tox\n|-ability|p1a: Zygarde|Aura Break\n|move|p2a: Probopass|Stealth Rock|p1a: Zygarde\n|-sidestart|p1: Quebec Snordiques|move: Stealth Rock\n|\n|-heal|p1a: Zygarde|94\/100 tox|[from] item: Leftovers\n|-damage|p1a: Zygarde|88\/100 tox|[from] psn\n|upkeep\n|turn|9\n|\n|switch|p2a: Mandibuzz|Mandibuzz, F|83\/100\n|move|p1a: Zygarde|Thousand Arrows|p2a: Mandibuzz\n|-damage|p2a: Mandibuzz|59\/100\n|-start|p2a: Mandibuzz|Smack Down\n|\n|-heal|p1a: Zygarde|94\/100 tox|[from] item: Leftovers\n|-heal|p2a: Mandibuzz|65\/100|[from] item: Leftovers\n|-damage|p1a: Zygarde|82\/100 tox|[from] psn\n|upkeep\n|turn|10\n|\n|move|p1a: Zygarde|Thousand Arrows|p2a: Mandibuzz\n|-damage|p2a: Mandibuzz|41\/100\n|move|p2a: Mandibuzz|Roost|p2a: Mandibuzz\n|-heal|p2a: Mandibuzz|91\/100\n|-singleturn|p2a: Mandibuzz|move: Roost\n|\n|-heal|p1a: Zygarde|88\/100 tox|[from] item: Leftovers\n|-heal|p2a: Mandibuzz|97\/100|[from] item: Leftovers\n|-damage|p1a: Zygarde|70\/100 tox|[from] psn\n|upkeep\n|turn|11\n|\n|switch|p1a: Articuno|Articuno|96\/100\n|-ability|p1a: Articuno|Pressure\n|move|p2a: Mandibuzz|U-turn|p1a: Articuno\n|-resisted|p1a: Articuno\n|-damage|p1a: Articuno|90\/100\n|\n|switch|p2a: Darmanitan|Darmanitan-Galar, M|100\/100|[from]move: U-turn\n|\n|upkeep\n|turn|12\n|\n|switch|p1a: Rotom|Rotom|18\/100\n|-damage|p1a: Rotom|5\/100|[from] Stealth Rock\n|move|p2a: Darmanitan|Icicle Crash|p1a: Rotom\n|-damage|p1a: Rotom|0 fnt\n|faint|p1a: Rotom\n|\n|upkeep\n|\n|switch|p1a: Mawile|Mawile-Mega, M|100\/100\n|-damage|p1a: Mawile|95\/100|[from] Stealth Rock\n|turn|13\n|\n|switch|p2a: Rotom|Rotom-Heat|99\/100\n|move|p1a: Mawile|Knock Off|p2a: Rotom\n|-damage|p2a: Rotom|41\/100\n|-enditem|p2a: Rotom|Leftovers|[from] move: Knock Off|[of] p1a: Mawile\n|\n|upkeep\n|turn|14\n|\n|switch|p1a: Zygarde|Zygarde|70\/100 tox\n|-damage|p1a: Zygarde|64\/100 tox|[from] Stealth Rock\n|-ability|p1a: Zygarde|Aura Break\n|move|p2a: Rotom|Overheat|p1a: Zygarde\n|-resisted|p1a: Zygarde\n|-damage|p1a: Zygarde|42\/100 tox\n|-unboost|p2a: Rotom|spa|2\n|\n|-heal|p1a: Zygarde|48\/100 tox|[from] item: Leftovers\n|-damage|p1a: Zygarde|42\/100 tox|[from] psn\n|upkeep\n|turn|15\n|\n|switch|p1a: Clefable|Clefable, M|100\/100\n|move|p2a: Rotom|Protect||[still]\n|-fail|p2a: Rotom\n|\n|upkeep\n|turn|16\n|\n|move|p2a: Rotom|Volt Switch|p1a: Clefable\n|-damage|p1a: Clefable|89\/100\n|\n|switch|p2a: Probopass|Probopass, M|100\/100|[from]move: Volt Switch\n|move|p1a: Clefable|Cosmic Power|p1a: Clefable\n|-boost|p1a: Clefable|def|1\n|-boost|p1a: Clefable|spd|1\n|\n|-heal|p1a: Clefable|95\/100|[from] item: Leftovers\n|upkeep\n|turn|17\n|\n|move|p1a: Clefable|Cosmic Power|p1a: Clefable\n|-boost|p1a: Clefable|def|1\n|-boost|p1a: Clefable|spd|1\n|move|p2a: Probopass|Flash Cannon|p1a: Clefable\n|-supereffective|p1a: Clefable\n|-damage|p1a: Clefable|75\/100\n|\n|-heal|p1a: Clefable|81\/100|[from] item: Leftovers\n|upkeep\n|turn|18\n|\n|switch|p2a: Manaphy|Manaphy|100\/100\n|move|p1a: Clefable|Cosmic Power|p1a: Clefable\n|-boost|p1a: Clefable|def|1\n|-boost|p1a: Clefable|spd|1\n|\n|-heal|p1a: Clefable|87\/100|[from] item: Leftovers\n|upkeep\n|turn|19\n|\n|move|p2a: Manaphy|Tail Glow|p2a: Manaphy\n|-boost|p2a: Manaphy|spa|3\n|move|p1a: Clefable|Charge Beam|p2a: Manaphy\n|-supereffective|p2a: Manaphy\n|-crit|p2a: Manaphy\n|-damage|p2a: Manaphy|65\/100\n|\n|-heal|p2a: Manaphy|71\/100|[from] item: Leftovers\n|-heal|p1a: Clefable|93\/100|[from] item: Leftovers\n|upkeep\n|turn|20\n|\n|move|p2a: Manaphy|Tail Glow|p2a: Manaphy\n|-boost|p2a: Manaphy|spa|3\n|move|p1a: Clefable|Charge Beam|p2a: Manaphy|[miss]\n|-miss|p1a: Clefable|p2a: Manaphy\n|\n|-heal|p2a: Manaphy|77\/100|[from] item: Leftovers\n|-heal|p1a: Clefable|99\/100|[from] item: Leftovers\n|upkeep\n|turn|21\n|\n|move|p2a: Manaphy|Surf|p1a: Clefable\n|-damage|p1a: Clefable|36\/100\n|move|p1a: Clefable|Cosmic Power|p1a: Clefable\n|-boost|p1a: Clefable|def|1\n|-boost|p1a: Clefable|spd|1\n|\n|-heal|p2a: Manaphy|83\/100|[from] item: Leftovers\n|-heal|p1a: Clefable|42\/100|[from] item: Leftovers\n|upkeep\n|turn|22\n|\n|move|p2a: Manaphy|Surf|p1a: Clefable\n|-damage|p1a: Clefable|0 fnt\n|faint|p1a: Clefable\n|\n|-heal|p2a: Manaphy|89\/100|[from] item: Leftovers\n|upkeep\n|\n|switch|p1a: Articuno|Articuno|90\/100\n|-ability|p1a: Articuno|Pressure\n|turn|23\n|\n|move|p2a: Manaphy|Surf|p1a: Articuno\n|-damage|p1a: Articuno|2\/100\n|move|p1a: Articuno|Freeze-Dry|p2a: Manaphy\n|-supereffective|p2a: Manaphy\n|-damage|p2a: Manaphy|44\/100\n|\n|-heal|p2a: Manaphy|50\/100|[from] item: Leftovers\n|upkeep\n|turn|24\n|\n|move|p2a: Manaphy|Surf|p1a: Articuno\n|-crit|p1a: Articuno\n|-damage|p1a: Articuno|0 fnt\n|faint|p1a: Articuno\n|\n|-heal|p2a: Manaphy|56\/100|[from] item: Leftovers\n|upkeep\n|c|\u2606Walletinspector62|That\u2019s crazy lol\n|j| Queen Quince\n|\n|switch|p1a: Mawile|Mawile-Mega, M|95\/100\n|-damage|p1a: Mawile|89\/100|[from] Stealth Rock\n|turn|25\n|c|\u2606Quebec Snordiques|literally blowing through this battle mindlessly\n|c|\u2606Quebec Snordiques|because you took forever, i even played it after you had to FF since you took more than 20 minutes\n|\n|move|p1a: Mawile|Sucker Punch||[still]\n|-fail|p1a: Mawile\n|move|p2a: Manaphy|Tail Glow|p2a: Manaphy\n|-boost|p2a: Manaphy|spa|0\n|\n|-heal|p2a: Manaphy|62\/100|[from] item: Leftovers\n|upkeep\n|turn|26\n|\n|move|p2a: Manaphy|Surf|p1a: Mawile\n|-damage|p1a: Mawile|0 fnt\n|faint|p1a: Mawile\n|\n|-heal|p2a: Manaphy|68\/100|[from] item: Leftovers\n|upkeep\n|\n|switch|p1a: Zygarde|Zygarde|42\/100 tox\n|-damage|p1a: Zygarde|36\/100 tox|[from] Stealth Rock\n|-ability|p1a: Zygarde|Aura Break\n|turn|27\n|c|\u2606Quebec Snordiques|i should have been a twat and took the FF win\n|c|\u2606Walletinspector62|Nah I took 18 minutes \n|\n|move|p2a: Manaphy|Ice Beam|p1a: Zygarde\n|-supereffective|p1a: Zygarde\n|-damage|p1a: Zygarde|0 fnt\n|faint|p1a: Zygarde\n|\n|-heal|p2a: Manaphy|74\/100|[from] item: Leftovers\n|upkeep\n|\n|switch|p1a: Volcarona|Volcarona, M|100\/100\n|-damage|p1a: Volcarona|51\/100|[from] Stealth Rock\n|turn|28\n|c|\u2606Walletinspector62|The time started at 5:23\n|c|\u2606Walletinspector62|And this battle started at 5:42\n|\n|move|p2a: Manaphy|Surf|p1a: Volcarona\n|-supereffective|p1a: Volcarona\n|-damage|p1a: Volcarona|0 fnt\n|faint|p1a: Volcarona\n|\n|win|Walletinspector62\n|c|\u2606Quebec Snordiques|dude\n|c|\u2606Quebec Snordiques|the bracket\n|c|\u2606Quebec Snordiques|got posted\n|c|\u2606Quebec Snordiques|at 5:20 \n|c|\u2606Quebec Snordiques|but okay\n|c| Queen Quince|yea\n|c| Queen Quince|so really\n|c| Queen Quince|dawson wins here\n|c|\u2606Quebec Snordiques|like i was nice\n|c|\u2606Quebec Snordiques|and i played the match\n|c| Queen Quince|but they have to eat dinner\n|c|\u2606Quebec Snordiques|instead of being a dick\n|c|\u2606Walletinspector62|Thank you \n|c|\u2606Quebec Snordiques|k\n|l|\u2606Quebec Snordiques\n|l|\u2606Walletinspector62\n|j| CheezitzZ\n","uploadtime":1584222445,"views":4,"p1id":"quebecsnordiques","p2id":"walletinspector62","formatid":"gen8nationaldexdlclegacy","rating":0,"private":0,"password":null}