{"id":"sports-gen7draftleague-654152","p1":"Obi3","p2":"GeniusX","format":"gen7draftleague","log":"|j|\u2606Obi3\n|j|\u2606GeniusX\n|t:|1653098221\n|gametype|singles\n|player|p1|Obi3|obi3.png|\n|player|p2|GeniusX|geniusx.gif|\n|teamsize|p1|6\n|teamsize|p2|6\n|gen|7\n|tier|[Gen 7] Draft League\n|rule|Sleep Clause Mod: Limit one foe put to sleep\n|rule|OHKO Clause: OHKO moves are banned\n|rule|Evasion Moves Clause: Evasion moves are banned\n|rule|Endless Battle Clause: Forcing endless battles is banned\n|rule|HP Percentage Mod: HP is shown in percentages\n|clearpoke\n|poke|p1|Bronzong|item\n|poke|p1|Clefable, M|item\n|poke|p1|Gallade, M|item\n|poke|p1|Greninja, M|item\n|poke|p1|Nidoking, M|item\n|poke|p1|Zapdos|item\n|poke|p2|Muk-Alola, M|item\n|poke|p2|Zeraora|item\n|poke|p2|Slowbro, F|item\n|poke|p2|Latios, M|item\n|poke|p2|Gigalith, M|item\n|poke|p2|Excadrill, M|item\n|teampreview\n|html|<button name=\"send\" class=\"button\" value=\"\/timer ds\"><i class=\"fa fa-hourglass-start\"><\/i> DS Timer<\/button> <button name=\"send\" class=\"button\" value=\"\/timer smogon\"><i class=\"fa fa-hourglass-start\"><\/i> Smogon Timer<\/button>\n|j| tommy ege\n|c|\u2606Obi3|glhf\n|c|\u2606GeniusX|hf\n|j| ddrakloak\n|j| not obi3\n|j| Str8 2 69\n|j| Jesse504\n|j|^BaLLHaWK\n|j| Great Distance\n|\n|t:|1653098252\n|start\n|switch|p1a: bloodshot|Gallade, M|100\/100\n|switch|p2a: Muk|Muk-Alola, M|100\/100\n|turn|1\n|j| rhv moment\n|j| fndfmnvr\n|j| neummy\n|l| Str8 2 69\n|j| Danger Luffy\n|j| EGAWalreins\n|\n|t:|1653098258\n|detailschange|p1a: bloodshot|Gallade-Mega, M\n|-mega|p1a: bloodshot|Gallade|Galladite\n|move|p1a: bloodshot|Swords Dance|p1a: bloodshot\n|-boost|p1a: bloodshot|atk|2\n|move|p2a: Muk|Toxic|p1a: bloodshot\n|-status|p1a: bloodshot|tox\n|\n|-damage|p1a: bloodshot|94\/100 tox|[from] psn\n|upkeep\n|turn|2\n|j| TDNT\n|j| egalombres\n|j| DZ Odin\n|j| Turkitty\n|j| mpknife\n|j| VIG Yuta\n|j| vinithewini\n|j| Mikasa es su Casa\n|j| killing magic\n|j| PikachuZappyZap\n|j| DOOR MONEY\n|j| The Master Update\n|j| SB JC\n|\n|t:|1653098285\n|switch|p2a: Slowbro|Slowbro, F|100\/100\n|move|p1a: bloodshot|X-Scissor|p2a: Slowbro\n|-supereffective|p2a: Slowbro\n|-damage|p2a: Slowbro|17\/100\n|\n|-damage|p1a: bloodshot|82\/100 tox|[from] psn\n|upkeep\n|turn|3\n|j| BeaverGanger69\n|c| ddrakloak|HE CLICKED X SCISSOR VS THE SLOWBRO\n|c| ddrakloak|YES\n|j| I GRIEVE DIFFERENT\n|c| Turkitty|no helmet wtf\n|c| Jesse504|full circle\n|j| Dackt\n|c| DOOR MONEY|its mega philliam\n|j| MoneyGuy9559\n|j| bathe in her blood\n|j| Los Amigos\n|j| ThinkingSceptile\n|j| hjkhj\n|j| WillTheRNGLord\n|j| ballsfart45\n|l| ballsfart45\n|c| WillTheRNGLord|Obi3!\n|\n|t:|1653098366\n|detailschange|p2a: Slowbro|Slowbro-Mega, F\n|-mega|p2a: Slowbro|Slowbro|Slowbronite\n|move|p1a: bloodshot|X-Scissor|p2a: Slowbro\n|-supereffective|p2a: Slowbro\n|-damage|p2a: Slowbro|0 fnt\n|faint|p2a: Slowbro\n|\n|-damage|p1a: bloodshot|63\/100 tox|[from] psn\n|upkeep\n|j| fartballs45\n|l| killing magic\n|j| Kiliminati\n|\n|t:|1653098410\n|switch|p2a: Gigalith|Gigalith, M|100\/100\n|-weather|Sandstorm|[from] ability: Sand Stream|[of] p2a: Gigalith\n|turn|4\n|c| fartballs45|What\u2019s the score of this series \n|\n|t:|1653098419\n|switch|p2a: Latios|Latios, M|100\/100\n|move|p1a: bloodshot|Drain Punch|p2a: Latios\n|-resisted|p2a: Latios\n|-damage|p2a: Latios|37\/100\n|-heal|p1a: bloodshot|94\/100 tox|[from] drain|[of] p2a: Latios\n|\n|-weather|Sandstorm|[upkeep]\n|-damage|p2a: Latios|31\/100|[from] Sandstorm\n|-damage|p1a: bloodshot|88\/100 tox|[from] Sandstorm\n|-damage|p1a: bloodshot|63\/100 tox|[from] psn\n|upkeep\n|turn|5\n|j| Jascha\n|c| ddrakloak|2-1 nv\n|\n|t:|1653098429\n|move|p1a: bloodshot|Shadow Sneak|p2a: Latios\n|-supereffective|p2a: Latios\n|-damage|p2a: Latios|0 fnt\n|faint|p2a: Latios\n|\n|-weather|Sandstorm|[upkeep]\n|-damage|p1a: bloodshot|57\/100 tox|[from] Sandstorm\n|-damage|p1a: bloodshot|26\/100 tox|[from] psn\n|upkeep\n|c| fartballs45|Holy smokes \n|\n|t:|1653098437\n|switch|p2a: Zeraora|Zeraora|100\/100\n|turn|6\n|j| killing magic\n|\n|t:|1653098446\n|switch|p1a: faith healer|Clefable, M|100\/100\n|move|p2a: Zeraora|Fire Punch|p1a: faith healer\n|-damage|p1a: faith healer|78\/100\n|\n|-weather|Sandstorm|[upkeep]\n|-damage|p2a: Zeraora|94\/100|[from] Sandstorm\n|-heal|p1a: faith healer|84\/100|[from] item: Leftovers\n|upkeep\n|turn|7\n|j| Vergi1\n|\n|t:|1653098459\n|switch|p2a: Gigalith|Gigalith, M|100\/100\n|move|p1a: faith healer|Seismic Toss|p2a: Gigalith\n|-damage|p2a: Gigalith|74\/100\n|\n|-weather|Sandstorm|[upkeep]\n|-heal|p1a: faith healer|90\/100|[from] item: Leftovers\n|upkeep\n|turn|8\n|\n|t:|1653098463\n|switch|p1a: song in e|Bronzong|100\/100\n|move|p2a: Gigalith|Stealth Rock|p1a: song in e\n|-sidestart|p1: Obi3|move: Stealth Rock\n|\n|-weather|Sandstorm|[upkeep]\n|upkeep\n|turn|9\n|j| ShinySableye17\n|j| arezuwu\n|j| Ryan Figon\n|j| StummyinAction\n|j| Blitzburgh\n|j| OPdragonite\n|\n|t:|1653098491\n|move|p2a: Gigalith|Gravity|p2a: Gigalith\n|-fieldstart|move: Gravity\n|move|p1a: song in e|Stealth Rock|p2a: Gigalith\n|-sidestart|p2: GeniusX|move: Stealth Rock\n|\n|-weather|Sandstorm|[upkeep]\n|upkeep\n|turn|10\n|l| killing magic\n|j| EGAZebstrikas\n|j| dokythedingus\n|\n|t:|1653098545\n|switch|p2a: Excadrill|Excadrill, M|100\/100\n|-damage|p2a: Excadrill|97\/100|[from] Stealth Rock\n|move|p1a: song in e|Reflect|p1a: song in e\n|-sidestart|p1: Obi3|Reflect\n|\n|-weather|Sandstorm|[upkeep]\n|upkeep\n|turn|11\n|\n|t:|1653098557\n|move|p2a: Excadrill|Earthquake|p1a: song in e\n|-supereffective|p1a: song in e\n|-crit|p1a: song in e\n|-damage|p1a: song in e|0 fnt\n|faint|p1a: song in e\n|\n|-weather|none\n|upkeep\n|j| PokeFan4125\n|j| tortuga desnuda\n|l| OPdragonite\n|\n|t:|1653098614\n|switch|p1a: bloodshot|Gallade-Mega, M|26\/100 tox\n|-damage|p1a: bloodshot|19\/100 tox|[from] Stealth Rock\n|turn|12\n|\n|t:|1653098617\n|switch|p2a: Muk|Muk-Alola, M|100\/100\n|-damage|p2a: Muk|88\/100|[from] Stealth Rock\n|move|p1a: bloodshot|Drain Punch|p2a: Muk\n|-damage|p2a: Muk|47\/100\n|-heal|p1a: bloodshot|45\/100 tox|[from] drain|[of] p2a: Muk\n|-enditem|p2a: Muk|Iapapa Berry|[eat]\n|-heal|p2a: Muk|96\/100|[from] item: Iapapa Berry\n|\n|-damage|p1a: bloodshot|39\/100 tox|[from] psn\n|upkeep\n|turn|13\n|j| OPdragonite\n|j| raykzu \u266a\n|\n|t:|1653098628\n|switch|p1a: relative fiction|Zapdos|100\/100\n|-damage|p1a: relative fiction|76\/100|[from] Stealth Rock\n|-ability|p1a: relative fiction|Pressure\n|move|p2a: Muk|Poison Jab|p1a: relative fiction\n|-damage|p1a: relative fiction|63\/100\n|\n|-fieldend|move: Gravity\n|upkeep\n|turn|14\n|\n|t:|1653098632\n|move|p1a: relative fiction|U-turn|p2a: Muk\n|-damage|p2a: Muk|85\/100\n|\n|t:|1653098646\n|switch|p1a: hardline|Nidoking, M|100\/100|[from]move: U-turn\n|-damage|p1a: hardline|94\/100|[from] Stealth Rock\n|move|p2a: Muk|Recycle|p2a: Muk\n|-item|p2a: Muk|Iapapa Berry|[from] move: Recycle\n|\n|upkeep\n|turn|15\n|\n|t:|1653098652\n|move|p1a: hardline|Earth Power|p2a: Muk\n|-supereffective|p2a: Muk\n|-damage|p2a: Muk|0 fnt\n|faint|p2a: Muk\n|\n|upkeep\n|\n|t:|1653098674\n|switch|p2a: Gigalith|Gigalith, M|74\/100\n|-damage|p2a: Gigalith|61\/100|[from] Stealth Rock\n|-weather|Sandstorm|[from] ability: Sand Stream|[of] p2a: Gigalith\n|turn|16\n|\n|t:|1653098681\n|move|p1a: hardline|Earth Power|p2a: Gigalith\n|-supereffective|p2a: Gigalith\n|-damage|p2a: Gigalith|0 fnt\n|faint|p2a: Gigalith\n|\n|-weather|Sandstorm|[upkeep]\n|upkeep\n|\n|t:|1653098682\n|switch|p2a: Excadrill|Excadrill, M|97\/100\n|-damage|p2a: Excadrill|94\/100|[from] Stealth Rock\n|turn|17\n|\n|t:|1653098699\n|switch|p1a: relative fiction|Zapdos|63\/100\n|-damage|p1a: relative fiction|38\/100|[from] Stealth Rock\n|-ability|p1a: relative fiction|Pressure\n|move|p2a: Excadrill|Earthquake|p1a: relative fiction\n|-immune|p1a: relative fiction\n|\n|-weather|Sandstorm|[upkeep]\n|-damage|p1a: relative fiction|32\/100|[from] Sandstorm\n|-sideend|p1: Obi3|Reflect\n|upkeep\n|turn|18\n|\n|t:|1653098703\n|move|p2a: Excadrill|Rapid Spin|p1a: relative fiction\n|-damage|p1a: relative fiction|26\/100\n|-sideend|p2: GeniusX|Stealth Rock|[from] move: Rapid Spin|[of] p2a: Excadrill\n|-zpower|p1a: relative fiction\n|move|p1a: relative fiction|Inferno Overdrive|p2a: Excadrill|[zeffect]\n|-supereffective|p2a: Excadrill\n|-damage|p2a: Excadrill|0 fnt\n|faint|p2a: Excadrill\n|\n|-weather|Sandstorm|[upkeep]\n|-damage|p1a: relative fiction|20\/100|[from] Sandstorm\n|upkeep\n|\n|t:|1653098706\n|switch|p2a: Zeraora|Zeraora|94\/100\n|turn|19\n|c| DOOR MONEY|obi3 might be the goat\n|\n|t:|1653098717\n|-zpower|p2a: Zeraora\n|move|p2a: Zeraora|Z-Work Up|p2a: Zeraora|[anim]Work Up\n|-boost|p2a: Zeraora|atk|1|[zeffect]\n|-boost|p2a: Zeraora|atk|1\n|-boost|p2a: Zeraora|spa|1\n|move|p1a: relative fiction|Tailwind|p1a: relative fiction\n|-sidestart|p1: Obi3|move: Tailwind\n|\n|-weather|Sandstorm|[upkeep]\n|-damage|p1a: relative fiction|14\/100|[from] Sandstorm\n|-damage|p2a: Zeraora|88\/100|[from] Sandstorm\n|upkeep\n|turn|20\n|c| tortuga desnuda|sheeshed\n|l| Jascha\n|j| ALG Spies\n|\n|t:|1653098766\n|move|p1a: relative fiction|U-turn|p2a: Zeraora\n|-damage|p2a: Zeraora|69\/100\n|j| Jascha\n|\n|t:|1653098770\n|switch|p1a: bloodshot|Gallade-Mega, M|39\/100 tox|[from]move: U-turn\n|-damage|p1a: bloodshot|32\/100 tox|[from] Stealth Rock\n|move|p2a: Zeraora|Return|p1a: bloodshot\n|-damage|p1a: bloodshot|0 fnt\n|faint|p1a: bloodshot\n|\n|-weather|Sandstorm|[upkeep]\n|-damage|p2a: Zeraora|63\/100|[from] Sandstorm\n|upkeep\n|\n|t:|1653098773\n|switch|p1a: hardline|Nidoking, M|94\/100\n|-damage|p1a: hardline|88\/100|[from] Stealth Rock\n|turn|21\n|\n|t:|1653098776\n|move|p1a: hardline|Earth Power|p2a: Zeraora\n|-supereffective|p2a: Zeraora\n|-damage|p2a: Zeraora|0 fnt\n|faint|p2a: Zeraora\n|\n|win|Obi3\n|c| ddrakloak|god\n|c|\u2606GeniusX|gg\n|l| Jascha\n|c|\u2606Obi3|gg\n|l| tortuga desnuda\n|c| hjkhj|goat\n|l| tommy ege\n|c| neummy|goat\n|l| TDNT\n|l| Vergi1\n|c| not obi3|goat\n","uploadtime":1653098782,"views":193,"p1id":"obi3","p2id":"geniusx","formatid":"gen7draftleague","rating":0,"private":0,"password":null}