{"id":"sports-gen8nationaldexdlclegacy-342227","p1":"TehranTyphlosions","p2":"gcboat","format":"gen8nationaldexdlclegacy","log":"|j|\u2606TehranTyphlosions\n|j|\u2606gcboat\n|t:|1613107919\n|player|p1|TehranTyphlosions|clair|\n|player|p2|gcboat|gcboat.png|\n|teamsize|p1|6\n|teamsize|p2|6\n|gametype|singles\n|gen|8\n|tier|[Gen 8] National Dex DLC Legacy\n|rule|Sleep Clause Mod: Limit one foe put to sleep\n|rule|OHKO Clause: OHKO moves are banned\n|rule|Evasion Moves Clause: Evasion moves are banned\n|rule|Endless Battle Clause: Forcing endless battles is banned\n|rule|HP Percentage Mod: HP is shown in percentages\n|clearpoke\n|poke|p1|Gurdurr, F|\n|poke|p1|Slowbro, M|\n|poke|p1|Charizard, F|\n|poke|p1|Landorus, M|\n|poke|p1|Serperior, F|\n|poke|p1|Aron, M|\n|poke|p2|Gengar, M|\n|poke|p2|Tyranitar, M|\n|poke|p2|Excadrill, F|\n|poke|p2|Dracovish|\n|poke|p2|Rotom-Heat|\n|poke|p2|Herdier, F|\n|rule|Dynamax Clause: You cannot dynamax\n|teampreview\n|html|<button name=\"send\" class=\"button\" value=\"\/timer ds\"><i class=\"fa fa-hourglass-start\"><\/i> DS Timer<\/button> <button name=\"send\" class=\"button\" value=\"\/timer smogon\"><i class=\"fa fa-hourglass-start\"><\/i> Smogon Timer<\/button>\n|c|\u2606gcboat|Hf!\n|c|\u2606TehranTyphlosions|gl gl\n|c|\u2606gcboat|can you get link?\n|c|\u2606TehranTyphlosions|yea i sent it\n|c|\u2606gcboat|Thanks :)\n|\n|t:|1613107964\n|start\n|switch|p1a: Gurdurr|Gurdurr, F|100\/100\n|switch|p2a: Rotom|Rotom-Heat|100\/100\n|turn|1\n|j| EGADrifblims\n|\n|t:|1613107995\n|move|p2a: Rotom|Will-O-Wisp|p1a: Gurdurr\n|-status|p1a: Gurdurr|brn\n|move|p1a: Gurdurr|Knock Off|p2a: Rotom\n|-damage|p2a: Rotom|87\/100\n|-enditem|p2a: Rotom|Heavy-Duty Boots|[from] move: Knock Off|[of] p1a: Gurdurr\n|\n|-damage|p1a: Gurdurr|94\/100 brn|[from] brn\n|upkeep\n|turn|2\n|\n|t:|1613108003\n|move|p2a: Rotom|Overheat|p1a: Gurdurr|[miss]\n|-miss|p2a: Rotom|p1a: Gurdurr\n|move|p1a: Gurdurr|Knock Off|p2a: Rotom\n|-damage|p2a: Rotom|78\/100\n|\n|-damage|p1a: Gurdurr|88\/100 brn|[from] brn\n|upkeep\n|turn|3\n|c|\u2606TehranTyphlosions|sry\n|\n|t:|1613108014\n|move|p2a: Rotom|Overheat|p1a: Gurdurr\n|-damage|p1a: Gurdurr|35\/100 brn\n|-unboost|p2a: Rotom|spa|2\n|move|p1a: Gurdurr|Drain Punch|p2a: Rotom\n|-damage|p2a: Rotom|61\/100\n|-heal|p1a: Gurdurr|42\/100 brn|[from] drain|[of] p2a: Rotom\n|\n|-damage|p1a: Gurdurr|36\/100 brn|[from] brn\n|upkeep\n|turn|4\n|j| EGALombres\n|\n|t:|1613108033\n|switch|p2a: Dracovish|Dracovish|100\/100\n|move|p1a: Gurdurr|Knock Off|p2a: Dracovish\n|-damage|p2a: Dracovish|86\/100\n|-enditem|p2a: Dracovish|Metronome|[from] move: Knock Off|[of] p1a: Gurdurr\n|\n|-damage|p1a: Gurdurr|30\/100 brn|[from] brn\n|upkeep\n|turn|5\n|\n|t:|1613108041\n|switch|p1a: Slowbro|Slowbro, M|100\/100\n|move|p2a: Dracovish|Fishious Rend|p1a: Slowbro\n|-resisted|p1a: Slowbro\n|-damage|p1a: Slowbro|65\/100\n|-damage|p2a: Dracovish|69\/100|[from] item: Rocky Helmet|[of] p1a: Slowbro\n|\n|upkeep\n|turn|6\n|\n|t:|1613108045\n|move|p2a: Dracovish|Substitute|p2a: Dracovish\n|-start|p2a: Dracovish|Substitute\n|-damage|p2a: Dracovish|44\/100\n|move|p1a: Slowbro|Slack Off|p1a: Slowbro\n|-heal|p1a: Slowbro|100\/100\n|\n|upkeep\n|turn|7\n|\n|t:|1613108047\n|move|p2a: Dracovish|Leech Life|p1a: Slowbro\n|-supereffective|p1a: Slowbro\n|-damage|p1a: Slowbro|73\/100\n|-heal|p2a: Dracovish|58\/100|[from] drain|[of] p1a: Slowbro\n|-damage|p2a: Dracovish|42\/100|[from] item: Rocky Helmet|[of] p1a: Slowbro\n|move|p1a: Slowbro|Scald|p2a: Dracovish\n|-resisted|p2a: Dracovish\n|-activate|p2a: Dracovish|move: Substitute|[damage]\n|\n|upkeep\n|turn|8\n|\n|t:|1613108053\n|move|p2a: Dracovish|Leech Life|p1a: Slowbro\n|-supereffective|p1a: Slowbro\n|-damage|p1a: Slowbro|43\/100\n|-heal|p2a: Dracovish|57\/100|[from] drain|[of] p1a: Slowbro\n|-damage|p2a: Dracovish|41\/100|[from] item: Rocky Helmet|[of] p1a: Slowbro\n|move|p1a: Slowbro|Slack Off|p1a: Slowbro\n|-heal|p1a: Slowbro|93\/100\n|\n|upkeep\n|turn|9\n|\n|t:|1613108061\n|move|p2a: Dracovish|Leech Life|p1a: Slowbro\n|-supereffective|p1a: Slowbro\n|-damage|p1a: Slowbro|66\/100\n|-heal|p2a: Dracovish|55\/100|[from] drain|[of] p1a: Slowbro\n|-damage|p2a: Dracovish|38\/100|[from] item: Rocky Helmet|[of] p1a: Slowbro\n|move|p1a: Slowbro|Scald|p2a: Dracovish\n|-resisted|p2a: Dracovish\n|-activate|p2a: Dracovish|move: Substitute|[damage]\n|\n|upkeep\n|turn|10\n|\n|t:|1613108068\n|move|p2a: Dracovish|Leech Life|p1a: Slowbro\n|-supereffective|p1a: Slowbro\n|-damage|p1a: Slowbro|37\/100\n|-heal|p2a: Dracovish|53\/100|[from] drain|[of] p1a: Slowbro\n|-damage|p2a: Dracovish|37\/100|[from] item: Rocky Helmet|[of] p1a: Slowbro\n|move|p1a: Slowbro|Slack Off|p1a: Slowbro\n|-heal|p1a: Slowbro|87\/100\n|\n|upkeep\n|turn|11\n|\n|t:|1613108073\n|switch|p2a: Gengar|Gengar, M|100\/100\n|move|p1a: Slowbro|Scald|p2a: Gengar\n|-damage|p2a: Gengar|56\/100\n|-start|p1a: Slowbro|Disable|Scald|[from] ability: Cursed Body|[of] p2a: Gengar\n|\n|upkeep\n|turn|12\n|\n|t:|1613108080\n|switch|p1a: Gurdurr|Gurdurr, F|30\/100 brn\n|move|p2a: Gengar|Shadow Ball|p1a: Gurdurr\n|-damage|p1a: Gurdurr|0 fnt\n|faint|p1a: Gurdurr\n|\n|upkeep\n|\n|t:|1613108083\n|switch|p1a: Landorus|Landorus, M|100\/100\n|turn|13\n|\n|t:|1613108087\n|switch|p2a: Herdier|Herdier, F|100\/100\n|-ability|p2a: Herdier|Intimidate|boost\n|-unboost|p1a: Landorus|atk|1\n|move|p1a: Landorus|U-turn|p2a: Herdier\n|-damage|p2a: Herdier|82\/100\n|\n|t:|1613108108\n|switch|p1a: Slowbro|Slowbro, M|100\/100|[from]move: U-turn\n|\n|upkeep\n|turn|14\n|j| tylerb16\n|\n|t:|1613108112\n|move|p2a: Herdier|Toxic|p1a: Slowbro\n|-status|p1a: Slowbro|tox\n|move|p1a: Slowbro|Teleport|p1a: Slowbro\n|\n|t:|1613108117\n|switch|p1a: Serperior|Serperior, F|100\/100|[from]move: Teleport\n|\n|upkeep\n|turn|15\n|j| Bananacrazy111\n|\n|t:|1613108126\n|move|p1a: Serperior|Leaf Storm|p2a: Herdier\n|-damage|p2a: Herdier|38\/100\n|-boost|p1a: Serperior|spa|2\n|move|p2a: Herdier|Roar|p1a: Serperior\n|drag|p1a: Landorus|Landorus, M|100\/100\n|\n|upkeep\n|turn|16\n|\n|t:|1613108134\n|switch|p2a: Rotom|Rotom-Heat|61\/100\n|move|p1a: Landorus|Earthquake|p2a: Rotom\n|-immune|p2a: Rotom|[from] ability: Levitate\n|\n|upkeep\n|turn|17\n|\n|t:|1613108140\n|switch|p1a: Serperior|Serperior, F|100\/100\n|move|p2a: Rotom|Pain Split|p1a: Serperior\n|-sethp|p1a: Serperior|80\/100|[from] move: Pain Split|[silent]\n|-sethp|p2a: Rotom|81\/100|[from] move: Pain Split\n|\n|-heal|p1a: Serperior|86\/100|[from] item: Leftovers\n|upkeep\n|turn|18\n|\n|t:|1613108147\n|switch|p1a: Slowbro|Slowbro, M|100\/100 tox\n|move|p2a: Rotom|Overheat|p1a: Slowbro\n|-resisted|p1a: Slowbro\n|-damage|p1a: Slowbro|76\/100 tox\n|-unboost|p2a: Rotom|spa|2\n|\n|-damage|p1a: Slowbro|70\/100 tox|[from] psn\n|upkeep\n|turn|19\n|\n|t:|1613108156\n|switch|p2a: Dracovish|Dracovish|37\/100\n|move|p1a: Slowbro|Teleport|p1a: Slowbro\n|\n|t:|1613108160\n|switch|p1a: Serperior|Serperior, F|86\/100|[from]move: Teleport\n|\n|-heal|p1a: Serperior|92\/100|[from] item: Leftovers\n|upkeep\n|turn|20\n|\n|t:|1613108167\n|switch|p2a: Rotom|Rotom-Heat|81\/100\n|move|p1a: Serperior|Leaf Storm|p2a: Rotom|[miss]\n|-miss|p1a: Serperior|p2a: Rotom\n|\n|-heal|p1a: Serperior|99\/100|[from] item: Leftovers\n|upkeep\n|turn|21\n|\n|t:|1613108179\n|switch|p2a: Tyranitar|Tyranitar, M|100\/100\n|-weather|Sandstorm|[from] ability: Sand Stream|[of] p2a: Tyranitar\n|move|p1a: Serperior|Glare|p2a: Tyranitar\n|-status|p2a: Tyranitar|par\n|\n|-weather|Sandstorm|[upkeep]\n|-damage|p1a: Serperior|92\/100|[from] Sandstorm\n|-heal|p1a: Serperior|99\/100|[from] item: Leftovers\n|upkeep\n|turn|22\n|\n|t:|1613108184\n|move|p1a: Serperior|Leaf Storm|p2a: Tyranitar\n|-supereffective|p2a: Tyranitar\n|-damage|p2a: Tyranitar|64\/100 par\n|-boost|p1a: Serperior|spa|2\n|cant|p2a: Tyranitar|par\n|\n|-weather|Sandstorm|[upkeep]\n|-damage|p1a: Serperior|92\/100|[from] Sandstorm\n|-heal|p1a: Serperior|99\/100|[from] item: Leftovers\n|upkeep\n|turn|23\n|\n|t:|1613108195\n|switch|p2a: Dracovish|Dracovish|37\/100\n|move|p1a: Serperior|Leaf Storm|p2a: Dracovish\n|-damage|p2a: Dracovish|0 fnt\n|-boost|p1a: Serperior|spa|2\n|faint|p2a: Dracovish\n|\n|-weather|Sandstorm|[upkeep]\n|-damage|p1a: Serperior|92\/100|[from] Sandstorm\n|-heal|p1a: Serperior|99\/100|[from] item: Leftovers\n|upkeep\n|\n|t:|1613108205\n|switch|p2a: Rotom|Rotom-Heat|81\/100\n|turn|24\n|\n|t:|1613108207\n|move|p1a: Serperior|Dragon Pulse|p2a: Rotom\n|-damage|p2a: Rotom|18\/100\n|move|p2a: Rotom|Overheat|p1a: Serperior|[miss]\n|-miss|p2a: Rotom|p1a: Serperior\n|\n|-weather|Sandstorm|[upkeep]\n|-damage|p1a: Serperior|92\/100|[from] Sandstorm\n|-damage|p2a: Rotom|12\/100|[from] Sandstorm\n|-heal|p1a: Serperior|99\/100|[from] item: Leftovers\n|upkeep\n|turn|25\n|c|\u2606TehranTyphlosions|sry\n|c|\u2606gcboat|zzz\n|c|\u2606TehranTyphlosions|thats fucked\n|\n|t:|1613108215\n|move|p1a: Serperior|Dragon Pulse|p2a: Rotom\n|-damage|p2a: Rotom|0 fnt\n|faint|p2a: Rotom\n|\n|-weather|Sandstorm|[upkeep]\n|-damage|p1a: Serperior|92\/100|[from] Sandstorm\n|-heal|p1a: Serperior|99\/100|[from] item: Leftovers\n|upkeep\n|\n|t:|1613108218\n|switch|p2a: Gengar|Gengar, M|56\/100\n|turn|26\n|\n|t:|1613108220\n|move|p1a: Serperior|Dragon Pulse|p2a: Gengar\n|-damage|p2a: Gengar|0 fnt\n|-start|p1a: Serperior|Disable|Dragon Pulse|[from] ability: Cursed Body|[of] p2a: Gengar\n|faint|p2a: Gengar\n|\n|-weather|Sandstorm|[upkeep]\n|-damage|p1a: Serperior|92\/100|[from] Sandstorm\n|-heal|p1a: Serperior|99\/100|[from] item: Leftovers\n|upkeep\n|\n|t:|1613108225\n|switch|p2a: Excadrill|Excadrill, F|100\/100\n|turn|27\n|\n|t:|1613108235\n|move|p2a: Excadrill|Iron Head|p1a: Serperior\n|-damage|p1a: Serperior|47\/100\n|move|p1a: Serperior|Leaf Storm|p2a: Excadrill\n|-crit|p2a: Excadrill\n|-damage|p2a: Excadrill|0 fnt\n|-boost|p1a: Serperior|spa|2\n|faint|p2a: Excadrill\n|\n|-weather|Sandstorm|[upkeep]\n|-damage|p1a: Serperior|41\/100|[from] Sandstorm\n|-heal|p1a: Serperior|47\/100|[from] item: Leftovers\n|upkeep\n|\n|t:|1613108240\n|switch|p2a: Herdier|Herdier, F|38\/100\n|-ability|p2a: Herdier|Intimidate|boost\n|-boost|p1a: Serperior|atk|1\n|turn|28\n|c|\u2606gcboat|Gg\n|\n|t:|1613108249\n|move|p1a: Serperior|Leaf Storm|p2a: Herdier\n|-damage|p2a: Herdier|0 fnt\n|faint|p2a: Herdier\n|\n|-weather|none\n|-heal|p1a: Serperior|53\/100|[from] item: Leftovers\n|upkeep\n|c|\u2606TehranTyphlosions|gg\n|\n|t:|1613108252\n|switch|p2a: Tyranitar|Tyranitar, M|64\/100 par\n|-weather|Sandstorm|[from] ability: Sand Stream|[of] p2a: Tyranitar\n|turn|29\n|\n|t:|1613108255\n|move|p1a: Serperior|Leaf Storm|p2a: Tyranitar\n|-supereffective|p2a: Tyranitar\n|-damage|p2a: Tyranitar|0 fnt\n|faint|p2a: Tyranitar\n|\n|win|TehranTyphlosions\n|l|\u2606gcboat\n|l| EGADrifblims\n|player|p1|TehranTyphlosions|clair\n","uploadtime":1613108302,"views":5,"p1id":"tehrantyphlosions","p2id":"gcboat","formatid":"gen8nationaldexdlclegacy","rating":0,"private":0,"password":null}