{"id":"sports-gen8nationaldexdlclegacy-342239","p1":"TehranTyphlosions","p2":"okaP","format":"gen8nationaldexdlclegacy","log":"|j|\u2606TehranTyphlosions\n|j|\u2606okaP\n|t:|1613109461\n|player|p1|TehranTyphlosions|clair|\n|player|p2|okaP|okap.png|\n|teamsize|p1|6\n|teamsize|p2|6\n|gametype|singles\n|gen|8\n|tier|[Gen 8] National Dex DLC Legacy\n|rule|Sleep Clause Mod: Limit one foe put to sleep\n|rule|OHKO Clause: OHKO moves are banned\n|rule|Evasion Moves Clause: Evasion moves are banned\n|rule|Endless Battle Clause: Forcing endless battles is banned\n|rule|HP Percentage Mod: HP is shown in percentages\n|clearpoke\n|poke|p1|Serperior, F|\n|poke|p1|Nihilego|\n|poke|p1|Charizard, F|\n|poke|p1|Sylveon, F|\n|poke|p1|Landorus, M|\n|poke|p1|Gurdurr, M|\n|poke|p2|Ampharos, M|\n|poke|p2|Tapu Koko|\n|poke|p2|Raichu, F|\n|poke|p2|Raichu-Alola, M|\n|poke|p2|Zeraora|\n|poke|p2|Zapdos|\n|rule|Dynamax Clause: You cannot dynamax\n|teampreview\n|html|<button name=\"send\" class=\"button\" value=\"\/timer ds\"><i class=\"fa fa-hourglass-start\"><\/i> DS Timer<\/button> <button name=\"send\" class=\"button\" value=\"\/timer smogon\"><i class=\"fa fa-hourglass-start\"><\/i> Smogon Timer<\/button>\n|l|\u2606TehranTyphlosions\n|player|p1|\n|j|\u2606TehranTyphlosions\n|player|p1|TehranTyphlosions|clair\n|\n|t:|1613109485\n|start\n|switch|p1a: Serperior|Serperior, F, shiny|100\/100\n|switch|p2a: Raichu|Raichu, F|100\/100\n|turn|1\n|j| EGADrifblims\n|j| Bananacrazy111\n|j| EGALombres\n|\n|t:|1613109504\n|move|p1a: Serperior|Leaf Storm|p2a: Raichu\n|-damage|p2a: Raichu|46\/100\n|-boost|p1a: Serperior|spa|2\n|move|p2a: Raichu|Nasty Plot|p2a: Raichu\n|-boost|p2a: Raichu|spa|2\n|\n|upkeep\n|turn|2\n|\n|t:|1613109511\n|move|p1a: Serperior|Leaf Storm|p2a: Raichu\n|-damage|p2a: Raichu|0 fnt\n|-boost|p1a: Serperior|spa|2\n|faint|p2a: Raichu\n|\n|upkeep\n|c| EGADrifblims|:jammies: sean support :jammies: sean support :jammies: sean support :jammies: sean support :jammies: sean support :jammies: sean support :jammies: sean support :jammies: sean support \n|\n|t:|1613109517\n|switch|p2a: Zapdos|Zapdos|100\/100\n|-ability|p2a: Zapdos|Pressure\n|turn|3\n|c|\u2606TehranTyphlosions|much love\n|\n|t:|1613109521\n|move|p1a: Serperior|Leaf Storm|p2a: Zapdos\n|-resisted|p2a: Zapdos\n|-damage|p2a: Zapdos|66\/100\n|-boost|p1a: Serperior|spa|2\n|move|p2a: Zapdos|Heat Wave|p1a: Serperior\n|-supereffective|p1a: Serperior\n|-damage|p1a: Serperior|64\/100\n|\n|upkeep\n|turn|4\n|\n|t:|1613109529\n|move|p1a: Serperior|Leaf Storm|p2a: Zapdos\n|-resisted|p2a: Zapdos\n|-damage|p2a: Zapdos|22\/100\n|move|p2a: Zapdos|Heat Wave|p1a: Serperior\n|-supereffective|p1a: Serperior\n|-damage|p1a: Serperior|29\/100\n|-status|p1a: Serperior|brn\n|\n|-damage|p1a: Serperior|23\/100 brn|[from] brn\n|upkeep\n|turn|5\n|\n|t:|1613109539\n|switch|p2a: Zeraora|Zeraora|100\/100\n|move|p1a: Serperior|Leaf Storm|p2a: Zeraora\n|-damage|p2a: Zeraora|0 fnt\n|faint|p2a: Zeraora\n|\n|-damage|p1a: Serperior|17\/100 brn|[from] brn\n|upkeep\n|\n|t:|1613109542\n|switch|p2a: Tapu Koko|Tapu Koko|100\/100\n|-fieldstart|move: Electric Terrain|[from] ability: Electric Surge|[of] p2a: Tapu Koko\n|turn|6\n|\n|t:|1613109546\n|move|p2a: Tapu Koko|U-turn|p1a: Serperior\n|-supereffective|p1a: Serperior\n|-damage|p1a: Serperior|0 fnt\n|faint|p1a: Serperior\n|c| EGADrifblims|:snake: fortunate and of little skill \n|\n|t:|1613109554\n|switch|p2a: Raichu|Raichu-Alola, M|100\/100|[from]move: U-turn\n|\n|upkeep\n|\n|t:|1613109575\n|switch|p1a: Sylveon|Sylveon, F, shiny|100\/100\n|turn|7\n|\n|t:|1613109585\n|move|p2a: Raichu|Nasty Plot|p2a: Raichu\n|-boost|p2a: Raichu|spa|2\n|move|p1a: Sylveon|Hyper Voice|p2a: Raichu\n|-damage|p2a: Raichu|44\/100\n|\n|upkeep\n|turn|8\n|\n|t:|1613109591\n|move|p1a: Sylveon|Protect|p1a: Sylveon\n|-singleturn|p1a: Sylveon|Protect\n|move|p2a: Raichu|Psyshock|p1a: Sylveon\n|-activate|p1a: Sylveon|move: Protect\n|\n|upkeep\n|turn|9\n|\n|t:|1613109594\n|move|p2a: Raichu|Psyshock|p1a: Sylveon\n|-damage|p1a: Sylveon|26\/100\n|-damage|p2a: Raichu|34\/100|[from] item: Life Orb\n|move|p1a: Sylveon|Hyper Voice|p2a: Raichu\n|-damage|p2a: Raichu|0 fnt\n|faint|p2a: Raichu\n|\n|-heal|p1a: Sylveon|32\/100|[from] item: Leftovers\n|upkeep\n|\n|t:|1613109598\n|switch|p2a: Tapu Koko|Tapu Koko|100\/100\n|turn|10\n|\n|t:|1613109601\n|move|p1a: Sylveon|Protect|p1a: Sylveon\n|-singleturn|p1a: Sylveon|Protect\n|move|p2a: Tapu Koko|Thunderbolt|p1a: Sylveon\n|-activate|p1a: Sylveon|move: Protect\n|\n|-heal|p1a: Sylveon|38\/100|[from] item: Leftovers\n|-fieldend|move: Electric Terrain\n|upkeep\n|turn|11\n|\n|t:|1613109604\n|move|p2a: Tapu Koko|Thunderbolt|p1a: Sylveon\n|-damage|p1a: Sylveon|18\/100\n|move|p1a: Sylveon|Hyper Voice|p2a: Tapu Koko\n|-damage|p2a: Tapu Koko|50\/100\n|\n|-heal|p2a: Tapu Koko|57\/100|[from] item: Leftovers\n|-heal|p1a: Sylveon|24\/100|[from] item: Leftovers\n|upkeep\n|turn|12\n|\n|t:|1613109607\n|move|p2a: Tapu Koko|Thunderbolt|p1a: Sylveon\n|-damage|p1a: Sylveon|3\/100\n|move|p1a: Sylveon|Wish|p1a: Sylveon\n|\n|-heal|p2a: Tapu Koko|63\/100|[from] item: Leftovers\n|-heal|p1a: Sylveon|9\/100|[from] item: Leftovers\n|upkeep\n|turn|13\n|\n|t:|1613109611\n|move|p1a: Sylveon|Protect|p1a: Sylveon\n|-singleturn|p1a: Sylveon|Protect\n|move|p2a: Tapu Koko|Toxic|p1a: Sylveon\n|-activate|p1a: Sylveon|move: Protect\n|\n|-heal|p1a: Sylveon|59\/100|[from] move: Wish|[wisher] Sylveon\n|-heal|p2a: Tapu Koko|69\/100|[from] item: Leftovers\n|-heal|p1a: Sylveon|65\/100|[from] item: Leftovers\n|upkeep\n|turn|14\n|c|\u2606okaP|this didnt happen\n|\n|t:|1613109619\n|move|p2a: Tapu Koko|Toxic|p1a: Sylveon\n|-status|p1a: Sylveon|tox\n|move|p1a: Sylveon|Hyper Voice|p2a: Tapu Koko\n|-damage|p2a: Tapu Koko|17\/100\n|\n|-heal|p2a: Tapu Koko|23\/100|[from] item: Leftovers\n|-heal|p1a: Sylveon|71\/100 tox|[from] item: Leftovers\n|-damage|p1a: Sylveon|65\/100 tox|[from] psn\n|upkeep\n|turn|15\n|\n|t:|1613109622\n|move|p2a: Tapu Koko|Roost|p2a: Tapu Koko\n|-heal|p2a: Tapu Koko|73\/100\n|-singleturn|p2a: Tapu Koko|move: Roost\n|move|p1a: Sylveon|Hyper Voice|p2a: Tapu Koko\n|-damage|p2a: Tapu Koko|22\/100\n|\n|-heal|p2a: Tapu Koko|28\/100|[from] item: Leftovers\n|-heal|p1a: Sylveon|71\/100 tox|[from] item: Leftovers\n|-damage|p1a: Sylveon|59\/100 tox|[from] psn\n|upkeep\n|turn|16\n|\n|t:|1613109643\n|move|p2a: Tapu Koko|Roost|p2a: Tapu Koko\n|-heal|p2a: Tapu Koko|78\/100\n|-singleturn|p2a: Tapu Koko|move: Roost\n|move|p1a: Sylveon|Baton Pass|p1a: Sylveon\n|\n|t:|1613109660\n|switch|p1a: Landorus|Landorus, M|100\/100|[from]move: Baton Pass\n|\n|-heal|p2a: Tapu Koko|84\/100|[from] item: Leftovers\n|upkeep\n|turn|17\n|\n|t:|1613109699\n|move|p2a: Tapu Koko|Toxic|p1a: Landorus|[miss]\n|-miss|p2a: Tapu Koko|p1a: Landorus\n|move|p1a: Landorus|Rock Polish|p1a: Landorus\n|-boost|p1a: Landorus|spe|2\n|\n|-heal|p2a: Tapu Koko|90\/100|[from] item: Leftovers\n|upkeep\n|turn|18\n|\n|t:|1613109703\n|move|p1a: Landorus|Earthquake|p2a: Tapu Koko\n|-supereffective|p2a: Tapu Koko\n|-damage|p2a: Tapu Koko|0 fnt\n|-damage|p1a: Landorus|90\/100|[from] item: Life Orb\n|faint|p2a: Tapu Koko\n|\n|upkeep\n|\n|t:|1613109708\n|switch|p2a: Ampharos|Ampharos, M|100\/100\n|turn|19\n|\n|t:|1613109711\n|detailschange|p2a: Ampharos|Ampharos-Mega, M\n|-mega|p2a: Ampharos|Ampharos|Ampharosite\n|-ability|p2a: Ampharos|Mold Breaker\n|move|p1a: Landorus|Earthquake|p2a: Ampharos\n|-supereffective|p2a: Ampharos\n|-crit|p2a: Ampharos\n|-damage|p2a: Ampharos|0 fnt\n|-damage|p1a: Landorus|80\/100|[from] item: Life Orb\n|faint|p2a: Ampharos\n|\n|upkeep\n|c|\u2606TehranTyphlosions|http:\/\/sports.psim.us\/battle-gen8nationaldexdlclegacy-342239\n|c|\u2606TehranTyphlosions|OOPS\n|c|\u2606TehranTyphlosions|fortnate \n|c|\u2606TehranTyphlosions|no skill\n|\n|t:|1613109722\n|switch|p2a: Zapdos|Zapdos|22\/100\n|-ability|p2a: Zapdos|Pressure\n|turn|20\n|c|\u2606TehranTyphlosions|is what i meant\n|c| EGALombres|that shit prob killed\n|c|\u2606okaP|....\n|c| Bananacrazy111|http:\/\/sports.psim.us\/battle-gen8nationaldexdlclegacy-342239\n|c|\u2606TehranTyphlosions|gg \n|c|\u2606okaP|fuck you\n|c| EGADrifblims|:snake: http:\/\/sports.psim.us\/battle-gen8nationaldexdlclegacy-342239 :snake: http:\/\/sports.psim.us\/battle-gen8nationaldexdlclegacy-342239 :snake: http:\/\/sports.psim.us\/battle-gen8nationaldexdlclegacy-342239 \n|c|\u2606okaP|forfeit\n|c|\u2606TehranTyphlosions|LMAO\n|c| Bananacrazy111|:snake: http:\/\/sports.psim.us\/battle-gen8nationaldexdlclegacy-342239:snake: http:\/\/sports.psim.us\/battle-gen8nationaldexdlclegacy-342239\n|-message|okaP forfeited.\n|\n|win|TehranTyphlosions\n|l|\u2606okaP\n|l|\u2606TehranTyphlosions\n|l| EGADrifblims\n|c| Bananacrazy111|:snake: http:\/\/sports.psim.us\/battle-gen8nationaldexdlclegacy-342239:snake: http:\/\/sports.psim.us\/battle-gen8nationaldexdlclegacy-342239\n|j|\u2606TehranTyphlosions\n|player|p1|TehranTyphlosions|clair\n","uploadtime":1613109787,"views":7,"p1id":"tehrantyphlosions","p2id":"okap","formatid":"gen8nationaldexdlclegacy","rating":0,"private":0,"password":null}