{"id":"sports-gen8nationaldexdraft-728301","p1":"killerASCII","p2":"Unviabriel","format":"gen8nationaldexdraft","log":"|j|\u2606killerASCII\n|j|\u2606Unviabriel\n|t:|1663456348\n|gametype|singles\n|player|p1|killerASCII|killerascii.png|\n|player|p2|Unviabriel|unviabriel.png|\n|teamsize|p1|6\n|teamsize|p2|6\n|gen|8\n|tier|[Gen 8] National Dex Draft\n|rule|Sleep Clause Mod: Limit one foe put to sleep\n|rule|OHKO Clause: OHKO moves are banned\n|rule|Evasion Moves Clause: Evasion moves are banned\n|rule|Endless Battle Clause: Forcing endless battles is banned\n|rule|HP Percentage Mod: HP is shown in percentages\n|rule|Dynamax Clause: You cannot dynamax\n|clearpoke\n|poke|p1|Urshifu-*, F|\n|poke|p1|Slowking-Galar, M|\n|poke|p1|Dragonite, M|\n|poke|p1|Blastoise, F|\n|poke|p1|Manectric, F|\n|poke|p1|Ditto|\n|poke|p2|Cinderace, F|\n|poke|p2|Zapdos|\n|poke|p2|Tyranitar, F|\n|poke|p2|Excadrill, F|\n|poke|p2|Altaria, F|\n|poke|p2|Weezing-Galar, F|\n|teampreview\n|html|<button name=\"send\" class=\"button\" value=\"\/timer ds\"><i class=\"fa fa-hourglass-start\"><\/i> DS Timer<\/button> <button name=\"send\" class=\"button\" value=\"\/timer smogon\"><i class=\"fa fa-hourglass-start\"><\/i> Smogon Timer<\/button>\n|j| Great Distance\n|c|\u2606Unviabriel|glhf\n|c|\u2606killerASCII|u2\n|j| LegendarySerperior\n|j| vinithewini\n|j| goinforasmoke\n|j| ArctozoltCult\n|l| ArctozoltCult\n|j| Moose Plays\n|j| ChilisGrillNBar\n|\n|t:|1663456416\n|start\n|switch|p1a: Dragonite|Dragonite, M|100\/100\n|switch|p2a: Altaria|Altaria, F|100\/100\n|turn|1\n|j| VIG Luffy\n|\n|t:|1663456426\n|detailschange|p2a: Altaria|Altaria-Mega, F\n|-mega|p2a: Altaria|Altaria|Altarianite\n|move|p1a: Dragonite|Toxic|p2a: Altaria|[miss]\n|-miss|p1a: Dragonite|p2a: Altaria\n|move|p2a: Altaria|Body Slam|p1a: Dragonite\n|-supereffective|p1a: Dragonite\n|-damage|p1a: Dragonite|74\/100\n|\n|upkeep\n|turn|2\n|c|\u2606killerASCII|starting off strong\n|\n|t:|1663456484\n|switch|p2a: Weezing|Weezing-Galar, F|100\/100\n|switch|p1a: Slowking|Slowking-Galar, M|100\/100\n|\n|upkeep\n|turn|3\n|\n|t:|1663456513\n|switch|p2a: Excadrill|Excadrill, F|100\/100\n|move|p1a: Slowking|Scald|p2a: Excadrill\n|-supereffective|p2a: Excadrill\n|-damage|p2a: Excadrill|52\/100\n|\n|upkeep\n|turn|4\n|\n|t:|1663456576\n|switch|p1a: Dragonite|Dragonite, M|74\/100\n|move|p2a: Excadrill|Earthquake|p1a: Dragonite\n|-immune|p1a: Dragonite\n|\n|upkeep\n|turn|5\n|\n|t:|1663456596\n|move|p2a: Excadrill|Toxic|p1a: Dragonite\n|-status|p1a: Dragonite|tox\n|move|p1a: Dragonite|Surf|p2a: Excadrill\n|-supereffective|p2a: Excadrill\n|-damage|p2a: Excadrill|0 fnt\n|faint|p2a: Excadrill\n|\n|-damage|p1a: Dragonite|68\/100 tox|[from] psn\n|upkeep\n|\n|t:|1663456656\n|switch|p2a: Altaria|Altaria-Mega, F|100\/100\n|turn|6\n|\n|t:|1663456667\n|move|p2a: Altaria|Body Slam|p1a: Dragonite\n|-supereffective|p1a: Dragonite\n|-damage|p1a: Dragonite|18\/100 tox\n|move|p1a: Dragonite|Roost|p1a: Dragonite\n|-heal|p1a: Dragonite|68\/100 tox\n|-singleturn|p1a: Dragonite|move: Roost\n|\n|-damage|p1a: Dragonite|56\/100 tox|[from] psn\n|upkeep\n|turn|7\n|\n|t:|1663456685\n|switch|p1a: Slowking|Slowking-Galar, M|100\/100\n|move|p2a: Altaria|Body Slam|p1a: Slowking\n|-resisted|p1a: Slowking\n|-damage|p1a: Slowking|87\/100\n|\n|upkeep\n|turn|8\n|\n|t:|1663456752\n|switch|p2a: Zapdos|Zapdos|100\/100\n|move|p1a: Slowking|Sludge Bomb|p2a: Zapdos\n|-damage|p2a: Zapdos|65\/100\n|\n|upkeep\n|turn|9\n|\n|t:|1663456799\n|switch|p1a: Manectric|Manectric, F|100\/100\n|move|p2a: Zapdos|Roost|p2a: Zapdos\n|-heal|p2a: Zapdos|100\/100\n|-singleturn|p2a: Zapdos|move: Roost\n|\n|upkeep\n|turn|10\n|\n|t:|1663456866\n|switch|p2a: Altaria|Altaria-Mega, F|100\/100\n|detailschange|p1a: Manectric|Manectric-Mega, F\n|-mega|p1a: Manectric|Manectric|Manectite\n|-ability|p1a: Manectric|Intimidate|boost\n|-unboost|p2a: Altaria|atk|1\n|move|p1a: Manectric|Toxic|p2a: Altaria\n|-status|p2a: Altaria|tox\n|\n|-damage|p2a: Altaria|94\/100 tox|[from] psn\n|upkeep\n|turn|11\n|\n|t:|1663456882\n|switch|p1a: Slowking|Slowking-Galar, M|100\/100\n|move|p2a: Altaria|Body Slam|p1a: Slowking\n|-resisted|p1a: Slowking\n|-damage|p1a: Slowking|90\/100\n|\n|-damage|p2a: Altaria|82\/100 tox|[from] psn\n|upkeep\n|turn|12\n|\n|t:|1663456914\n|switch|p2a: Zapdos|Zapdos|100\/100\n|move|p1a: Slowking|Sludge Bomb|p2a: Zapdos\n|-damage|p2a: Zapdos|64\/100\n|\n|upkeep\n|turn|13\n|l| vinithewini\n|j| vinithewini\n|\n|t:|1663456959\n|move|p2a: Zapdos|Heat Wave|p1a: Slowking\n|-damage|p1a: Slowking|65\/100\n|move|p1a: Slowking|Sludge Bomb|p2a: Zapdos\n|-damage|p2a: Zapdos|24\/100\n|\n|upkeep\n|turn|14\n|\n|t:|1663456990\n|move|p2a: Zapdos|Roost|p2a: Zapdos\n|-heal|p2a: Zapdos|74\/100\n|-singleturn|p2a: Zapdos|move: Roost\n|move|p1a: Slowking|Sludge Bomb|p2a: Zapdos\n|-damage|p2a: Zapdos|39\/100\n|-status|p2a: Zapdos|psn\n|\n|-damage|p2a: Zapdos|27\/100 psn|[from] psn\n|upkeep\n|turn|15\n|\n|t:|1663457012\n|move|p2a: Zapdos|Roost|p2a: Zapdos\n|-heal|p2a: Zapdos|77\/100 psn\n|-singleturn|p2a: Zapdos|move: Roost\n|move|p1a: Slowking|Sludge Bomb|p2a: Zapdos\n|-crit|p2a: Zapdos\n|-damage|p2a: Zapdos|19\/100 psn\n|\n|-damage|p2a: Zapdos|7\/100 psn|[from] psn\n|upkeep\n|turn|16\n|\n|t:|1663457031\n|move|p2a: Zapdos|Roost|p2a: Zapdos\n|-heal|p2a: Zapdos|57\/100 psn\n|-singleturn|p2a: Zapdos|move: Roost\n|move|p1a: Slowking|Sludge Bomb|p2a: Zapdos\n|-damage|p2a: Zapdos|18\/100 psn\n|\n|-damage|p2a: Zapdos|5\/100 psn|[from] psn\n|upkeep\n|turn|17\n|\n|t:|1663457041\n|move|p2a: Zapdos|Hurricane|p1a: Slowking\n|-damage|p1a: Slowking|17\/100\n|move|p1a: Slowking|Sludge Bomb|p2a: Zapdos\n|-damage|p2a: Zapdos|0 fnt\n|faint|p2a: Zapdos\n|\n|upkeep\n|\n|t:|1663457066\n|switch|p2a: Cinderace|Cinderace, F|100\/100\n|turn|18\n|\n|t:|1663457078\n|switch|p1a: Manectric|Manectric-Mega, F|100\/100\n|-ability|p1a: Manectric|Intimidate|boost\n|-unboost|p2a: Cinderace|atk|1\n|move|p2a: Cinderace|U-turn|p1a: Manectric\n|-start|p2a: Cinderace|typechange|Bug|[from] ability: Libero\n|-damage|p1a: Manectric|67\/100\n|\n|t:|1663457139\n|switch|p2a: Tyranitar|Tyranitar, F|100\/100|[from]move: U-turn\n|-weather|Sandstorm|[from] ability: Sand Stream|[of] p2a: Tyranitar\n|\n|-weather|Sandstorm|[upkeep]\n|-damage|p1a: Manectric|61\/100|[from] Sandstorm\n|upkeep\n|turn|19\n|\n|t:|1663457165\n|move|p1a: Manectric|Toxic|p2a: Tyranitar\n|-status|p2a: Tyranitar|tox\n|move|p2a: Tyranitar|Superpower|p1a: Manectric\n|-crit|p1a: Manectric\n|-damage|p1a: Manectric|0 fnt\n|-unboost|p2a: Tyranitar|atk|1\n|-unboost|p2a: Tyranitar|def|1\n|faint|p1a: Manectric\n|\n|-weather|Sandstorm|[upkeep]\n|-damage|p2a: Tyranitar|94\/100 tox|[from] psn\n|upkeep\n|\n|t:|1663457227\n|switch|p1a: Urshifu|Urshifu, F|100\/100\n|turn|20\n|\n|t:|1663457237\n|switch|p2a: Weezing|Weezing-Galar, F|100\/100\n|move|p1a: Urshifu|Iron Head|p2a: Weezing\n|-supereffective|p2a: Weezing\n|-damage|p2a: Weezing|62\/100\n|\n|-weather|Sandstorm|[upkeep]\n|-damage|p1a: Urshifu|94\/100|[from] Sandstorm\n|-damage|p2a: Weezing|56\/100|[from] Sandstorm\n|upkeep\n|turn|21\n|\n|t:|1663457261\n|switch|p1a: Slowking|Slowking-Galar, M|50\/100\n|move|p2a: Weezing|Corrosive Gas|p1a: Slowking\n|-enditem|p1a: Slowking|Heavy-Duty Boots|[from] move: Corrosive Gas|[of] p2a: Weezing\n|\n|-weather|Sandstorm|[upkeep]\n|-damage|p2a: Weezing|50\/100|[from] Sandstorm\n|-damage|p1a: Slowking|44\/100|[from] Sandstorm\n|upkeep\n|turn|22\n|\n|t:|1663457321\n|switch|p2a: Tyranitar|Tyranitar, F|94\/100 tox\n|move|p1a: Slowking|Sludge Bomb|p2a: Tyranitar\n|-resisted|p2a: Tyranitar\n|-damage|p2a: Tyranitar|90\/100 tox\n|\n|-weather|none\n|-damage|p2a: Tyranitar|84\/100 tox|[from] psn\n|upkeep\n|turn|23\n|j| Can't Dec1de\n|\n|t:|1663457412\n|switch|p2a: Cinderace|Cinderace, F|100\/100\n|switch|p1a: Dragonite|Dragonite, M|56\/100 tox\n|\n|-damage|p1a: Dragonite|49\/100 tox|[from] psn\n|upkeep\n|turn|24\n|\n|t:|1663457437\n|move|p2a: Cinderace|U-turn|p1a: Dragonite\n|-start|p2a: Cinderace|typechange|Bug|[from] ability: Libero\n|-resisted|p1a: Dragonite\n|-damage|p1a: Dragonite|37\/100 tox\n|\n|t:|1663457456\n|switch|p2a: Altaria|Altaria-Mega, F|82\/100 tox|[from]move: U-turn\n|move|p1a: Dragonite|Roost|p1a: Dragonite\n|-heal|p1a: Dragonite|87\/100 tox\n|-singleturn|p1a: Dragonite|move: Roost\n|\n|-damage|p2a: Altaria|76\/100 tox|[from] psn\n|-damage|p1a: Dragonite|75\/100 tox|[from] psn\n|upkeep\n|turn|25\n|\n|t:|1663457469\n|switch|p1a: Slowking|Slowking-Galar, M|77\/100\n|move|p2a: Altaria|Body Slam|p1a: Slowking\n|-resisted|p1a: Slowking\n|-crit|p1a: Slowking\n|-damage|p1a: Slowking|54\/100\n|-status|p1a: Slowking|par\n|\n|-damage|p2a: Altaria|63\/100 tox|[from] psn\n|upkeep\n|turn|26\n|j| GoatExpress\n|\n|t:|1663457556\n|switch|p2a: Tyranitar|Tyranitar, F|84\/100 tox\n|-weather|Sandstorm|[from] ability: Sand Stream|[of] p2a: Tyranitar\n|cant|p1a: Slowking|par\n|\n|-weather|Sandstorm|[upkeep]\n|-damage|p1a: Slowking|47\/100 par|[from] Sandstorm\n|-damage|p2a: Tyranitar|77\/100 tox|[from] psn\n|upkeep\n|turn|27\n|j| qjz\n|l| qjz\n|\n|t:|1663457606\n|switch|p2a: Cinderace|Cinderace, F|100\/100\n|switch|p1a: Urshifu|Urshifu, F|94\/100\n|\n|-weather|Sandstorm|[upkeep]\n|-damage|p2a: Cinderace|94\/100|[from] Sandstorm\n|-damage|p1a: Urshifu|88\/100|[from] Sandstorm\n|upkeep\n|turn|28\n|\n|t:|1663457644\n|switch|p1a: Dragonite|Dragonite, M|75\/100 tox\n|move|p2a: Cinderace|High Jump Kick|p1a: Dragonite\n|-start|p2a: Cinderace|typechange|Fighting|[from] ability: Libero\n|-resisted|p1a: Dragonite\n|-damage|p1a: Dragonite|54\/100 tox\n|\n|-weather|Sandstorm|[upkeep]\n|-damage|p2a: Cinderace|88\/100|[from] Sandstorm\n|-damage|p1a: Dragonite|48\/100 tox|[from] Sandstorm\n|-damage|p1a: Dragonite|41\/100 tox|[from] psn\n|upkeep\n|turn|29\n|\n|t:|1663457669\n|move|p2a: Cinderace|U-turn|p1a: Dragonite\n|-start|p2a: Cinderace|typechange|Bug|[from] ability: Libero\n|-resisted|p1a: Dragonite\n|-damage|p1a: Dragonite|30\/100 tox\n|\n|t:|1663457696\n|switch|p2a: Altaria|Altaria-Mega, F|63\/100 tox|[from]move: U-turn\n|move|p1a: Dragonite|Roost|p1a: Dragonite\n|-heal|p1a: Dragonite|80\/100 tox\n|-singleturn|p1a: Dragonite|move: Roost\n|\n|-weather|Sandstorm|[upkeep]\n|-damage|p2a: Altaria|57\/100 tox|[from] Sandstorm\n|-damage|p1a: Dragonite|73\/100 tox|[from] Sandstorm\n|-damage|p2a: Altaria|51\/100 tox|[from] psn\n|-damage|p1a: Dragonite|61\/100 tox|[from] psn\n|upkeep\n|turn|30\n|\n|t:|1663457712\n|move|p1a: Dragonite|Heal Bell|p1a: Dragonite\n|-activate|p1a: Dragonite|move: Heal Bell\n|-curestatus|p1a: Dragonite|tox|[msg]\n|-curestatus|p1: Slowking|par|[msg]\n|move|p2a: Altaria|Earthquake|p1a: Dragonite\n|-immune|p1a: Dragonite\n|\n|-weather|none\n|-damage|p2a: Altaria|38\/100 tox|[from] psn\n|upkeep\n|turn|31\n|c| ChilisGrillNBar|how\n|\n|t:|1663457725\n|switch|p1a: Slowking|Slowking-Galar, M|81\/100\n|move|p2a: Altaria|Body Slam|p1a: Slowking\n|-resisted|p1a: Slowking\n|-damage|p1a: Slowking|67\/100\n|\n|-damage|p2a: Altaria|19\/100 tox|[from] psn\n|upkeep\n|turn|32\n|c| ChilisGrillNBar|killerASCII\n|c| ChilisGrillNBar|are u human?\n|\n|t:|1663457747\n|switch|p2a: Tyranitar|Tyranitar, F|77\/100 tox\n|-weather|Sandstorm|[from] ability: Sand Stream|[of] p2a: Tyranitar\n|move|p1a: Slowking|Sludge Bomb|p2a: Tyranitar\n|-resisted|p2a: Tyranitar\n|-damage|p2a: Tyranitar|73\/100 tox\n|\n|-weather|Sandstorm|[upkeep]\n|-damage|p1a: Slowking|61\/100|[from] Sandstorm\n|-damage|p2a: Tyranitar|66\/100 tox|[from] psn\n|upkeep\n|turn|33\n|c|\u2606killerASCII|maybe\n|\n|t:|1663457773\n|switch|p1a: Urshifu|Urshifu, F|88\/100\n|move|p2a: Tyranitar|Crunch|p1a: Urshifu\n|-resisted|p1a: Urshifu\n|-damage|p1a: Urshifu|79\/100\n|\n|-weather|Sandstorm|[upkeep]\n|-damage|p1a: Urshifu|73\/100|[from] Sandstorm\n|-damage|p2a: Tyranitar|54\/100 tox|[from] psn\n|upkeep\n|turn|34\n|l| VIG Luffy\n|\n|t:|1663457795\n|switch|p2a: Weezing|Weezing-Galar, F|50\/100\n|move|p1a: Urshifu|Drain Punch|p2a: Weezing\n|-resisted|p2a: Weezing\n|-damage|p2a: Weezing|42\/100\n|-heal|p1a: Urshifu|77\/100|[from] drain|[of] p2a: Weezing\n|\n|-weather|Sandstorm|[upkeep]\n|-damage|p1a: Urshifu|71\/100|[from] Sandstorm\n|-damage|p2a: Weezing|36\/100|[from] Sandstorm\n|upkeep\n|turn|35\n|\n|t:|1663457817\n|move|p1a: Urshifu|Iron Head|p2a: Weezing\n|-supereffective|p2a: Weezing\n|-damage|p2a: Weezing|0 fnt\n|faint|p2a: Weezing\n|\n|-weather|Sandstorm|[upkeep]\n|-damage|p1a: Urshifu|65\/100|[from] Sandstorm\n|upkeep\n|j| VIG Luffy\n|\n|t:|1663457879\n|switch|p2a: Cinderace|Cinderace, F|88\/100\n|turn|36\n|\n|t:|1663457895\n|switch|p1a: Dragonite|Dragonite, M|61\/100\n|move|p2a: Cinderace|U-turn|p1a: Dragonite\n|-start|p2a: Cinderace|typechange|Bug|[from] ability: Libero\n|-resisted|p1a: Dragonite\n|-damage|p1a: Dragonite|49\/100\n|\n|t:|1663457901\n|switch|p2a: Altaria|Altaria-Mega, F|19\/100 tox|[from]move: U-turn\n|\n|-weather|none\n|-damage|p2a: Altaria|13\/100 tox|[from] psn\n|upkeep\n|turn|37\n|l| GoatExpress\n|\n|t:|1663457908\n|switch|p2a: Cinderace|Cinderace, F|88\/100\n|move|p1a: Dragonite|Surf|p2a: Cinderace\n|-supereffective|p2a: Cinderace\n|-damage|p2a: Cinderace|32\/100\n|\n|upkeep\n|turn|38\n|c|\u2606Unviabriel|Enjoy your free win idfk what else to say\n|-message|Unviabriel forfeited.\n|\n|win|killerASCII\n|l|\u2606Unviabriel\n|l| goinforasmoke\n|l| ChilisGrillNBar\n","uploadtime":1663457950,"views":79,"p1id":"killerascii","p2id":"unviabriel","formatid":"gen8nationaldexdraft","rating":0,"private":0,"password":null}