{"id":"sports-gen8nationaldexdraft-692160","p1":"DjezzeMwoan","p2":"The Rissoux","format":"gen8nationaldexdraft","log":"|j|\u2606DjezzeMwoan\n|j|\u2606The Rissoux\n|t:|1658414228\n|gametype|singles\n|player|p1|DjezzeMwoan|gambler|\n|player|p2|The Rissoux|therissoux.png|\n|teamsize|p1|6\n|teamsize|p2|6\n|gen|8\n|tier|[Gen 8] National Dex Draft\n|rule|Sleep Clause Mod: Limit one foe put to sleep\n|rule|OHKO Clause: OHKO moves are banned\n|rule|Evasion Moves Clause: Evasion moves are banned\n|rule|Endless Battle Clause: Forcing endless battles is banned\n|rule|HP Percentage Mod: HP is shown in percentages\n|rule|Dynamax Clause: You cannot dynamax\n|clearpoke\n|poke|p1|Magearna|\n|poke|p1|Mewtwo|\n|poke|p1|Avalugg, M|\n|poke|p1|Gligar, M|\n|poke|p1|Greninja, M|\n|poke|p1|Tsareena, F|\n|poke|p2|Zamazenta-*|\n|poke|p2|Stunfisk, M|\n|poke|p2|Golisopod, M|\n|poke|p2|Diancie|\n|poke|p2|Registeel|\n|poke|p2|Calyrex-Ice|\n|teampreview\n|html|<button name=\"send\" class=\"button\" value=\"\/timer ds\"><i class=\"fa fa-hourglass-start\"><\/i> DS Timer<\/button> <button name=\"send\" class=\"button\" value=\"\/timer smogon\"><i class=\"fa fa-hourglass-start\"><\/i> Smogon Timer<\/button>\n|c|\u2606The Rissoux|Gl hf\n|c|\u2606DjezzeMwoan|glhf\n|\n|t:|1658414244\n|start\n|switch|p1a: Ty Lee|Greninja, M|100\/100\n|switch|p2a: Zamazenta|Zamazenta|100\/100\n|-ability|p2a: Zamazenta|Dauntless Shield|boost\n|-boost|p2a: Zamazenta|def|1\n|turn|1\n|\n|t:|1658414251\n|switch|p1a: Roku|Mewtwo|100\/100\n|-ability|p1a: Roku|Pressure\n|move|p2a: Zamazenta|Close Combat|p1a: Roku\n|-resisted|p1a: Roku\n|-damage|p1a: Roku|62\/100\n|-unboost|p2a: Zamazenta|def|1\n|-unboost|p2a: Zamazenta|spd|1\n|-damage|p2a: Zamazenta|91\/100|[from] item: Life Orb\n|\n|upkeep\n|turn|2\n|\n|t:|1658414282\n|switch|p2a: Registeel|Registeel|100\/100\n|move|p1a: Roku|Psycho Cut|p2a: Registeel\n|-resisted|p2a: Registeel\n|-damage|p2a: Registeel|92\/100\n|\n|-heal|p2a: Registeel|98\/100|[from] item: Leftovers\n|upkeep\n|turn|3\n|inactive|Battle timer is ON: inactive players will automatically lose when time's up. (requested by DjezzeMwoan)\n|inactiveoff|Battle timer is now OFF.\n|c|\u2606DjezzeMwoan|u there?\n|\n|t:|1658414520\n|switch|p1a: Iroh|Magearna|100\/100\n|move|p2a: Registeel|Stealth Rock|p1a: Iroh\n|-sidestart|p1: DjezzeMwoan|move: Stealth Rock\n|\n|-heal|p2a: Registeel|100\/100|[from] item: Leftovers\n|upkeep\n|turn|4\n|\n|t:|1658414532\n|move|p1a: Iroh|Iron Defense|p1a: Iroh\n|-boost|p1a: Iroh|def|2\n|move|p2a: Registeel|Substitute|p2a: Registeel\n|-start|p2a: Registeel|Substitute\n|-damage|p2a: Registeel|75\/100\n|\n|-heal|p2a: Registeel|82\/100|[from] item: Leftovers\n|upkeep\n|turn|5\n|c|\u2606The Rissoux|Playing at work on mobile sorry\n|\n|t:|1658414539\n|move|p1a: Iroh|Calm Mind|p1a: Iroh\n|-boost|p1a: Iroh|spa|1\n|-boost|p1a: Iroh|spd|1\n|move|p2a: Registeel|Thunder Wave|p1a: Iroh\n|-status|p1a: Iroh|par\n|\n|-heal|p2a: Registeel|88\/100|[from] item: Leftovers\n|upkeep\n|turn|6\n|\n|t:|1658414548\n|move|p2a: Registeel|Seismic Toss|p1a: Iroh\n|-damage|p1a: Iroh|73\/100 par\n|move|p1a: Iroh|Iron Defense|p1a: Iroh\n|-boost|p1a: Iroh|def|2\n|\n|-heal|p2a: Registeel|94\/100|[from] item: Leftovers\n|-heal|p1a: Iroh|79\/100 par|[from] item: Leftovers\n|upkeep\n|turn|7\n|\n|t:|1658414559\n|move|p2a: Registeel|Seismic Toss|p1a: Iroh\n|-damage|p1a: Iroh|52\/100 par\n|cant|p1a: Iroh|par\n|\n|-heal|p2a: Registeel|99\/100|[from] item: Leftovers\n|-heal|p1a: Iroh|58\/100 par|[from] item: Leftovers\n|upkeep\n|turn|8\n|\n|t:|1658414563\n|move|p2a: Registeel|Seismic Toss|p1a: Iroh\n|-damage|p1a: Iroh|30\/100 par\n|move|p1a: Iroh|Rest|p1a: Iroh\n|-status|p1a: Iroh|slp|[from] move: Rest\n|-heal|p1a: Iroh|100\/100 slp|[silent]\n|\n|-heal|p2a: Registeel|100\/100|[from] item: Leftovers\n|upkeep\n|turn|9\n|\n|t:|1658414566\n|cant|p1a: Iroh|slp\n|move|p2a: Registeel|Seismic Toss|p1a: Iroh\n|-damage|p1a: Iroh|73\/100 slp\n|\n|-heal|p1a: Iroh|79\/100 slp|[from] item: Leftovers\n|upkeep\n|turn|10\n|\n|t:|1658414570\n|cant|p1a: Iroh|slp\n|move|p2a: Registeel|Seismic Toss|p1a: Iroh\n|-damage|p1a: Iroh|52\/100 slp\n|\n|-heal|p1a: Iroh|58\/100 slp|[from] item: Leftovers\n|upkeep\n|turn|11\n|\n|t:|1658414572\n|-curestatus|p1a: Iroh|slp|[msg]\n|move|p1a: Iroh|Calm Mind|p1a: Iroh\n|-boost|p1a: Iroh|spa|1\n|-boost|p1a: Iroh|spd|1\n|move|p2a: Registeel|Seismic Toss|p1a: Iroh\n|-damage|p1a: Iroh|30\/100\n|\n|-heal|p1a: Iroh|36\/100|[from] item: Leftovers\n|upkeep\n|turn|12\n|\n|t:|1658414590\n|switch|p2a: Zamazenta|Zamazenta|91\/100\n|-ability|p2a: Zamazenta|Dauntless Shield|boost\n|-boost|p2a: Zamazenta|def|1\n|move|p1a: Iroh|Rest|p1a: Iroh\n|-status|p1a: Iroh|slp|[from] move: Rest\n|-heal|p1a: Iroh|100\/100 slp|[silent]\n|\n|upkeep\n|turn|13\n|\n|t:|1658414593\n|move|p2a: Zamazenta|Close Combat|p1a: Iroh\n|-damage|p1a: Iroh|81\/100 slp\n|-unboost|p2a: Zamazenta|def|1\n|-unboost|p2a: Zamazenta|spd|1\n|-damage|p2a: Zamazenta|81\/100|[from] item: Life Orb\n|cant|p1a: Iroh|slp\n|\n|-heal|p1a: Iroh|87\/100 slp|[from] item: Leftovers\n|upkeep\n|turn|14\n|\n|t:|1658414597\n|switch|p2a: Registeel|Registeel|100\/100\n|cant|p1a: Iroh|slp\n|\n|-heal|p1a: Iroh|93\/100 slp|[from] item: Leftovers\n|upkeep\n|turn|15\n|\n|t:|1658414600\n|-curestatus|p1a: Iroh|slp|[msg]\n|move|p1a: Iroh|Dazzling Gleam|p2a: Registeel\n|-resisted|p2a: Registeel\n|-damage|p2a: Registeel|83\/100\n|move|p2a: Registeel|Substitute|p2a: Registeel\n|-start|p2a: Registeel|Substitute\n|-damage|p2a: Registeel|58\/100\n|\n|-heal|p1a: Iroh|99\/100|[from] item: Leftovers\n|-heal|p2a: Registeel|65\/100|[from] item: Leftovers\n|upkeep\n|turn|16\n|\n|t:|1658414603\n|move|p1a: Iroh|Calm Mind|p1a: Iroh\n|-boost|p1a: Iroh|spa|1\n|-boost|p1a: Iroh|spd|1\n|move|p2a: Registeel|Seismic Toss|p1a: Iroh\n|-damage|p1a: Iroh|72\/100\n|\n|-heal|p1a: Iroh|78\/100|[from] item: Leftovers\n|-heal|p2a: Registeel|71\/100|[from] item: Leftovers\n|upkeep\n|turn|17\n|\n|t:|1658414606\n|move|p1a: Iroh|Calm Mind|p1a: Iroh\n|-boost|p1a: Iroh|spa|1\n|-boost|p1a: Iroh|spd|1\n|move|p2a: Registeel|Seismic Toss|p1a: Iroh\n|-damage|p1a: Iroh|50\/100\n|\n|-heal|p1a: Iroh|56\/100|[from] item: Leftovers\n|-heal|p2a: Registeel|77\/100|[from] item: Leftovers\n|upkeep\n|turn|18\n|\n|t:|1658414608\n|move|p1a: Iroh|Calm Mind|p1a: Iroh\n|-boost|p1a: Iroh|spa|1\n|-boost|p1a: Iroh|spd|1\n|move|p2a: Registeel|Seismic Toss|p1a: Iroh\n|-damage|p1a: Iroh|29\/100\n|\n|-heal|p1a: Iroh|35\/100|[from] item: Leftovers\n|-heal|p2a: Registeel|83\/100|[from] item: Leftovers\n|upkeep\n|turn|19\n|\n|t:|1658414610\n|move|p1a: Iroh|Rest|p1a: Iroh\n|-status|p1a: Iroh|slp|[from] move: Rest\n|-heal|p1a: Iroh|100\/100 slp|[silent]\n|move|p2a: Registeel|Seismic Toss|p1a: Iroh\n|-damage|p1a: Iroh|73\/100 slp\n|\n|-heal|p1a: Iroh|79\/100 slp|[from] item: Leftovers\n|-heal|p2a: Registeel|89\/100|[from] item: Leftovers\n|upkeep\n|turn|20\n|\n|t:|1658414616\n|cant|p1a: Iroh|slp\n|move|p2a: Registeel|Thunder Wave||[still]\n|-fail|p2a: Registeel\n|\n|-heal|p1a: Iroh|85\/100 slp|[from] item: Leftovers\n|-heal|p2a: Registeel|95\/100|[from] item: Leftovers\n|upkeep\n|turn|21\n|\n|t:|1658414618\n|cant|p1a: Iroh|slp\n|move|p2a: Registeel|Thunder Wave||[still]\n|-fail|p2a: Registeel\n|\n|-heal|p1a: Iroh|91\/100 slp|[from] item: Leftovers\n|-heal|p2a: Registeel|100\/100|[from] item: Leftovers\n|upkeep\n|turn|22\n|\n|t:|1658414622\n|-curestatus|p1a: Iroh|slp|[msg]\n|move|p1a: Iroh|Calm Mind|p1a: Iroh\n|-boost|p1a: Iroh|spa|1\n|-boost|p1a: Iroh|spd|1\n|move|p2a: Registeel|Thunder Wave|p1a: Iroh\n|-status|p1a: Iroh|par\n|\n|-heal|p1a: Iroh|97\/100 par|[from] item: Leftovers\n|upkeep\n|turn|23\n|\n|t:|1658414631\n|move|p2a: Registeel|Stealth Rock||[still]\n|-fail|p2a: Registeel\n|move|p1a: Iroh|Rest|p1a: Iroh\n|-status|p1a: Iroh|slp|[from] move: Rest\n|-heal|p1a: Iroh|100\/100 slp|[silent]\n|\n|upkeep\n|turn|24\n|\n|t:|1658414633\n|cant|p1a: Iroh|slp\n|move|p2a: Registeel|Stealth Rock||[still]\n|-fail|p2a: Registeel\n|\n|upkeep\n|turn|25\n|\n|t:|1658414635\n|cant|p1a: Iroh|slp\n|move|p2a: Registeel|Stealth Rock||[still]\n|-fail|p2a: Registeel\n|\n|upkeep\n|turn|26\n|\n|t:|1658414642\n|-curestatus|p1a: Iroh|slp|[msg]\n|move|p1a: Iroh|Iron Defense|p1a: Iroh\n|-boost|p1a: Iroh|def|2\n|move|p2a: Registeel|Stealth Rock||[still]\n|-fail|p2a: Registeel\n|\n|upkeep\n|turn|27\n|\n|t:|1658414646\n|move|p1a: Iroh|Dazzling Gleam|p2a: Registeel\n|-resisted|p2a: Registeel\n|-end|p2a: Registeel|Substitute\n|move|p2a: Registeel|Stealth Rock||[still]\n|-fail|p2a: Registeel\n|\n|upkeep\n|turn|28\n|\n|t:|1658414654\n|move|p1a: Iroh|Dazzling Gleam|p2a: Registeel\n|-resisted|p2a: Registeel\n|-damage|p2a: Registeel|66\/100\n|move|p2a: Registeel|Seismic Toss|p1a: Iroh\n|-damage|p1a: Iroh|73\/100\n|\n|-heal|p1a: Iroh|79\/100|[from] item: Leftovers\n|-heal|p2a: Registeel|72\/100|[from] item: Leftovers\n|upkeep\n|turn|29\n|\n|t:|1658414657\n|move|p1a: Iroh|Dazzling Gleam|p2a: Registeel\n|-resisted|p2a: Registeel\n|-damage|p2a: Registeel|39\/100\n|move|p2a: Registeel|Seismic Toss|p1a: Iroh\n|-damage|p1a: Iroh|52\/100\n|\n|-heal|p1a: Iroh|58\/100|[from] item: Leftovers\n|-heal|p2a: Registeel|45\/100|[from] item: Leftovers\n|upkeep\n|turn|30\n|\n|t:|1658414660\n|move|p1a: Iroh|Dazzling Gleam|p2a: Registeel\n|-resisted|p2a: Registeel\n|-damage|p2a: Registeel|7\/100\n|move|p2a: Registeel|Seismic Toss|p1a: Iroh\n|-damage|p1a: Iroh|30\/100\n|\n|-heal|p1a: Iroh|36\/100|[from] item: Leftovers\n|-heal|p2a: Registeel|13\/100|[from] item: Leftovers\n|upkeep\n|turn|31\n|\n|t:|1658414662\n|move|p1a: Iroh|Rest|p1a: Iroh\n|-status|p1a: Iroh|slp|[from] move: Rest\n|-heal|p1a: Iroh|100\/100 slp|[silent]\n|move|p2a: Registeel|Seismic Toss|p1a: Iroh\n|-damage|p1a: Iroh|73\/100 slp\n|\n|-heal|p1a: Iroh|79\/100 slp|[from] item: Leftovers\n|-heal|p2a: Registeel|19\/100|[from] item: Leftovers\n|upkeep\n|turn|32\n|\n|t:|1658414664\n|cant|p1a: Iroh|slp\n|move|p2a: Registeel|Seismic Toss|p1a: Iroh\n|-damage|p1a: Iroh|52\/100 slp\n|\n|-heal|p1a: Iroh|58\/100 slp|[from] item: Leftovers\n|-heal|p2a: Registeel|25\/100|[from] item: Leftovers\n|upkeep\n|turn|33\n|\n|t:|1658414668\n|cant|p1a: Iroh|slp\n|move|p2a: Registeel|Seismic Toss|p1a: Iroh\n|-damage|p1a: Iroh|30\/100 slp\n|\n|-heal|p1a: Iroh|36\/100 slp|[from] item: Leftovers\n|-heal|p2a: Registeel|31\/100|[from] item: Leftovers\n|upkeep\n|turn|34\n|\n|t:|1658414671\n|-curestatus|p1a: Iroh|slp|[msg]\n|move|p1a: Iroh|Rest|p1a: Iroh\n|-status|p1a: Iroh|slp|[from] move: Rest\n|-heal|p1a: Iroh|100\/100 slp|[silent]\n|move|p2a: Registeel|Seismic Toss|p1a: Iroh\n|-damage|p1a: Iroh|73\/100 slp\n|\n|-heal|p1a: Iroh|79\/100 slp|[from] item: Leftovers\n|-heal|p2a: Registeel|37\/100|[from] item: Leftovers\n|upkeep\n|turn|35\n|\n|t:|1658414673\n|cant|p1a: Iroh|slp\n|move|p2a: Registeel|Substitute|p2a: Registeel\n|-start|p2a: Registeel|Substitute\n|-damage|p2a: Registeel|12\/100\n|\n|-heal|p1a: Iroh|85\/100 slp|[from] item: Leftovers\n|-heal|p2a: Registeel|18\/100|[from] item: Leftovers\n|upkeep\n|turn|36\n|\n|t:|1658414676\n|cant|p1a: Iroh|slp\n|move|p2a: Registeel|Thunder Wave||[still]\n|-fail|p2a: Registeel\n|\n|-heal|p1a: Iroh|91\/100 slp|[from] item: Leftovers\n|-heal|p2a: Registeel|24\/100|[from] item: Leftovers\n|upkeep\n|turn|37\n|\n|t:|1658414680\n|-curestatus|p1a: Iroh|slp|[msg]\n|move|p1a: Iroh|Dazzling Gleam|p2a: Registeel\n|-resisted|p2a: Registeel\n|-end|p2a: Registeel|Substitute\n|move|p2a: Registeel|Seismic Toss|p1a: Iroh\n|-damage|p1a: Iroh|64\/100\n|\n|-heal|p1a: Iroh|70\/100|[from] item: Leftovers\n|-heal|p2a: Registeel|30\/100|[from] item: Leftovers\n|upkeep\n|turn|38\n|\n|t:|1658414684\n|move|p1a: Iroh|Dazzling Gleam|p2a: Registeel\n|-resisted|p2a: Registeel\n|-damage|p2a: Registeel|0 fnt\n|faint|p2a: Registeel\n|\n|-heal|p1a: Iroh|76\/100|[from] item: Leftovers\n|upkeep\n|c|\u2606DjezzeMwoan|pls no cirt\n|\n|t:|1658414693\n|switch|p2a: Diancie|Diancie|100\/100\n|turn|39\n|\n|t:|1658414695\n|detailschange|p2a: Diancie|Diancie-Mega\n|-mega|p2a: Diancie|Diancie|Diancite\n|move|p2a: Diancie|Earth Power|p1a: Iroh\n|-supereffective|p1a: Iroh\n|-damage|p1a: Iroh|61\/100\n|move|p1a: Iroh|Dazzling Gleam|p2a: Diancie\n|-damage|p2a: Diancie|0 fnt\n|faint|p2a: Diancie\n|\n|-heal|p1a: Iroh|68\/100|[from] item: Leftovers\n|upkeep\n|\n|t:|1658414697\n|switch|p2a: Zamazenta|Zamazenta|81\/100\n|-ability|p2a: Zamazenta|Dauntless Shield|boost\n|-boost|p2a: Zamazenta|def|1\n|turn|40\n|\n|t:|1658414699\n|move|p2a: Zamazenta|Close Combat|p1a: Iroh\n|-damage|p1a: Iroh|52\/100\n|-unboost|p2a: Zamazenta|def|1\n|-unboost|p2a: Zamazenta|spd|1\n|-damage|p2a: Zamazenta|71\/100|[from] item: Life Orb\n|move|p1a: Iroh|Dazzling Gleam|p2a: Zamazenta\n|-supereffective|p2a: Zamazenta\n|-damage|p2a: Zamazenta|0 fnt\n|faint|p2a: Zamazenta\n|\n|-heal|p1a: Iroh|58\/100|[from] item: Leftovers\n|upkeep\n|\n|t:|1658414701\n|switch|p2a: Calyrex|Calyrex-Ice|100\/100\n|-ability|p2a: Calyrex|As One\n|-ability|p2a: Calyrex|Unnerve\n|turn|41\n|\n|t:|1658414703\n|move|p1a: Iroh|Dazzling Gleam|p2a: Calyrex\n|-damage|p2a: Calyrex|6\/100\n|move|p2a: Calyrex|High Horsepower|p1a: Iroh\n|-supereffective|p1a: Iroh\n|-damage|p1a: Iroh|43\/100\n|\n|-heal|p1a: Iroh|49\/100|[from] item: Leftovers\n|upkeep\n|turn|42\n|\n|t:|1658414706\n|move|p1a: Iroh|Dazzling Gleam|p2a: Calyrex\n|-damage|p2a: Calyrex|0 fnt\n|faint|p2a: Calyrex\n|\n|-heal|p1a: Iroh|55\/100|[from] item: Leftovers\n|upkeep\n|\n|t:|1658414709\n|switch|p2a: Stunfisk|Stunfisk, M|100\/100\n|turn|43\n|\n|t:|1658414711\n|move|p1a: Iroh|Dazzling Gleam|p2a: Stunfisk\n|-damage|p2a: Stunfisk|6\/100\n|move|p2a: Stunfisk|Earth Power|p1a: Iroh\n|-supereffective|p1a: Iroh\n|-damage|p1a: Iroh|44\/100\n|\n|-heal|p1a: Iroh|50\/100|[from] item: Leftovers\n|upkeep\n|turn|44\n|\n|t:|1658414713\n|move|p1a: Iroh|Dazzling Gleam|p2a: Stunfisk\n|-damage|p2a: Stunfisk|0 fnt\n|faint|p2a: Stunfisk\n|\n|-heal|p1a: Iroh|56\/100|[from] item: Leftovers\n|upkeep\n|\n|t:|1658414715\n|switch|p2a: Golisopod|Golisopod, M|100\/100\n|turn|45\n|\n|t:|1658414718\n|move|p2a: Golisopod|Aqua Jet|p1a: Iroh\n|-damage|p1a: Iroh|52\/100\n|move|p1a: Iroh|Dazzling Gleam|p2a: Golisopod\n|-damage|p2a: Golisopod|0 fnt\n|faint|p2a: Golisopod\n|\n|win|DjezzeMwoan\n|l|\u2606The Rissoux\n|c|\u2606DjezzeMwoan|gg \n","uploadtime":1658414725,"views":11,"p1id":"djezzemwoan","p2id":"therissoux","formatid":"gen8nationaldexdraft","rating":0,"private":0,"password":null}