{"id":"sports-gen8bdspbdspdraft-599651","p1":"Diggletdreams","p2":"AsterJ","format":"gen8bdspbdspdraft","log":"|j|\u2606Diggletdreams\n|j|\u2606AsterJ\n|t:|1645567649\n|gametype|singles\n|player|p1|Diggletdreams|diggletdreams.png|\n|player|p2|AsterJ|asterj.png|\n|teamsize|p1|6\n|teamsize|p2|6\n|gen|8\n|tier|[Gen 8 BDSP] BDSP Draft\n|rule|Sleep Clause Mod: Limit one foe put to sleep\n|rule|OHKO Clause: OHKO moves are banned\n|rule|Evasion Moves Clause: Evasion moves are banned\n|rule|Endless Battle Clause: Forcing endless battles is banned\n|rule|HP Percentage Mod: HP is shown in percentages\n|clearpoke\n|poke|p1|Bronzong|\n|poke|p1|Raichu, F|\n|poke|p1|Granbull, F|\n|poke|p1|Starmie|\n|poke|p1|Heracross, M|\n|poke|p1|Flygon, M|\n|poke|p2|Suicune|\n|poke|p2|Arcanine, F|\n|poke|p2|Blissey, F|\n|poke|p2|Azelf|\n|poke|p2|Dusknoir, M|\n|poke|p2|Garchomp, M|\n|teampreview\n|html|<button name=\"send\" class=\"button\" value=\"\/timer ds\"><i class=\"fa fa-hourglass-start\"><\/i> DS Timer<\/button> <button name=\"send\" class=\"button\" value=\"\/timer smogon\"><i class=\"fa fa-hourglass-start\"><\/i> Smogon Timer<\/button>\n|c|\u2606Diggletdreams|gl hf!\n|c|\u2606AsterJ|Gl hf my guy\n|j| PorygonTheBot\n|c| PorygonTheBot|y'all are stupid\n|c|\u2606Diggletdreams|:o\n|\n|t:|1645567725\n|start\n|switch|p1a: For Whom|Bronzong|100\/100\n|switch|p2a: Azelf|Azelf|100\/100\n|turn|1\n|j| Alolan Jose\n|\n|t:|1645567752\n|move|p2a: Azelf|Fire Blast|p1a: For Whom|[miss]\n|-miss|p2a: Azelf|p1a: For Whom\n|move|p1a: For Whom|Stealth Rock|p2a: Azelf\n|-sidestart|p2: AsterJ|move: Stealth Rock\n|\n|upkeep\n|turn|2\n|c|\u2606Diggletdreams|damn\n|\n|t:|1645567809\n|move|p2a: Azelf|Fire Blast|p1a: For Whom\n|-supereffective|p1a: For Whom\n|-damage|p1a: For Whom|53\/100\n|-status|p1a: For Whom|brn\n|move|p1a: For Whom|Gyro Ball|p2a: Azelf\n|-damage|p2a: Azelf|72\/100\n|\n|-heal|p1a: For Whom|59\/100 brn|[from] item: Leftovers\n|-damage|p1a: For Whom|53\/100 brn|[from] brn\n|upkeep\n|turn|3\n|\n|t:|1645567839\n|switch|p1a: Throw Me|Starmie|100\/100\n|move|p2a: Azelf|Stealth Rock|p1a: Throw Me\n|-sidestart|p1: Diggletdreams|move: Stealth Rock\n|\n|upkeep\n|turn|4\n|\n|t:|1645567907\n|move|p1a: Throw Me|Hydro Pump|p2a: Azelf\n|-damage|p2a: Azelf|0 fnt\n|faint|p2a: Azelf\n|\n|upkeep\n|\n|t:|1645567911\n|switch|p2a: Blissey|Blissey, F|100\/100\n|-damage|p2a: Blissey|88\/100|[from] Stealth Rock\n|turn|5\n|\n|t:|1645567918\n|move|p1a: Throw Me|Rapid Spin|p2a: Blissey\n|-damage|p2a: Blissey|80\/100\n|-boost|p1a: Throw Me|spe|1\n|-sideend|p1: Diggletdreams|Stealth Rock|[from] move: Rapid Spin|[of] p1a: Throw Me\n|move|p2a: Blissey|Calm Mind|p2a: Blissey\n|-boost|p2a: Blissey|spa|1\n|-boost|p2a: Blissey|spd|1\n|\n|-heal|p2a: Blissey|86\/100|[from] item: Leftovers\n|upkeep\n|turn|6\n|\n|t:|1645567927\n|switch|p1a: Crossroads|Heracross, M|100\/100\n|move|p2a: Blissey|Shadow Ball|p1a: Crossroads\n|-damage|p1a: Crossroads|68\/100\n|\n|-heal|p2a: Blissey|93\/100|[from] item: Leftovers\n|upkeep\n|turn|7\n|\n|t:|1645567943\n|move|p1a: Crossroads|Close Combat|p2a: Blissey\n|-supereffective|p2a: Blissey\n|-damage|p2a: Blissey|0 fnt\n|-unboost|p1a: Crossroads|def|1\n|-unboost|p1a: Crossroads|spd|1\n|faint|p2a: Blissey\n|-ability|p1a: Crossroads|Moxie|boost\n|-boost|p1a: Crossroads|atk|1\n|\n|upkeep\n|j| Hogline\n|\n|t:|1645567952\n|switch|p2a: Dusknoir|Dusknoir, M, shiny|100\/100\n|-damage|p2a: Dusknoir|88\/100|[from] Stealth Rock\n|-item|p1a: Crossroads|Choice Scarf|[from] ability: Frisk|[of] p2a: Dusknoir|[identify]\n|turn|8\n|\n|t:|1645568058\n|switch|p1a: For Whom|Bronzong|53\/100 brn\n|move|p2a: Dusknoir|Will-O-Wisp|p1a: For Whom\n|-fail|p1a: For Whom|brn\n|\n|-heal|p1a: For Whom|59\/100 brn|[from] item: Leftovers\n|-damage|p1a: For Whom|53\/100 brn|[from] brn\n|upkeep\n|turn|9\n|\n|t:|1645568073\n|move|p2a: Dusknoir|Taunt|p1a: For Whom\n|-start|p1a: For Whom|move: Taunt\n|move|p1a: For Whom|Explosion|p2a: Dusknoir\n|-immune|p2a: Dusknoir\n|faint|p1a: For Whom\n|\n|upkeep\n|\n|t:|1645568100\n|switch|p1a: Sansprit|Flygon, M|100\/100\n|turn|10\n|\n|t:|1645568140\n|move|p1a: Sansprit|Substitute|p1a: Sansprit\n|-start|p1a: Sansprit|Substitute\n|-damage|p1a: Sansprit|76\/100\n|move|p2a: Dusknoir|Will-O-Wisp||[still]\n|-fail|p2a: Dusknoir\n|\n|-heal|p1a: Sansprit|82\/100|[from] item: Leftovers\n|upkeep\n|turn|11\n|\n|t:|1645568146\n|move|p2a: Dusknoir|Shadow Sneak|p1a: Sansprit\n|-activate|p1a: Sansprit|move: Substitute|[damage]\n|move|p1a: Sansprit|Dragon Dance|p1a: Sansprit\n|-boost|p1a: Sansprit|atk|1\n|-boost|p1a: Sansprit|spe|1\n|\n|-heal|p1a: Sansprit|88\/100|[from] item: Leftovers\n|upkeep\n|turn|12\n|\n|t:|1645568155\n|move|p1a: Sansprit|Earthquake|p2a: Dusknoir\n|-damage|p2a: Dusknoir|39\/100\n|move|p2a: Dusknoir|Taunt|p1a: Sansprit\n|-start|p1a: Sansprit|move: Taunt\n|\n|-heal|p1a: Sansprit|94\/100|[from] item: Leftovers\n|upkeep\n|turn|13\n|\n|t:|1645568164\n|move|p2a: Dusknoir|Shadow Sneak|p1a: Sansprit\n|-end|p1a: Sansprit|Substitute\n|move|p1a: Sansprit|Earthquake|p2a: Dusknoir\n|-crit|p2a: Dusknoir\n|-damage|p2a: Dusknoir|0 fnt\n|faint|p2a: Dusknoir\n|\n|-heal|p1a: Sansprit|99\/100|[from] item: Leftovers\n|upkeep\n|\n|t:|1645568166\n|switch|p2a: Garchomp|Garchomp, M|100\/100\n|-damage|p2a: Garchomp|94\/100|[from] Stealth Rock\n|turn|14\n|\n|t:|1645568201\n|switch|p1a: Bullywug|Granbull, F|100\/100\n|-ability|p1a: Bullywug|Intimidate|boost\n|-unboost|p2a: Garchomp|atk|1\n|move|p2a: Garchomp|Outrage|p1a: Bullywug\n|-immune|p1a: Bullywug\n|\n|upkeep\n|turn|15\n|\n|t:|1645568223\n|switch|p2a: Arcanine|Arcanine, F|100\/100\n|-damage|p2a: Arcanine|76\/100|[from] Stealth Rock\n|-ability|p2a: Arcanine|Intimidate|boost\n|-unboost|p1a: Bullywug|atk|1\n|move|p1a: Bullywug|Roar|p2a: Arcanine\n|drag|p2a: Garchomp|Garchomp, M|94\/100\n|-damage|p2a: Garchomp|88\/100|[from] Stealth Rock\n|\n|upkeep\n|turn|16\n|\n|t:|1645568232\n|switch|p2a: Arcanine|Arcanine, F|76\/100\n|-damage|p2a: Arcanine|51\/100|[from] Stealth Rock\n|-ability|p2a: Arcanine|Intimidate|boost\n|-unboost|p1a: Bullywug|atk|1\n|move|p1a: Bullywug|Play Rough|p2a: Arcanine\n|-resisted|p2a: Arcanine\n|-damage|p2a: Arcanine|42\/100\n|\n|upkeep\n|turn|17\n|\n|t:|1645568243\n|switch|p1a: Throw Me|Starmie|100\/100\n|move|p2a: Arcanine|Morning Sun|p2a: Arcanine\n|-heal|p2a: Arcanine|92\/100\n|\n|upkeep\n|turn|18\n|\n|t:|1645568259\n|move|p2a: Arcanine|Extreme Speed|p1a: Throw Me\n|-damage|p1a: Throw Me|65\/100\n|move|p1a: Throw Me|Psychic|p2a: Arcanine\n|-damage|p2a: Arcanine|54\/100\n|\n|upkeep\n|turn|19\n|\n|t:|1645568289\n|move|p2a: Arcanine|Extreme Speed|p1a: Throw Me\n|-damage|p1a: Throw Me|29\/100\n|move|p1a: Throw Me|Psychic|p2a: Arcanine\n|-damage|p2a: Arcanine|11\/100\n|\n|upkeep\n|turn|20\n|j| J2411\n|\n|t:|1645568298\n|move|p2a: Arcanine|Extreme Speed|p1a: Throw Me\n|-damage|p1a: Throw Me|0 fnt\n|faint|p1a: Throw Me\n|\n|upkeep\n|\n|t:|1645568308\n|switch|p1a: Bullywug|Granbull, F|100\/100\n|-ability|p1a: Bullywug|Intimidate|boost\n|-unboost|p2a: Arcanine|atk|1\n|turn|21\n|j| AlolanBob\n|\n|t:|1645568335\n|move|p2a: Arcanine|Morning Sun|p2a: Arcanine\n|-heal|p2a: Arcanine|61\/100\n|move|p1a: Bullywug|Earthquake|p2a: Arcanine\n|-supereffective|p2a: Arcanine\n|-damage|p2a: Arcanine|11\/100\n|\n|upkeep\n|turn|22\n|\n|t:|1645568363\n|move|p2a: Arcanine|Flare Blitz|p1a: Bullywug\n|-damage|p1a: Bullywug|74\/100\n|-damage|p2a: Arcanine|3\/100|[from] Recoil\n|move|p1a: Bullywug|Earthquake|p2a: Arcanine\n|-supereffective|p2a: Arcanine\n|-damage|p2a: Arcanine|0 fnt\n|faint|p2a: Arcanine\n|\n|-heal|p1a: Bullywug|80\/100|[from] item: Leftovers\n|upkeep\n|l| AlolanBob\n|\n|t:|1645568369\n|switch|p2a: Suicune|Suicune|100\/100\n|-damage|p2a: Suicune|88\/100|[from] Stealth Rock\n|turn|23\n|\n|t:|1645568382\n|move|p2a: Suicune|Surf|p1a: Bullywug\n|-damage|p1a: Bullywug|27\/100\n|move|p1a: Bullywug|Roar|p2a: Suicune\n|drag|p2a: Garchomp|Garchomp, M|88\/100\n|-damage|p2a: Garchomp|82\/100|[from] Stealth Rock\n|\n|-heal|p1a: Bullywug|33\/100|[from] item: Leftovers\n|upkeep\n|turn|24\n|j| 10x10 pine\n|\n|t:|1645568422\n|switch|p1a: Sansprit|Flygon, M|99\/100\n|move|p2a: Garchomp|Earthquake|p1a: Sansprit\n|-immune|p1a: Sansprit|[from] ability: Levitate\n|\n|-heal|p1a: Sansprit|100\/100|[from] item: Leftovers\n|upkeep\n|turn|25\n|\n|t:|1645568430\n|switch|p2a: Suicune|Suicune|88\/100\n|-damage|p2a: Suicune|76\/100|[from] Stealth Rock\n|move|p1a: Sansprit|Substitute|p1a: Sansprit\n|-start|p1a: Sansprit|Substitute\n|-damage|p1a: Sansprit|76\/100\n|\n|-heal|p1a: Sansprit|82\/100|[from] item: Leftovers\n|upkeep\n|turn|26\n|\n|t:|1645568461\n|move|p1a: Sansprit|Earthquake|p2a: Suicune\n|-damage|p2a: Suicune|47\/100\n|move|p2a: Suicune|Calm Mind|p2a: Suicune\n|-boost|p2a: Suicune|spa|1\n|-boost|p2a: Suicune|spd|1\n|\n|-heal|p1a: Sansprit|88\/100|[from] item: Leftovers\n|upkeep\n|turn|27\n|\n|t:|1645568470\n|move|p1a: Sansprit|Dragon Dance|p1a: Sansprit\n|-boost|p1a: Sansprit|atk|1\n|-boost|p1a: Sansprit|spe|1\n|move|p2a: Suicune|Surf|p1a: Sansprit\n|-end|p1a: Sansprit|Substitute\n|\n|-heal|p1a: Sansprit|94\/100|[from] item: Leftovers\n|upkeep\n|turn|28\n|\n|t:|1645568478\n|move|p1a: Sansprit|Earthquake|p2a: Suicune\n|-damage|p2a: Suicune|5\/100\n|-enditem|p2a: Suicune|Ganlon Berry|[eat]\n|-boost|p2a: Suicune|def|1|[from] item: Ganlon Berry\n|move|p2a: Suicune|Rest|p2a: Suicune\n|-status|p2a: Suicune|slp|[from] move: Rest\n|-heal|p2a: Suicune|100\/100 slp|[silent]\n|\n|-heal|p1a: Sansprit|99\/100|[from] item: Leftovers\n|upkeep\n|turn|29\n|\n|t:|1645568488\n|move|p1a: Sansprit|Substitute|p1a: Sansprit\n|-start|p1a: Sansprit|Substitute\n|-damage|p1a: Sansprit|75\/100\n|cant|p2a: Suicune|slp\n|move|p2a: Suicune|Sleep Talk|p2a: Suicune\n|move|p2a: Suicune|Rest||[from]move: Sleep Talk|[still]\n|-fail|p2a: Suicune\n|\n|-heal|p1a: Sansprit|82\/100|[from] item: Leftovers\n|upkeep\n|turn|30\n|\n|t:|1645568497\n|move|p1a: Sansprit|Dragon Dance|p1a: Sansprit\n|-boost|p1a: Sansprit|atk|1\n|-boost|p1a: Sansprit|spe|1\n|cant|p2a: Suicune|slp\n|move|p2a: Suicune|Sleep Talk|p2a: Suicune\n|move|p2a: Suicune|Surf|p1a: Sansprit|[from]move: Sleep Talk\n|-end|p1a: Sansprit|Substitute\n|\n|-heal|p1a: Sansprit|88\/100|[from] item: Leftovers\n|upkeep\n|turn|31\n|\n|t:|1645568519\n|move|p1a: Sansprit|Earthquake|p2a: Suicune\n|-damage|p2a: Suicune|58\/100 slp\n|-curestatus|p2a: Suicune|slp|[msg]\n|move|p2a: Suicune|Surf|p1a: Sansprit\n|-damage|p1a: Sansprit|22\/100\n|\n|-heal|p1a: Sansprit|28\/100|[from] item: Leftovers\n|upkeep\n|turn|32\n|j| AlolanBob\n|\n|t:|1645568564\n|move|p1a: Sansprit|Earthquake|p2a: Suicune\n|-damage|p2a: Suicune|21\/100\n|move|p2a: Suicune|Surf|p1a: Sansprit\n|-damage|p1a: Sansprit|0 fnt\n|faint|p1a: Sansprit\n|\n|upkeep\n|\n|t:|1645568573\n|switch|p1a: Crossroads|Heracross, M|68\/100\n|turn|33\n|\n|t:|1645568589\n|move|p1a: Crossroads|Close Combat|p2a: Suicune\n|-damage|p2a: Suicune|0 fnt\n|-unboost|p1a: Crossroads|def|1\n|-unboost|p1a: Crossroads|spd|1\n|faint|p2a: Suicune\n|-ability|p1a: Crossroads|Moxie|boost\n|-boost|p1a: Crossroads|atk|1\n|\n|upkeep\n|\n|t:|1645568592\n|switch|p2a: Garchomp|Garchomp, M|82\/100\n|-damage|p2a: Garchomp|76\/100|[from] Stealth Rock\n|turn|34\n|\n|t:|1645568614\n|move|p2a: Garchomp|Earthquake|p1a: Crossroads\n|-resisted|p1a: Crossroads\n|-damage|p1a: Crossroads|19\/100\n|move|p1a: Crossroads|Close Combat|p2a: Garchomp\n|-damage|p2a: Garchomp|0 fnt\n|-unboost|p1a: Crossroads|def|1\n|-unboost|p1a: Crossroads|spd|1\n|-damage|p1a: Crossroads|6\/100|[from] ability: Rough Skin|[of] p2a: Garchomp\n|faint|p2a: Garchomp\n|\n|win|Diggletdreams\n|l| PorygonTheBot\n|c|\u2606Diggletdreams|gg\n|c|\u2606AsterJ|Wp man\n|c|\u2606Diggletdreams|very well played\n|c|\u2606AsterJ|What was the item on Starmie?\n|c|\u2606Diggletdreams|edge of my seat\n|c|\u2606Diggletdreams|it was expert belt\n|l| Alolan Jose\n|l| AlolanBob\n","uploadtime":1645568615,"views":32,"p1id":"diggletdreams","p2id":"asterj","formatid":"gen8bdspbdspdraft","rating":0,"private":0,"password":null}