{"id":"sports-gen8nationaldexdraft-707304","p1":"Unviabriel","p2":"VIG Luffy","format":"gen8nationaldexdraft","log":"|j|\u2606Unviabriel\n|j|\u2606VIG Luffy\n|t:|1660352776\n|gametype|singles\n|player|p1|Unviabriel|unviabriel.png|\n|player|p2|VIG Luffy|vigluffy.png|\n|teamsize|p1|6\n|teamsize|p2|6\n|gen|8\n|tier|[Gen 8] National Dex Draft\n|rule|Sleep Clause Mod: Limit one foe put to sleep\n|rule|OHKO Clause: OHKO moves are banned\n|rule|Evasion Moves Clause: Evasion moves are banned\n|rule|Endless Battle Clause: Forcing endless battles is banned\n|rule|HP Percentage Mod: HP is shown in percentages\n|rule|Dynamax Clause: You cannot dynamax\n|clearpoke\n|poke|p1|Gallade, M|\n|poke|p1|Tapu Fini|\n|poke|p1|Corviknight, F|\n|poke|p1|Greninja, F|\n|poke|p1|Nidoqueen, F|\n|poke|p1|Uxie|\n|poke|p2|Diancie|\n|poke|p2|Zapdos|\n|poke|p2|Talonflame, F|\n|poke|p2|Toxapex, M|\n|poke|p2|Reuniclus, F|\n|poke|p2|Pangoro, F|\n|teampreview\n|html|<button name=\"send\" class=\"button\" value=\"\/timer ds\"><i class=\"fa fa-hourglass-start\"><\/i> DS Timer<\/button> <button name=\"send\" class=\"button\" value=\"\/timer smogon\"><i class=\"fa fa-hourglass-start\"><\/i> Smogon Timer<\/button>\n|c|\u2606Unviabriel|glhf\n|c|\u2606VIG Luffy|hf\n|j| vinithewini\n|j| Cocky White Kid\n|\n|t:|1660352821\n|start\n|switch|p1a: Tapu Fini|Tapu Fini|100\/100\n|switch|p2a: Talonflame|Talonflame, F, shiny|100\/100\n|-fieldstart|move: Misty Terrain|[from] ability: Misty Surge|[of] p1a: Tapu Fini\n|turn|1\n|j| StreetCredCookie\n|j| Queen Chinchilla\n|j| ego larper\n|\n|t:|1660352831\n|switch|p2a: Toxapex|Toxapex, M|100\/100\n|move|p1a: Tapu Fini|Nature's Madness|p2a: Toxapex\n|-damage|p2a: Toxapex|50\/100\n|-enditem|p2a: Toxapex|Eject Button\n|j| Ye Olde Messiah\n|j| Odindark23\n|\n|t:|1660352843\n|switch|p2a: Zapdos|Zapdos|100\/100\n|\n|upkeep\n|turn|2\n|j| EGAWalreins\n|\n|t:|1660352865\n|switch|p1a: Nidoqueen|Nidoqueen, F|100\/100\n|move|p2a: Zapdos|Hurricane|p1a: Nidoqueen|[miss]\n|-miss|p2a: Zapdos|p1a: Nidoqueen\n|\n|upkeep\n|turn|3\n|l| Cocky White Kid\n|\n|t:|1660352873\n|move|p2a: Zapdos|Hurricane|p1a: Nidoqueen\n|-damage|p1a: Nidoqueen|63\/100\n|move|p1a: Nidoqueen|Stealth Rock|p2a: Zapdos\n|-sidestart|p2: VIG Luffy|move: Stealth Rock\n|\n|upkeep\n|turn|4\n|\n|t:|1660352885\n|move|p2a: Zapdos|Defog|p1a: Nidoqueen\n|-unboost|p1a: Nidoqueen|evasion|1\n|-sideend|p2: VIG Luffy|Stealth Rock|[from] move: Defog|[of] p2a: Zapdos\n|-fieldend|Misty Terrain\n|move|p1a: Nidoqueen|Ice Beam|p2a: Zapdos\n|-supereffective|p2a: Zapdos\n|-damage|p2a: Zapdos|41\/100\n|\n|upkeep\n|turn|5\n|j| Frozen Dogfood\n|\n|t:|1660352908\n|switch|p2a: Reuniclus|Reuniclus, F, shiny|100\/100\n|move|p1a: Nidoqueen|Stealth Rock|p2a: Reuniclus\n|-sidestart|p2: VIG Luffy|move: Stealth Rock\n|\n|upkeep\n|turn|6\n|\n|t:|1660352918\n|switch|p1a: Corviknight|Corviknight, F|100\/100\n|move|p2a: Reuniclus|Night Shade|p1a: Corviknight\n|-damage|p1a: Corviknight|75\/100\n|\n|-heal|p1a: Corviknight|82\/100|[from] item: Leftovers\n|upkeep\n|turn|7\n|j| Ollitoed\n|c| Frozen Dogfood|nino pray\n|\n|t:|1660352939\n|move|p1a: Corviknight|U-turn|p2a: Reuniclus\n|-supereffective|p2a: Reuniclus\n|-damage|p2a: Reuniclus|80\/100\n|l| Queen Chinchilla\n|j| Shuckle15\n|\n|t:|1660352984\n|switch|p1a: Tapu Fini|Tapu Fini|100\/100|[from]move: U-turn\n|-fieldstart|move: Misty Terrain|[from] ability: Misty Surge|[of] p1a: Tapu Fini\n|move|p2a: Reuniclus|Thunder|p1a: Tapu Fini\n|-supereffective|p1a: Tapu Fini\n|-damage|p1a: Tapu Fini|52\/100\n|\n|-heal|p1a: Tapu Fini|58\/100|[from] item: Leftovers\n|upkeep\n|turn|8\n|\n|t:|1660353013\n|switch|p1a: Gallade|Gallade, M|100\/100\n|move|p2a: Reuniclus|Future Sight|p1a: Gallade\n|-start|p2a: Reuniclus|move: Future Sight\n|\n|upkeep\n|turn|9\n|l| Shuckle15\n|\n|t:|1660353046\n|detailschange|p1a: Gallade|Gallade-Mega, M\n|-mega|p1a: Gallade|Gallade|Galladite\n|move|p1a: Gallade|Knock Off|p2a: Reuniclus\n|-supereffective|p2a: Reuniclus\n|-damage|p2a: Reuniclus|23\/100\n|-enditem|p2a: Reuniclus|Assault Vest|[from] move: Knock Off|[of] p1a: Gallade\n|move|p2a: Reuniclus|Psychic|p1a: Gallade\n|-damage|p1a: Gallade|62\/100\n|\n|upkeep\n|turn|10\n|j| KingofKrook\n|\n|t:|1660353105\n|switch|p1a: Corviknight|Corviknight, F|82\/100\n|move|p2a: Reuniclus|Thunder|p1a: Corviknight\n|-supereffective|p1a: Corviknight\n|-damage|p1a: Corviknight|39\/100\n|\n|-end|p1a: Corviknight|move: Future Sight\n|-resisted|p1a: Corviknight\n|-damage|p1a: Corviknight|19\/100\n|-heal|p1a: Corviknight|26\/100|[from] item: Leftovers\n|upkeep\n|turn|11\n|\n|t:|1660353133\n|switch|p2a: Zapdos|Zapdos|41\/100\n|move|p1a: Corviknight|U-turn|p2a: Zapdos\n|-resisted|p2a: Zapdos\n|-damage|p2a: Zapdos|34\/100\n|c| ego larper|How many paras will he avoid.\n|\n|t:|1660353163\n|switch|p1a: Nidoqueen|Nidoqueen, F|63\/100|[from]move: U-turn\n|\n|-fieldend|Misty Terrain\n|upkeep\n|turn|12\n|\n|t:|1660353170\n|move|p2a: Zapdos|Defog|p1a: Nidoqueen\n|-unboost|p1a: Nidoqueen|evasion|1\n|-sideend|p2: VIG Luffy|Stealth Rock|[from] move: Defog|[of] p2a: Zapdos\n|move|p1a: Nidoqueen|Ice Beam|p2a: Zapdos\n|-supereffective|p2a: Zapdos\n|-damage|p2a: Zapdos|0 fnt\n|faint|p2a: Zapdos\n|\n|upkeep\n|\n|t:|1660353172\n|switch|p2a: Talonflame|Talonflame, F, shiny|100\/100\n|turn|13\n|\n|t:|1660353235\n|move|p2a: Talonflame|Brave Bird|p1a: Nidoqueen\n|-damage|p1a: Nidoqueen|0 fnt\n|faint|p1a: Nidoqueen\n|-damage|p2a: Talonflame|74\/100|[from] Recoil\n|\n|upkeep\n|c| Frozen Dogfood|holy lol\n|c| Frozen Dogfood|that dropped\n|c| ego larper|timer\n|j| Shuckle15\n|\n|t:|1660353336\n|switch|p1a: Tapu Fini|Tapu Fini|58\/100\n|-fieldstart|move: Misty Terrain|[from] ability: Misty Surge|[of] p1a: Tapu Fini\n|turn|14\n|\n|t:|1660353375\n|move|p2a: Talonflame|Brave Bird|p1a: Tapu Fini\n|-damage|p1a: Tapu Fini|2\/100\n|-damage|p2a: Talonflame|52\/100|[from] Recoil\n|move|p1a: Tapu Fini|Surf|p2a: Talonflame\n|-supereffective|p2a: Talonflame\n|-damage|p2a: Talonflame|0 fnt\n|faint|p2a: Talonflame\n|\n|-heal|p1a: Tapu Fini|8\/100|[from] item: Leftovers\n|upkeep\n|\n|t:|1660353381\n|switch|p2a: Diancie|Diancie, shiny|100\/100\n|turn|15\n|\n|t:|1660353387\n|detailschange|p2a: Diancie|Diancie-Mega, shiny\n|-mega|p2a: Diancie|Diancie|Diancite\n|move|p2a: Diancie|Moonblast|p1a: Tapu Fini\n|-damage|p1a: Tapu Fini|0 fnt\n|faint|p1a: Tapu Fini\n|\n|upkeep\n|\n|t:|1660353422\n|switch|p1a: Greninja|Greninja, F|100\/100\n|turn|16\n|\n|t:|1660353427\n|switch|p2a: Toxapex|Toxapex, M|84\/100\n|move|p1a: Greninja|Hydro Pump|p2a: Toxapex\n|-resisted|p2a: Toxapex\n|-damage|p2a: Toxapex|60\/100\n|\n|upkeep\n|turn|17\n|l| Shuckle15\n|\n|t:|1660353510\n|switch|p1a: Corviknight|Corviknight, F|26\/100\n|move|p2a: Toxapex|Knock Off|p1a: Corviknight\n|-damage|p1a: Corviknight|13\/100\n|-enditem|p1a: Corviknight|Leftovers|[from] move: Knock Off|[of] p2a: Toxapex\n|\n|upkeep\n|turn|18\n|\n|t:|1660353550\n|switch|p2a: Reuniclus|Reuniclus, F, shiny|57\/100\n|move|p1a: Corviknight|Roost|p1a: Corviknight\n|-heal|p1a: Corviknight|63\/100\n|-singleturn|p1a: Corviknight|move: Roost\n|\n|-fieldend|Misty Terrain\n|upkeep\n|turn|19\n|\n|t:|1660353560\n|move|p1a: Corviknight|Brave Bird|p2a: Reuniclus\n|-damage|p2a: Reuniclus|27\/100\n|-damage|p1a: Corviknight|53\/100|[from] Recoil\n|move|p2a: Reuniclus|Thunder|p1a: Corviknight\n|-supereffective|p1a: Corviknight\n|-damage|p1a: Corviknight|8\/100\n|-status|p1a: Corviknight|par\n|\n|upkeep\n|turn|20\n|\n|t:|1660353599\n|switch|p2a: Diancie|Diancie-Mega, shiny|100\/100\n|move|p1a: Corviknight|Brave Bird|p2a: Diancie\n|-resisted|p2a: Diancie\n|-damage|p2a: Diancie|80\/100\n|-damage|p1a: Corviknight|4\/100 par|[from] Recoil\n|\n|upkeep\n|turn|21\n|\n|t:|1660353607\n|move|p2a: Diancie|Moonblast|p1a: Corviknight\n|-resisted|p1a: Corviknight\n|-damage|p1a: Corviknight|0 fnt\n|faint|p1a: Corviknight\n|\n|upkeep\n|l| EGAWalreins\n|inactive|Battle timer is ON: inactive players will automatically lose when time's up. (requested by VIG Luffy)\n|\n|t:|1660353693\n|switch|p1a: Greninja|Greninja, F|100\/100\n|turn|22\n|\n|t:|1660353698\n|switch|p2a: Toxapex|Toxapex, M|94\/100\n|move|p1a: Greninja|Hydro Pump|p2a: Toxapex\n|-resisted|p2a: Toxapex\n|-damage|p2a: Toxapex|69\/100\n|\n|upkeep\n|turn|23\n|inactive|Unviabriel has 90 seconds left.\n|\n|t:|1660353717\n|switch|p1a: Gallade|Gallade-Mega, M|62\/100\n|move|p2a: Toxapex|Poison Jab|p1a: Gallade\n|-damage|p1a: Gallade|37\/100\n|\n|upkeep\n|turn|24\n|inactive|Unviabriel has 90 seconds left.\n|inactive|Unviabriel has 60 seconds left.\n|l| StreetCredCookie\n|\n|t:|1660353766\n|switch|p2a: Reuniclus|Reuniclus, F, shiny|61\/100\n|move|p1a: Gallade|Swords Dance|p1a: Gallade\n|-boost|p1a: Gallade|atk|2\n|\n|upkeep\n|turn|25\n|inactive|Unviabriel has 90 seconds left.\n|\n|t:|1660353790\n|move|p1a: Gallade|Knock Off|p2a: Reuniclus\n|-supereffective|p2a: Reuniclus\n|-damage|p2a: Reuniclus|0 fnt\n|faint|p2a: Reuniclus\n|\n|upkeep\n|\n|t:|1660353798\n|switch|p2a: Pangoro|Pangoro, F|100\/100\n|-ability|p2a: Pangoro|Mold Breaker\n|turn|26\n|inactive|Unviabriel has 90 seconds left.\n|inactive|VIG Luffy has 90 seconds left.\n|\n|t:|1660353817\n|move|p2a: Pangoro|Foul Play|p1a: Gallade\n|-damage|p1a: Gallade|0 fnt\n|faint|p1a: Gallade\n|\n|upkeep\n|inactive|Unviabriel has 90 seconds left.\n|j| StreetCredCookie\n|inactive|Unviabriel has 60 seconds left.\n|\n|t:|1660353873\n|switch|p1a: Uxie|Uxie|100\/100\n|turn|27\n|\n|t:|1660353878\n|switch|p2a: Toxapex|Toxapex, M|100\/100\n|move|p1a: Uxie|Calm Mind|p1a: Uxie\n|-boost|p1a: Uxie|spa|1\n|-boost|p1a: Uxie|spd|1\n|\n|upkeep\n|turn|28\n|inactive|Unviabriel has 90 seconds left.\n|inactive|VIG Luffy has 90 seconds left.\n|\n|t:|1660353910\n|move|p1a: Uxie|Calm Mind|p1a: Uxie\n|-boost|p1a: Uxie|spa|1\n|-boost|p1a: Uxie|spd|1\n|move|p2a: Toxapex|Poison Jab|p1a: Uxie\n|-damage|p1a: Uxie|89\/100\n|\n|upkeep\n|turn|29\n|l| KingofKrook\n|inactive|Unviabriel has 90 seconds left.\n|inactive|VIG Luffy has 90 seconds left.\n|l| ego larper\n|\n|t:|1660353951\n|move|p1a: Uxie|Psychic|p2a: Toxapex\n|-supereffective|p2a: Toxapex\n|-damage|p2a: Toxapex|31\/100\n|move|p2a: Toxapex|Poison Jab|p1a: Uxie\n|-crit|p1a: Uxie\n|-damage|p1a: Uxie|71\/100\n|\n|upkeep\n|turn|30\n|inactive|Unviabriel has 90 seconds left.\n|j| KingofKrook\n|\n|t:|1660353982\n|switch|p2a: Diancie|Diancie-Mega, shiny|80\/100\n|move|p1a: Uxie|Dazzling Gleam|p2a: Diancie\n|-damage|p2a: Diancie|45\/100\n|\n|upkeep\n|turn|31\n|inactive|Unviabriel has 90 seconds left.\n|\n|t:|1660353999\n|move|p2a: Diancie|Diamond Storm|p1a: Uxie\n|-damage|p1a: Uxie|39\/100\n|-boost|p2a: Diancie|def|2\n|move|p1a: Uxie|Rest|p1a: Uxie\n|-status|p1a: Uxie|slp|[from] move: Rest\n|-heal|p1a: Uxie|100\/100 slp|[silent]\n|-enditem|p1a: Uxie|Chesto Berry|[eat]\n|-curestatus|p1a: Uxie|slp|[msg]\n|\n|upkeep\n|turn|32\n|inactive|VIG Luffy has 90 seconds left.\n|\n|t:|1660354014\n|move|p2a: Diancie|Diamond Storm|p1a: Uxie\n|-damage|p1a: Uxie|67\/100\n|move|p1a: Uxie|Psychic|p2a: Diancie\n|-damage|p2a: Diancie|0 fnt\n|faint|p2a: Diancie\n|\n|upkeep\n|\n|t:|1660354022\n|switch|p2a: Toxapex|Toxapex, M|65\/100\n|turn|33\n|inactive|Unviabriel has 90 seconds left.\n|l| StreetCredCookie\n|\n|t:|1660354062\n|move|p1a: Uxie|Dazzling Gleam|p2a: Toxapex\n|-resisted|p2a: Toxapex\n|-damage|p2a: Toxapex|54\/100\n|move|p2a: Toxapex|Poison Jab|p1a: Uxie\n|-damage|p1a: Uxie|55\/100\n|\n|upkeep\n|turn|34\n|c| Frozen Dogfood|,\n|inactive|Unviabriel has 90 seconds left.\n|inactive|VIG Luffy has 90 seconds left.\n|j| StreetCredCookie\n|inactive|Unviabriel has 60 seconds left.\n|inactive|VIG Luffy has 60 seconds left.\n|\n|t:|1660354109\n|move|p1a: Uxie|Dazzling Gleam|p2a: Toxapex\n|-resisted|p2a: Toxapex\n|-damage|p2a: Toxapex|45\/100\n|move|p2a: Toxapex|Poison Jab|p1a: Uxie\n|-damage|p1a: Uxie|44\/100\n|\n|upkeep\n|turn|35\n|inactive|Unviabriel has 90 seconds left.\n|inactive|VIG Luffy has 90 seconds left.\n|\n|t:|1660354125\n|move|p1a: Uxie|Dazzling Gleam|p2a: Toxapex\n|-resisted|p2a: Toxapex\n|-damage|p2a: Toxapex|36\/100\n|move|p2a: Toxapex|Poison Jab|p1a: Uxie\n|-crit|p1a: Uxie\n|-damage|p1a: Uxie|27\/100\n|-status|p1a: Uxie|psn\n|\n|-damage|p1a: Uxie|14\/100 psn|[from] psn\n|upkeep\n|turn|36\n|inactive|Unviabriel has 90 seconds left.\n|inactive|VIG Luffy has 90 seconds left.\n|\n|t:|1660354156\n|move|p1a: Uxie|Psychic|p2a: Toxapex\n|-supereffective|p2a: Toxapex\n|-damage|p2a: Toxapex|0 fnt\n|faint|p2a: Toxapex\n|\n|-damage|p1a: Uxie|2\/100 psn|[from] psn\n|upkeep\n|\n|t:|1660354158\n|switch|p2a: Pangoro|Pangoro, F|100\/100\n|-ability|p2a: Pangoro|Mold Breaker\n|turn|37\n|\n|t:|1660354167\n|move|p2a: Pangoro|Close Combat|p1a: Uxie\n|-resisted|p1a: Uxie\n|-damage|p1a: Uxie|0 fnt\n|-unboost|p2a: Pangoro|def|1\n|-unboost|p2a: Pangoro|spd|1\n|faint|p1a: Uxie\n|\n|upkeep\n|inactive|Unviabriel has 90 seconds left.\n|\n|t:|1660354178\n|switch|p1a: Greninja|Greninja, F|100\/100\n|turn|38\n|\n|t:|1660354179\n|move|p1a: Greninja|Hydro Pump|p2a: Pangoro\n|-damage|p2a: Pangoro|0 fnt\n|faint|p2a: Pangoro\n|\n|win|Unviabriel\n|c|\u2606Unviabriel|gg\n|c|\u2606VIG Luffy|gg\n|c| Frozen Dogfood|ggs\n|l| StreetCredCookie\n|l| Frozen Dogfood\n|l| Odindark23\n|l| Ye Olde Messiah\n","uploadtime":1660354191,"views":39,"p1id":"unviabriel","p2id":"vigluffy","formatid":"gen8nationaldexdraft","rating":0,"private":0,"password":null}