{"id":"sports-gen8nationaldexdraft-734487","p1":"HeroicVileplume","p2":"Elon Musk Rusk","format":"gen8nationaldexdraft","log":"|j|\u2606HeroicVileplume\n|j|\u2606Elon Musk Rusk\n|t:|1664566071\n|gametype|singles\n|player|p1|HeroicVileplume|gambler|\n|player|p2|Elon Musk Rusk|2|\n|teamsize|p1|6\n|teamsize|p2|6\n|gen|8\n|tier|[Gen 8] National Dex Draft\n|rule|Sleep Clause Mod: Limit one foe put to sleep\n|rule|OHKO Clause: OHKO moves are banned\n|rule|Evasion Moves Clause: Evasion moves are banned\n|rule|Endless Battle Clause: Forcing endless battles is banned\n|rule|HP Percentage Mod: HP is shown in percentages\n|rule|Dynamax Clause: You cannot dynamax\n|clearpoke\n|poke|p1|Swoobat, M|\n|poke|p1|Shiinotic, M|\n|poke|p1|Pincurchin, M|\n|poke|p1|Houndoom, F|\n|poke|p1|Hitmonlee, M|\n|poke|p1|Bewear, F|\n|poke|p2|Appletun, F|\n|poke|p2|Rhyperior, F|\n|poke|p2|Aromatisse, M|\n|poke|p2|Heliolisk, F|\n|poke|p2|Gurdurr, M|\n|poke|p2|Magneton|\n|teampreview\n|html|<button name=\"send\" class=\"button\" value=\"\/timer ds\"><i class=\"fa fa-hourglass-start\"><\/i> DS Timer<\/button> <button name=\"send\" class=\"button\" value=\"\/timer smogon\"><i class=\"fa fa-hourglass-start\"><\/i> Smogon Timer<\/button>\n|c|\u2606HeroicVileplume|glhf\n|\n|t:|1664566112\n|start\n|switch|p1a: Hitmonlee|Hitmonlee, M|100\/100\n|switch|p2a: Heliolisk|Heliolisk, F|100\/100\n|turn|1\n|\n|t:|1664566136\n|switch|p2a: Gurdurr|Gurdurr, M|100\/100\n|move|p1a: Hitmonlee|High Jump Kick|p2a: Gurdurr\n|-damage|p2a: Gurdurr|60\/100\n|\n|upkeep\n|turn|2\n|\n|t:|1664566144\n|switch|p1a: Shiinotic|Shiinotic, M|100\/100\n|move|p2a: Gurdurr|Drain Punch|p1a: Shiinotic\n|-resisted|p1a: Shiinotic\n|-damage|p1a: Shiinotic|86\/100\n|-heal|p2a: Gurdurr|66\/100|[from] drain|[of] p1a: Shiinotic\n|-status|p2a: Gurdurr|par|[from] ability: Effect Spore|[of] p1a: Shiinotic\n|\n|-heal|p1a: Shiinotic|92\/100|[from] item: Leftovers\n|upkeep\n|turn|3\n|\n|t:|1664566152\n|switch|p2a: Magneton|Magneton|100\/100\n|move|p1a: Shiinotic|Spore|p2a: Magneton\n|-status|p2a: Magneton|slp|[from] move: Spore\n|\n|-heal|p1a: Shiinotic|99\/100|[from] item: Leftovers\n|upkeep\n|turn|4\n|\n|t:|1664566158\n|switch|p1a: Hitmonlee|Hitmonlee, M|100\/100\n|cant|p2a: Magneton|slp\n|\n|upkeep\n|turn|5\n|\n|t:|1664566164\n|switch|p2a: Aromatisse|Aromatisse, M|100\/100\n|move|p1a: Hitmonlee|High Jump Kick|p2a: Aromatisse\n|-resisted|p2a: Aromatisse\n|-damage|p2a: Aromatisse|70\/100\n|\n|-heal|p2a: Aromatisse|76\/100|[from] item: Leftovers\n|upkeep\n|turn|6\n|\n|t:|1664566179\n|switch|p1a: Shiinotic|Shiinotic, M|99\/100\n|move|p2a: Aromatisse|Moonblast|p1a: Shiinotic\n|-damage|p1a: Shiinotic|71\/100\n|\n|-heal|p1a: Shiinotic|77\/100|[from] item: Leftovers\n|-heal|p2a: Aromatisse|82\/100|[from] item: Leftovers\n|upkeep\n|turn|7\n|\n|t:|1664566186\n|switch|p2a: Magneton|Magneton|100\/100 slp\n|move|p1a: Shiinotic|Moonblast|p2a: Magneton\n|-resisted|p2a: Magneton\n|-damage|p2a: Magneton|72\/100 slp\n|-unboost|p2a: Magneton|spa|1\n|\n|-heal|p1a: Shiinotic|83\/100|[from] item: Leftovers\n|upkeep\n|turn|8\n|\n|t:|1664566191\n|switch|p1a: Hitmonlee|Hitmonlee, M|100\/100\n|-curestatus|p2a: Magneton|slp|[msg]\n|move|p2a: Magneton|Volt Switch|p1a: Hitmonlee\n|-damage|p1a: Hitmonlee|35\/100\n|\n|t:|1664566195\n|switch|p2a: Gurdurr|Gurdurr, M|66\/100 par|[from]move: Volt Switch\n|\n|upkeep\n|turn|9\n|\n|t:|1664566204\n|switch|p1a: Swoobat|Swoobat, M|100\/100\n|switch|p2a: Aromatisse|Aromatisse, M|82\/100\n|\n|-heal|p2a: Aromatisse|89\/100|[from] item: Leftovers\n|upkeep\n|turn|10\n|\n|t:|1664566208\n|switch|p2a: Heliolisk|Heliolisk, F|100\/100\n|move|p1a: Swoobat|Calm Mind|p1a: Swoobat\n|-boost|p1a: Swoobat|spa|2\n|-boost|p1a: Swoobat|spd|2\n|\n|upkeep\n|turn|11\n|\n|t:|1664566218\n|move|p1a: Swoobat|Calm Mind|p1a: Swoobat\n|-boost|p1a: Swoobat|spa|2\n|-boost|p1a: Swoobat|spd|2\n|move|p2a: Heliolisk|Thunderbolt|p1a: Swoobat\n|-supereffective|p1a: Swoobat\n|-damage|p1a: Swoobat|34\/100\n|-status|p1a: Swoobat|par\n|\n|upkeep\n|turn|12\n|\n|t:|1664566239\n|switch|p1a: Pincurchin|Pincurchin, M|100\/100\n|-fieldstart|move: Electric Terrain|[from] ability: Electric Surge|[of] p1a: Pincurchin\n|move|p2a: Heliolisk|Thunderbolt|p1a: Pincurchin\n|-resisted|p1a: Pincurchin\n|-damage|p1a: Pincurchin|45\/100\n|\n|upkeep\n|turn|13\n|\n|t:|1664566246\n|move|p2a: Heliolisk|Thunderbolt|p1a: Pincurchin\n|-resisted|p1a: Pincurchin\n|-damage|p1a: Pincurchin|0 fnt\n|faint|p1a: Pincurchin\n|\n|upkeep\n|\n|t:|1664566249\n|switch|p1a: Hitmonlee|Hitmonlee, M|35\/100\n|turn|14\n|\n|t:|1664566253\n|switch|p2a: Aromatisse|Aromatisse, M|89\/100\n|move|p1a: Hitmonlee|High Jump Kick|p2a: Aromatisse\n|-resisted|p2a: Aromatisse\n|-damage|p2a: Aromatisse|60\/100\n|\n|-heal|p2a: Aromatisse|66\/100|[from] item: Leftovers\n|upkeep\n|turn|15\n|\n|t:|1664566259\n|switch|p1a: Shiinotic|Shiinotic, M|83\/100\n|move|p2a: Aromatisse|Reflect|p2a: Aromatisse\n|-sidestart|p2: Elon Musk Rusk|Reflect\n|\n|-heal|p1a: Shiinotic|89\/100|[from] item: Leftovers\n|-heal|p2a: Aromatisse|72\/100|[from] item: Leftovers\n|upkeep\n|turn|16\n|\n|t:|1664566267\n|switch|p2a: Appletun|Appletun, F|100\/100\n|move|p1a: Shiinotic|Spore|p2a: Appletun\n|-immune|p2a: Appletun\n|\n|-heal|p1a: Shiinotic|96\/100|[from] item: Leftovers\n|-fieldend|move: Electric Terrain\n|upkeep\n|turn|17\n|\n|t:|1664566270\n|switch|p2a: Magneton|Magneton|72\/100\n|move|p1a: Shiinotic|Moonblast|p2a: Magneton\n|-resisted|p2a: Magneton\n|-damage|p2a: Magneton|48\/100\n|\n|-heal|p1a: Shiinotic|100\/100|[from] item: Leftovers\n|upkeep\n|turn|18\n|\n|t:|1664566276\n|move|p2a: Magneton|Flash Cannon|p1a: Shiinotic\n|-supereffective|p1a: Shiinotic\n|-damage|p1a: Shiinotic|0 fnt\n|faint|p1a: Shiinotic\n|\n|upkeep\n|\n|t:|1664566282\n|switch|p1a: Hitmonlee|Hitmonlee, M|35\/100\n|turn|19\n|\n|t:|1664566291\n|switch|p2a: Aromatisse|Aromatisse, M|72\/100\n|move|p1a: Hitmonlee|High Jump Kick|p2a: Aromatisse\n|-resisted|p2a: Aromatisse\n|-damage|p2a: Aromatisse|56\/100\n|\n|-heal|p2a: Aromatisse|62\/100|[from] item: Leftovers\n|-sideend|p2: Elon Musk Rusk|Reflect\n|upkeep\n|turn|20\n|\n|t:|1664566304\n|switch|p1a: Swoobat|Swoobat, M|34\/100 par\n|move|p2a: Aromatisse|Wish|p2a: Aromatisse\n|\n|-heal|p2a: Aromatisse|69\/100|[from] item: Leftovers\n|upkeep\n|turn|21\n|\n|t:|1664566318\n|switch|p2a: Heliolisk|Heliolisk, F|100\/100\n|move|p1a: Swoobat|Roost|p1a: Swoobat\n|-heal|p1a: Swoobat|84\/100 par\n|-singleturn|p1a: Swoobat|move: Roost\n|\n|upkeep\n|turn|22\n|\n|t:|1664566323\n|switch|p1a: Bewear|Bewear, F|100\/100\n|move|p2a: Heliolisk|Thunderbolt|p1a: Bewear\n|-damage|p1a: Bewear|49\/100\n|\n|upkeep\n|turn|23\n|\n|t:|1664566328\n|move|p2a: Heliolisk|Thunderbolt|p1a: Bewear\n|-damage|p1a: Bewear|2\/100\n|move|p1a: Bewear|Drain Punch|p2a: Heliolisk\n|-supereffective|p2a: Heliolisk\n|-damage|p2a: Heliolisk|0 fnt\n|-heal|p1a: Bewear|32\/100|[from] drain|[of] p2a: Heliolisk\n|faint|p2a: Heliolisk\n|\n|upkeep\n|\n|t:|1664566337\n|switch|p2a: Magneton|Magneton|48\/100\n|turn|24\n|\n|t:|1664566341\n|move|p2a: Magneton|Thunderbolt|p1a: Bewear\n|-damage|p1a: Bewear|0 fnt\n|faint|p1a: Bewear\n|\n|upkeep\n|\n|t:|1664566349\n|switch|p1a: Houndoom|Houndoom, F|100\/100\n|turn|25\n|\n|t:|1664566380\n|switch|p2a: Rhyperior|Rhyperior, F|100\/100\n|move|p1a: Houndoom|Flamethrower|p2a: Rhyperior\n|-resisted|p2a: Rhyperior\n|-damage|p2a: Rhyperior|71\/100\n|\n|-heal|p2a: Rhyperior|77\/100|[from] item: Leftovers\n|upkeep\n|turn|26\n|\n|t:|1664566390\n|switch|p1a: Swoobat|Swoobat, M|84\/100 par\n|move|p2a: Rhyperior|Smack Down|p1a: Swoobat\n|-supereffective|p1a: Swoobat\n|-damage|p1a: Swoobat|0 fnt\n|faint|p1a: Swoobat\n|\n|-heal|p2a: Rhyperior|83\/100|[from] item: Leftovers\n|upkeep\n|\n|t:|1664566394\n|switch|p1a: Hitmonlee|Hitmonlee, M|35\/100\n|turn|27\n|\n|t:|1664566398\n|switch|p2a: Aromatisse|Aromatisse, M|69\/100\n|move|p1a: Hitmonlee|High Jump Kick|p2a: Aromatisse\n|-resisted|p2a: Aromatisse\n|-damage|p2a: Aromatisse|40\/100\n|\n|-heal|p2a: Aromatisse|46\/100|[from] item: Leftovers\n|upkeep\n|turn|28\n|\n|t:|1664566403\n|move|p1a: Hitmonlee|High Jump Kick|p2a: Aromatisse\n|-resisted|p2a: Aromatisse\n|-damage|p2a: Aromatisse|16\/100\n|move|p2a: Aromatisse|Wish|p2a: Aromatisse\n|\n|-heal|p2a: Aromatisse|22\/100|[from] item: Leftovers\n|upkeep\n|turn|29\n|\n|t:|1664566406\n|move|p2a: Aromatisse|Protect|p2a: Aromatisse\n|-singleturn|p2a: Aromatisse|Protect\n|move|p1a: Hitmonlee|High Jump Kick|p2a: Aromatisse\n|-activate|p2a: Aromatisse|move: Protect\n|-damage|p1a: Hitmonlee|0 fnt|[from] highjumpkick\n|faint|p1a: Hitmonlee\n|\n|-heal|p2a: Aromatisse|72\/100|[from] move: Wish|[wisher] Aromatisse\n|-heal|p2a: Aromatisse|79\/100|[from] item: Leftovers\n|upkeep\n|\n|t:|1664566409\n|switch|p1a: Houndoom|Houndoom, F|100\/100\n|turn|30\n|\n|t:|1664566413\n|switch|p2a: Rhyperior|Rhyperior, F|83\/100\n|move|p1a: Houndoom|Overheat|p2a: Rhyperior\n|-resisted|p2a: Rhyperior\n|-damage|p2a: Rhyperior|36\/100\n|-unboost|p1a: Houndoom|spa|2\n|\n|-heal|p2a: Rhyperior|42\/100|[from] item: Leftovers\n|upkeep\n|turn|31\n|\n|t:|1664566416\n|move|p1a: Houndoom|Overheat|p2a: Rhyperior\n|-resisted|p2a: Rhyperior\n|-damage|p2a: Rhyperior|17\/100\n|-unboost|p1a: Houndoom|spa|2\n|move|p2a: Rhyperior|Earthquake|p1a: Houndoom\n|-supereffective|p1a: Houndoom\n|-damage|p1a: Houndoom|0 fnt\n|faint|p1a: Houndoom\n|\n|win|Elon Musk Rusk\n","uploadtime":1664566420,"views":17,"p1id":"heroicvileplume","p2id":"elonmuskrusk","formatid":"gen8nationaldexdraft","rating":0,"private":0,"password":null}