{"id":"sports-gen8nationaldexdlclegacy-286083","p1":"JustTables","p2":"TehranTyphlosions","format":"gen8nationaldexdlclegacy","log":"|j|\u2606JustTables\n|j|\u2606TehranTyphlosions\n|t:|1606590522\n|player|p1|JustTables|plasmagrunt|\n|player|p2|TehranTyphlosions|clair|\n|teamsize|p1|6\n|teamsize|p2|6\n|gametype|singles\n|gen|8\n|tier|[Gen 8] National Dex DLC Legacy\n|rule|Sleep Clause Mod: Limit one foe put to sleep\n|rule|OHKO Clause: OHKO moves are banned\n|rule|Evasion Moves Clause: Evasion moves are banned\n|rule|Endless Battle Clause: Forcing endless battles is banned\n|rule|HP Percentage Mod: HP is shown in percentages\n|clearpoke\n|poke|p1|Vikavolt, M|\n|poke|p1|Darmanitan-Galar, M|\n|poke|p1|Charizard, F|\n|poke|p1|Gastrodon, M|\n|poke|p1|Gourgeist-*, F|\n|poke|p1|Skarmory, M|\n|poke|p2|Milotic, F|\n|poke|p2|Urshifu-*, M|\n|poke|p2|Altaria, M|\n|poke|p2|Rhyperior, M|\n|poke|p2|Entei|\n|poke|p2|Tornadus-Therian, M|\n|rule|Dynamax Clause: You cannot dynamax\n|teampreview\n|html|<button name=\"send\" class=\"button\" value=\"\/timer ds\"><i class=\"fa fa-hourglass-start\"><\/i> DS Timer<\/button> <button name=\"send\" class=\"button\" value=\"\/timer smogon\"><i class=\"fa fa-hourglass-start\"><\/i> Smogon Timer<\/button>\n|c|\u2606TehranTyphlosions|gl\n|c|\u2606JustTables|U2\n|\n|t:|1606590541\n|start\n|switch|p1a: Skarmory|Skarmory, M|100\/100\n|switch|p2a: Tornadus|Tornadus-Therian, M|100\/100\n|turn|1\n|\n|t:|1606590571\n|move|p2a: Tornadus|U-turn|p1a: Skarmory\n|-resisted|p1a: Skarmory\n|-damage|p1a: Skarmory|98\/100\n|-ability|p1a: Skarmory|Weak Armor|boost\n|-unboost|p1a: Skarmory|def|1\n|-boost|p1a: Skarmory|spe|2\n|\n|t:|1606590583\n|switch|p2a: Rhyperior|Rhyperior, M|100\/100|[from]move: U-turn\n|move|p1a: Skarmory|Spikes|p2a: Rhyperior\n|-sidestart|p2: TehranTyphlosions|Spikes\n|\n|-heal|p1a: Skarmory|100\/100|[from] item: Leftovers\n|upkeep\n|turn|2\n|\n|t:|1606590595\n|switch|p1a: Gastrodon|Gastrodon, M|100\/100\n|move|p2a: Rhyperior|Rock Polish|p2a: Rhyperior\n|-boost|p2a: Rhyperior|spe|2\n|\n|upkeep\n|turn|3\n|\n|t:|1606590612\n|switch|p2a: Tornadus|Tornadus-Therian, M|100\/100\n|move|p1a: Gastrodon|Toxic|p2a: Tornadus\n|-status|p2a: Tornadus|tox\n|\n|-damage|p2a: Tornadus|94\/100 tox|[from] psn\n|upkeep\n|turn|4\n|\n|t:|1606590621\n|move|p2a: Tornadus|U-turn|p1a: Gastrodon\n|-damage|p1a: Gastrodon|89\/100\n|\n|t:|1606590629\n|switch|p2a: Altaria|Altaria, M|100\/100|[from]move: U-turn\n|move|p1a: Gastrodon|Recover|p1a: Gastrodon\n|-heal|p1a: Gastrodon|100\/100\n|\n|upkeep\n|turn|5\n|\n|t:|1606590638\n|detailschange|p2a: Altaria|Altaria-Mega, M\n|-mega|p2a: Altaria|Altaria|Altarianite\n|move|p2a: Altaria|Hyper Voice|p1a: Gastrodon\n|-damage|p1a: Gastrodon|45\/100\n|move|p1a: Gastrodon|Toxic|p2a: Altaria\n|-status|p2a: Altaria|tox\n|\n|-heal|p1a: Gastrodon|51\/100|[from] item: Leftovers\n|-damage|p2a: Altaria|94\/100 tox|[from] psn\n|upkeep\n|turn|6\n|\n|t:|1606590643\n|switch|p1a: Skarmory|Skarmory, M|100\/100\n|move|p2a: Altaria|Fire Blast|p1a: Skarmory\n|-supereffective|p1a: Skarmory\n|-damage|p1a: Skarmory|0 fnt\n|faint|p1a: Skarmory\n|\n|-damage|p2a: Altaria|82\/100 tox|[from] psn\n|upkeep\n|\n|t:|1606590675\n|switch|p1a: Darmanitan|Darmanitan-Galar, M|100\/100\n|turn|7\n|\n|t:|1606590691\n|switch|p2a: Milotic|Milotic, F|100\/100\n|-damage|p2a: Milotic|88\/100|[from] Spikes\n|move|p1a: Darmanitan|Icicle Crash|p2a: Milotic\n|-resisted|p2a: Milotic\n|-damage|p2a: Milotic|58\/100\n|\n|-status|p2a: Milotic|brn|[from] item: Flame Orb\n|upkeep\n|turn|8\n|\n|t:|1606590703\n|switch|p1a: Gourgeist|Gourgeist-Super, F|100\/100\n|-item|p2a: Milotic|Flame Orb|[from] ability: Frisk|[of] p1a: Gourgeist|[identify]\n|move|p2a: Milotic|Flip Turn|p1a: Gourgeist\n|-resisted|p1a: Gourgeist\n|-crit|p1a: Gourgeist\n|-damage|p1a: Gourgeist|97\/100\n|\n|t:|1606590710\n|switch|p2a: Tornadus|Tornadus-Therian, M|100\/100 tox|[from]move: Flip Turn\n|\n|-damage|p2a: Tornadus|94\/100 tox|[from] psn\n|upkeep\n|turn|9\n|\n|t:|1606590716\n|switch|p1a: Gastrodon|Gastrodon, M|51\/100\n|move|p2a: Tornadus|Hurricane|p1a: Gastrodon|[miss]\n|-miss|p2a: Tornadus|p1a: Gastrodon\n|\n|-heal|p1a: Gastrodon|57\/100|[from] item: Leftovers\n|-damage|p2a: Tornadus|82\/100 tox|[from] psn\n|upkeep\n|turn|10\n|\n|t:|1606590718\n|move|p2a: Tornadus|Hurricane|p1a: Gastrodon\n|-damage|p1a: Gastrodon|8\/100\n|move|p1a: Gastrodon|Recover|p1a: Gastrodon\n|-heal|p1a: Gastrodon|58\/100\n|\n|-heal|p1a: Gastrodon|64\/100|[from] item: Leftovers\n|-damage|p2a: Tornadus|64\/100 tox|[from] psn\n|upkeep\n|turn|11\n|\n|t:|1606590723\n|switch|p2a: Milotic|Milotic, F|58\/100 brn\n|-damage|p2a: Milotic|46\/100 brn|[from] Spikes\n|move|p1a: Gastrodon|Recover|p1a: Gastrodon\n|-heal|p1a: Gastrodon|100\/100\n|\n|-damage|p2a: Milotic|40\/100 brn|[from] brn\n|upkeep\n|turn|12\n|\n|t:|1606590725\n|move|p2a: Milotic|Recover|p2a: Milotic\n|-heal|p2a: Milotic|90\/100 brn\n|move|p1a: Gastrodon|Skitter Smack|p2a: Milotic\n|-damage|p2a: Milotic|83\/100 brn\n|-unboost|p2a: Milotic|spa|1\n|\n|-damage|p2a: Milotic|77\/100 brn|[from] brn\n|upkeep\n|turn|13\n|\n|t:|1606590733\n|move|p1a: Gastrodon|Scald|p2a: Milotic\n|-resisted|p2a: Milotic\n|-damage|p2a: Milotic|69\/100 brn\n|move|p2a: Milotic|Dragon Tail|p1a: Gastrodon\n|-damage|p1a: Gastrodon|97\/100\n|drag|p1a: Vikavolt|Vikavolt, M|100\/100\n|\n|-damage|p2a: Milotic|63\/100 brn|[from] brn\n|upkeep\n|turn|14\n|\n|t:|1606590743\n|switch|p2a: Altaria|Altaria-Mega, M|82\/100 tox\n|-damage|p2a: Altaria|70\/100 tox|[from] Spikes\n|switch|p1a: Gourgeist|Gourgeist-Super, F|97\/100\n|-item|p2a: Altaria|Altarianite|[from] ability: Frisk|[of] p1a: Gourgeist|[identify]\n|\n|-damage|p2a: Altaria|63\/100 tox|[from] psn\n|upkeep\n|turn|15\n|\n|t:|1606590749\n|move|p2a: Altaria|Hyper Voice|p1a: Gourgeist\n|-damage|p1a: Gourgeist|36\/100\n|move|p1a: Gourgeist|Poltergeist|p2a: Altaria\n|-activate|p2a: Altaria|move: Poltergeist|Altarianite\n|-damage|p2a: Altaria|0 fnt\n|faint|p2a: Altaria\n|\n|upkeep\n|\n|t:|1606590759\n|switch|p2a: Urshifu|Urshifu, M|100\/100\n|-damage|p2a: Urshifu|88\/100|[from] Spikes\n|turn|16\n|\n|t:|1606590777\n|move|p2a: Urshifu|Wicked Blow|p1a: Gourgeist\n|-supereffective|p1a: Gourgeist\n|-crit|p1a: Gourgeist\n|-damage|p1a: Gourgeist|0 fnt\n|faint|p1a: Gourgeist\n|\n|upkeep\n|\n|t:|1606590780\n|switch|p1a: Vikavolt|Vikavolt, M|100\/100\n|turn|17\n|\n|t:|1606590786\n|switch|p2a: Rhyperior|Rhyperior, M|100\/100\n|-damage|p2a: Rhyperior|88\/100|[from] Spikes\n|move|p1a: Vikavolt|Bug Buzz|p2a: Rhyperior\n|-damage|p2a: Rhyperior|18\/100\n|\n|upkeep\n|turn|18\n|\n|t:|1606590812\n|switch|p2a: Entei|Entei|100\/100\n|-damage|p2a: Entei|88\/100|[from] Spikes\n|switch|p1a: Gastrodon|Gastrodon, M|97\/100\n|\n|-heal|p2a: Entei|94\/100|[from] item: Leftovers\n|-heal|p1a: Gastrodon|100\/100|[from] item: Leftovers\n|upkeep\n|turn|19\n|\n|t:|1606590819\n|switch|p2a: Milotic|Milotic, F|63\/100 brn\n|-damage|p2a: Milotic|51\/100 brn|[from] Spikes\n|move|p1a: Gastrodon|Scald|p2a: Milotic\n|-resisted|p2a: Milotic\n|-damage|p2a: Milotic|43\/100 brn\n|\n|-damage|p2a: Milotic|37\/100 brn|[from] brn\n|upkeep\n|turn|20\n|\n|t:|1606590828\n|switch|p1a: Vikavolt|Vikavolt, M|100\/100\n|move|p2a: Milotic|Recover|p2a: Milotic\n|-heal|p2a: Milotic|87\/100 brn\n|\n|-damage|p2a: Milotic|81\/100 brn|[from] brn\n|upkeep\n|turn|21\n|\n|t:|1606590863\n|switch|p2a: Rhyperior|Rhyperior, M|18\/100\n|-damage|p2a: Rhyperior|5\/100|[from] Spikes\n|move|p1a: Vikavolt|Volt Switch|p2a: Rhyperior\n|-immune|p2a: Rhyperior\n|\n|upkeep\n|turn|22\n|\n|t:|1606590867\n|switch|p1a: Gastrodon|Gastrodon, M|100\/100\n|move|p2a: Rhyperior|Stone Edge|p1a: Gastrodon|[miss]\n|-miss|p2a: Rhyperior|p1a: Gastrodon\n|\n|upkeep\n|turn|23\n|\n|t:|1606590872\n|move|p2a: Rhyperior|Earthquake|p1a: Gastrodon\n|-damage|p1a: Gastrodon|57\/100\n|move|p1a: Gastrodon|Scald|p2a: Rhyperior\n|-supereffective|p2a: Rhyperior\n|-crit|p2a: Rhyperior\n|-damage|p2a: Rhyperior|0 fnt\n|faint|p2a: Rhyperior\n|\n|-heal|p1a: Gastrodon|63\/100|[from] item: Leftovers\n|upkeep\n|\n|t:|1606590883\n|switch|p2a: Urshifu|Urshifu, M|88\/100\n|-damage|p2a: Urshifu|76\/100|[from] Spikes\n|turn|24\n|\n|t:|1606590907\n|move|p2a: Urshifu|Wicked Blow|p1a: Gastrodon\n|-crit|p1a: Gastrodon\n|-damage|p1a: Gastrodon|4\/100\n|move|p1a: Gastrodon|Recover|p1a: Gastrodon\n|-heal|p1a: Gastrodon|54\/100\n|\n|-heal|p1a: Gastrodon|60\/100|[from] item: Leftovers\n|upkeep\n|turn|25\n|\n|t:|1606590923\n|move|p2a: Urshifu|Wicked Blow|p1a: Gastrodon\n|-crit|p1a: Gastrodon\n|-damage|p1a: Gastrodon|6\/100\n|move|p1a: Gastrodon|Scald|p2a: Urshifu\n|-damage|p2a: Urshifu|41\/100\n|\n|-heal|p1a: Gastrodon|12\/100|[from] item: Leftovers\n|upkeep\n|turn|26\n|\n|t:|1606590929\n|move|p2a: Urshifu|Wicked Blow|p1a: Gastrodon\n|-crit|p1a: Gastrodon\n|-damage|p1a: Gastrodon|0 fnt\n|faint|p1a: Gastrodon\n|\n|upkeep\n|\n|t:|1606590940\n|switch|p1a: Vikavolt|Vikavolt, M|100\/100\n|turn|27\n|\n|t:|1606590960\n|move|p2a: Urshifu|Sucker Punch|p1a: Vikavolt\n|-damage|p1a: Vikavolt|67\/100\n|move|p1a: Vikavolt|Volt Switch|p2a: Urshifu\n|-damage|p2a: Urshifu|0 fnt\n|faint|p2a: Urshifu\n|\n|t:|1606590965\n|switch|p1a: Darmanitan|Darmanitan-Galar, M|100\/100|[from]move: Volt Switch\n|\n|upkeep\n|\n|t:|1606590968\n|switch|p2a: Milotic|Milotic, F|81\/100 brn\n|-damage|p2a: Milotic|69\/100 brn|[from] Spikes\n|turn|28\n|\n|t:|1606590974\n|move|p1a: Darmanitan|U-turn|p2a: Milotic\n|-damage|p2a: Milotic|49\/100 brn\n|\n|t:|1606590976\n|switch|p1a: Vikavolt|Vikavolt, M|67\/100|[from]move: U-turn\n|move|p2a: Milotic|Scald|p1a: Vikavolt\n|-damage|p1a: Vikavolt|39\/100\n|\n|-damage|p2a: Milotic|43\/100 brn|[from] brn\n|upkeep\n|turn|29\n|\n|t:|1606590983\n|move|p2a: Milotic|Recover|p2a: Milotic\n|-heal|p2a: Milotic|93\/100 brn\n|move|p1a: Vikavolt|Volt Switch|p2a: Milotic\n|-supereffective|p2a: Milotic\n|-damage|p2a: Milotic|44\/100 brn\n|\n|t:|1606591011\n|switch|p1a: Charizard|Charizard, F|100\/100|[from]move: Volt Switch\n|\n|-damage|p2a: Milotic|38\/100 brn|[from] brn\n|upkeep\n|turn|30\n|\n|t:|1606591034\n|detailschange|p1a: Charizard|Charizard-Mega-X, F\n|-mega|p1a: Charizard|Charizard|Charizardite X\n|move|p1a: Charizard|Thunder Punch|p2a: Milotic\n|-supereffective|p2a: Milotic\n|-damage|p2a: Milotic|4\/100 brn\n|move|p2a: Milotic|Recover|p2a: Milotic\n|-heal|p2a: Milotic|54\/100 brn\n|\n|-damage|p2a: Milotic|48\/100 brn|[from] brn\n|upkeep\n|turn|31\n|\n|t:|1606591040\n|move|p1a: Charizard|Dragon Dance|p1a: Charizard\n|-boost|p1a: Charizard|atk|1\n|-boost|p1a: Charizard|spe|1\n|move|p2a: Milotic|Recover|p2a: Milotic\n|-heal|p2a: Milotic|98\/100 brn\n|\n|-damage|p2a: Milotic|92\/100 brn|[from] brn\n|upkeep\n|turn|32\n|\n|t:|1606591042\n|move|p1a: Charizard|Thunder Punch|p2a: Milotic\n|-supereffective|p2a: Milotic\n|-damage|p2a: Milotic|42\/100 brn\n|move|p2a: Milotic|Dragon Tail|p1a: Charizard\n|-supereffective|p1a: Charizard\n|-damage|p1a: Charizard|90\/100\n|drag|p1a: Vikavolt|Vikavolt, M|39\/100\n|\n|-damage|p2a: Milotic|36\/100 brn|[from] brn\n|upkeep\n|turn|33\n|\n|t:|1606591048\n|move|p2a: Milotic|Recover|p2a: Milotic\n|-heal|p2a: Milotic|86\/100 brn\n|move|p1a: Vikavolt|Volt Switch|p2a: Milotic\n|-supereffective|p2a: Milotic\n|-damage|p2a: Milotic|29\/100 brn\n|\n|t:|1606591050\n|switch|p1a: Charizard|Charizard-Mega-X, F|90\/100|[from]move: Volt Switch\n|\n|-damage|p2a: Milotic|23\/100 brn|[from] brn\n|upkeep\n|turn|34\n|\n|t:|1606591055\n|switch|p2a: Entei|Entei|94\/100\n|-damage|p2a: Entei|82\/100|[from] Spikes\n|move|p1a: Charizard|Thunder Punch|p2a: Entei\n|-damage|p2a: Entei|54\/100\n|\n|-heal|p2a: Entei|60\/100|[from] item: Leftovers\n|upkeep\n|turn|35\n|\n|t:|1606591062\n|switch|p1a: Vikavolt|Vikavolt, M|39\/100\n|move|p2a: Entei|Stomping Tantrum|p1a: Vikavolt\n|-immune|p1a: Vikavolt|[from] ability: Levitate\n|\n|-heal|p2a: Entei|66\/100|[from] item: Leftovers\n|upkeep\n|turn|36\n|\n|t:|1606591071\n|move|p2a: Entei|Sacred Fire|p1a: Vikavolt\n|-supereffective|p1a: Vikavolt\n|-damage|p1a: Vikavolt|0 fnt\n|faint|p1a: Vikavolt\n|\n|-heal|p2a: Entei|72\/100|[from] item: Leftovers\n|upkeep\n|\n|t:|1606591074\n|switch|p1a: Darmanitan|Darmanitan-Galar, M|100\/100\n|turn|37\n|\n|t:|1606591084\n|switch|p2a: Milotic|Milotic, F|23\/100 brn\n|-damage|p2a: Milotic|10\/100 brn|[from] Spikes\n|move|p1a: Darmanitan|Earthquake|p2a: Milotic\n|-damage|p2a: Milotic|0 fnt\n|faint|p2a: Milotic\n|\n|upkeep\n|\n|t:|1606591085\n|switch|p2a: Tornadus|Tornadus-Therian, M|97\/100 tox\n|turn|38\n|\n|t:|1606591135\n|switch|p1a: Charizard|Charizard-Mega-X, F|90\/100\n|move|p2a: Tornadus|U-turn|p1a: Charizard\n|-resisted|p1a: Charizard\n|-damage|p1a: Charizard|83\/100\n|\n|t:|1606591137\n|switch|p2a: Entei|Entei|72\/100|[from]move: U-turn\n|-damage|p2a: Entei|60\/100|[from] Spikes\n|\n|-heal|p2a: Entei|66\/100|[from] item: Leftovers\n|upkeep\n|turn|39\n|\n|t:|1606591156\n|move|p1a: Charizard|Flare Blitz|p2a: Entei\n|-resisted|p2a: Entei\n|-damage|p2a: Entei|33\/100\n|-damage|p1a: Charizard|69\/100|[from] Recoil\n|move|p2a: Entei|Stomping Tantrum|p1a: Charizard\n|-supereffective|p1a: Charizard\n|-damage|p1a: Charizard|20\/100\n|\n|-heal|p2a: Entei|39\/100|[from] item: Leftovers\n|upkeep\n|turn|40\n|\n|t:|1606591162\n|move|p1a: Charizard|Flare Blitz|p2a: Entei\n|-resisted|p2a: Entei\n|-damage|p2a: Entei|5\/100\n|-damage|p1a: Charizard|5\/100|[from] Recoil\n|move|p2a: Entei|Stomping Tantrum|p1a: Charizard\n|-supereffective|p1a: Charizard\n|-damage|p1a: Charizard|0 fnt\n|faint|p1a: Charizard\n|\n|-heal|p2a: Entei|12\/100|[from] item: Leftovers\n|upkeep\n|\n|t:|1606591164\n|switch|p1a: Darmanitan|Darmanitan-Galar, M|100\/100\n|turn|41\n|\n|t:|1606591167\n|move|p1a: Darmanitan|Icicle Crash|p2a: Entei\n|-resisted|p2a: Entei\n|-damage|p2a: Entei|0 fnt\n|faint|p2a: Entei\n|\n|upkeep\n|\n|t:|1606591168\n|switch|p2a: Tornadus|Tornadus-Therian, M|100\/100 tox\n|turn|42\n|\n|t:|1606591170\n|move|p2a: Tornadus|Heat Wave|p1a: Darmanitan\n|-supereffective|p1a: Darmanitan\n|-damage|p1a: Darmanitan|8\/100\n|move|p1a: Darmanitan|Icicle Crash|p2a: Tornadus\n|-supereffective|p2a: Tornadus\n|-damage|p2a: Tornadus|0 fnt\n|faint|p2a: Tornadus\n|\n|win|JustTables\n|c|\u2606TehranTyphlosions|gg\n|c|\u2606JustTables|gg\n|l|\u2606TehranTyphlosions\n|c|\u2606JustTables|wp\n|j|\u2606TehranTyphlosions\n|player|p2|TehranTyphlosions|clair\n","uploadtime":1606591214,"views":30,"p1id":"justtables","p2id":"tehrantyphlosions","formatid":"gen8nationaldexdlclegacy","rating":0,"private":0,"password":null}