{"id":"sports-gen8nationaldexdraft-462915","p1":"MAVERICK SHOOTERS","p2":"Kenanbeans123","format":"gen8nationaldexdraft","log":"|j|\u2606MAVERICK SHOOTERS\n|j|\u2606Kenanbeans123\n|t:|1626974693\n|gametype|singles\n|player|p1|MAVERICK SHOOTERS|2|\n|player|p2|Kenanbeans123|valerie|\n|teamsize|p1|6\n|teamsize|p2|6\n|gen|8\n|tier|[Gen 8] National Dex Draft\n|rule|Sleep Clause Mod: Limit one foe put to sleep\n|rule|OHKO Clause: OHKO moves are banned\n|rule|Evasion Moves Clause: Evasion moves are banned\n|rule|Endless Battle Clause: Forcing endless battles is banned\n|rule|HP Percentage Mod: HP is shown in percentages\n|rule|Dynamax Clause: You cannot dynamax\n|clearpoke\n|poke|p1|Slowbro, M|\n|poke|p1|Talonflame, M|\n|poke|p1|Miltank, F|\n|poke|p1|Rotom-Mow|\n|poke|p1|Landorus-Therian, M|\n|poke|p1|Urshifu-*, M|\n|poke|p2|Corviknight, M|\n|poke|p2|Zarude|\n|poke|p2|Victini|\n|poke|p2|Snorlax, F|\n|poke|p2|Sylveon, F|\n|poke|p2|Manectric, M|\n|teampreview\n|html|<button name=\"send\" class=\"button\" value=\"\/timer ds\"><i class=\"fa fa-hourglass-start\"><\/i> DS Timer<\/button> <button name=\"send\" class=\"button\" value=\"\/timer smogon\"><i class=\"fa fa-hourglass-start\"><\/i> Smogon Timer<\/button>\n|c|\u2606Kenanbeans123|gl\n|j| PorygonTheBot\n|c| PorygonTheBot|y'all suck\n|c|\u2606MAVERICK SHOOTERS|have fun seeing me get 6-0d :catJam:\n|\n|t:|1626974766\n|start\n|switch|p1a: Landorus|Landorus-Therian, M|100\/100\n|switch|p2a: Corviknight|Corviknight, M|100\/100\n|-ability|p1a: Landorus|Intimidate|boost\n|-unboost|p2a: Corviknight|atk|1\n|-ability|p2a: Corviknight|Pressure\n|turn|1\n|j| IRazvannN\n|\n|t:|1626974778\n|move|p1a: Landorus|Smack Down|p2a: Corviknight\n|-damage|p2a: Corviknight|90\/100\n|-start|p2a: Corviknight|Smack Down\n|move|p2a: Corviknight|Brave Bird|p1a: Landorus\n|-damage|p1a: Landorus|77\/100\n|-damage|p2a: Corviknight|83\/100|[from] Recoil\n|\n|upkeep\n|turn|2\n|\n|t:|1626974788\n|switch|p2a: Zarude|Zarude|100\/100\n|move|p1a: Landorus|Earthquake|p2a: Zarude\n|-resisted|p2a: Zarude\n|-damage|p2a: Zarude|77\/100\n|\n|-heal|p2a: Zarude|83\/100|[from] item: Leftovers\n|upkeep\n|turn|3\n|c| IRazvannN|monke\n|\n|t:|1626974806\n|switch|p1a: Slowbro|Slowbro, M|100\/100\n|move|p2a: Zarude|Bulk Up|p2a: Zarude\n|-boost|p2a: Zarude|atk|1\n|-boost|p2a: Zarude|def|1\n|\n|-heal|p2a: Zarude|90\/100|[from] item: Leftovers\n|upkeep\n|turn|4\n|j| Lukatsukio\n|\n|t:|1626974819\n|switch|p1a: Talonflame|Talonflame, M|100\/100\n|move|p2a: Zarude|Power Whip|p1a: Talonflame\n|-resisted|p1a: Talonflame\n|-damage|p1a: Talonflame|74\/100\n|-status|p2a: Zarude|brn|[from] ability: Flame Body|[of] p1a: Talonflame\n|\n|-heal|p1a: Talonflame|80\/100|[from] item: Leftovers\n|-heal|p2a: Zarude|96\/100 brn|[from] item: Leftovers\n|-damage|p2a: Zarude|90\/100 brn|[from] brn\n|upkeep\n|turn|5\n|c| IRazvannN|man\n|c| IRazvannN|I never get flame body burns\n|c| IRazvannN|I hate this game\n|\n|t:|1626974855\n|move|p1a: Talonflame|Flamethrower|p2a: Zarude\n|-supereffective|p2a: Zarude\n|-damage|p2a: Zarude|41\/100 brn\n|move|p2a: Zarude|Jungle Healing|p2a: Zarude\n|-heal|p2a: Zarude|66\/100 brn\n|-curestatus|p2a: Zarude|brn|[msg]\n|\n|-heal|p1a: Talonflame|86\/100|[from] item: Leftovers\n|-heal|p2a: Zarude|73\/100|[from] item: Leftovers\n|upkeep\n|turn|6\n|\n|t:|1626974877\n|switch|p2a: Sylveon|Sylveon, F|100\/100\n|move|p1a: Talonflame|Flamethrower|p2a: Sylveon\n|-damage|p2a: Sylveon|83\/100\n|-status|p2a: Sylveon|brn\n|\n|-heal|p1a: Talonflame|92\/100|[from] item: Leftovers\n|-damage|p2a: Sylveon|77\/100 brn|[from] brn\n|upkeep\n|turn|7\n|c|\u2606Kenanbeans123|sad times\n|c|\u2606MAVERICK SHOOTERS|i didnt want this getting burnt \n|c|\u2606MAVERICK SHOOTERS|but alas\n|\n|t:|1626974903\n|move|p1a: Talonflame|Taunt|p2a: Sylveon\n|-start|p2a: Sylveon|move: Taunt\n|cant|p2a: Sylveon|move: Taunt|Wish\n|\n|-heal|p1a: Talonflame|98\/100|[from] item: Leftovers\n|-damage|p2a: Sylveon|71\/100 brn|[from] brn\n|upkeep\n|turn|8\n|\n|t:|1626974908\n|move|p1a: Talonflame|Flamethrower|p2a: Sylveon\n|-damage|p2a: Sylveon|52\/100 brn\n|move|p2a: Sylveon|Hyper Voice|p1a: Talonflame\n|-resisted|p1a: Talonflame\n|-damage|p1a: Talonflame|59\/100\n|\n|-heal|p1a: Talonflame|65\/100|[from] item: Leftovers\n|-damage|p2a: Sylveon|46\/100 brn|[from] brn\n|upkeep\n|turn|9\n|\n|t:|1626974915\n|switch|p2a: Snorlax|Snorlax, F|100\/100\n|move|p1a: Talonflame|Roost|p1a: Talonflame\n|-heal|p1a: Talonflame|100\/100\n|-singleturn|p1a: Talonflame|move: Roost\n|\n|upkeep\n|turn|10\n|\n|t:|1626974920\n|move|p1a: Talonflame|Toxic|p2a: Snorlax\n|-status|p2a: Snorlax|tox\n|move|p2a: Snorlax|Body Slam|p1a: Talonflame\n|-damage|p1a: Talonflame|66\/100\n|\n|-heal|p1a: Talonflame|72\/100|[from] item: Leftovers\n|-damage|p2a: Snorlax|94\/100 tox|[from] psn\n|upkeep\n|turn|11\n|\n|t:|1626974927\n|move|p1a: Talonflame|Roost|p1a: Talonflame\n|-heal|p1a: Talonflame|100\/100\n|-singleturn|p1a: Talonflame|move: Roost\n|move|p2a: Snorlax|Body Slam|p1a: Talonflame\n|-damage|p1a: Talonflame|63\/100\n|-status|p1a: Talonflame|par\n|\n|-heal|p1a: Talonflame|69\/100 par|[from] item: Leftovers\n|-damage|p2a: Snorlax|82\/100 tox|[from] psn\n|upkeep\n|turn|12\n|j| LatiGOD\n|\n|t:|1626974933\n|switch|p2a: Victini|Victini|100\/100\n|move|p1a: Talonflame|Roost|p1a: Talonflame\n|-heal|p1a: Talonflame|100\/100 par\n|-singleturn|p1a: Talonflame|move: Roost\n|\n|upkeep\n|turn|13\n|\n|t:|1626974939\n|switch|p1a: Miltank|Miltank, F|100\/100\n|move|p2a: Victini|Thunder|p1a: Miltank\n|-damage|p1a: Miltank|61\/100\n|\n|-heal|p1a: Miltank|67\/100|[from] item: Leftovers\n|upkeep\n|turn|14\n|\n|t:|1626974946\n|switch|p2a: Corviknight|Corviknight, M|83\/100\n|-ability|p2a: Corviknight|Pressure\n|move|p1a: Miltank|Milk Drink|p1a: Miltank\n|-heal|p1a: Miltank|100\/100\n|\n|upkeep\n|turn|15\n|\n|t:|1626974957\n|switch|p1a: Talonflame|Talonflame, M|100\/100 par\n|move|p2a: Corviknight|Body Press|p1a: Talonflame\n|-resisted|p1a: Talonflame\n|-damage|p1a: Talonflame|85\/100 par\n|\n|-heal|p1a: Talonflame|92\/100 par|[from] item: Leftovers\n|upkeep\n|turn|16\n|\n|t:|1626974967\n|switch|p2a: Victini|Victini|100\/100\n|move|p1a: Talonflame|Flamethrower|p2a: Victini\n|-resisted|p2a: Victini\n|-damage|p2a: Victini|88\/100\n|\n|-heal|p1a: Talonflame|98\/100 par|[from] item: Leftovers\n|upkeep\n|turn|17\n|\n|t:|1626974972\n|switch|p1a: Miltank|Miltank, F|100\/100\n|move|p2a: Victini|Psyshock|p1a: Miltank\n|-damage|p1a: Miltank|62\/100\n|\n|-heal|p1a: Miltank|68\/100|[from] item: Leftovers\n|upkeep\n|turn|18\n|\n|t:|1626974978\n|move|p2a: Victini|Psyshock|p1a: Miltank\n|-damage|p1a: Miltank|28\/100\n|move|p1a: Miltank|Milk Drink|p1a: Miltank\n|-heal|p1a: Miltank|79\/100\n|\n|-heal|p1a: Miltank|85\/100|[from] item: Leftovers\n|upkeep\n|turn|19\n|\n|t:|1626974986\n|switch|p2a: Zarude|Zarude|73\/100\n|move|p1a: Miltank|Body Slam|p2a: Zarude\n|-damage|p2a: Zarude|51\/100\n|\n|-heal|p2a: Zarude|57\/100|[from] item: Leftovers\n|-heal|p1a: Miltank|91\/100|[from] item: Leftovers\n|upkeep\n|turn|20\n|\n|t:|1626974990\n|switch|p1a: Talonflame|Talonflame, M|98\/100 par\n|move|p2a: Zarude|Bulk Up|p2a: Zarude\n|-boost|p2a: Zarude|atk|1\n|-boost|p2a: Zarude|def|1\n|\n|-heal|p2a: Zarude|64\/100|[from] item: Leftovers\n|-heal|p1a: Talonflame|100\/100 par|[from] item: Leftovers\n|upkeep\n|turn|21\n|\n|t:|1626975011\n|switch|p2a: Victini|Victini|88\/100\n|move|p1a: Talonflame|Flamethrower|p2a: Victini\n|-resisted|p2a: Victini\n|-damage|p2a: Victini|75\/100\n|\n|upkeep\n|turn|22\n|\n|t:|1626975020\n|switch|p1a: Miltank|Miltank, F|91\/100\n|move|p2a: Victini|Thunder|p1a: Miltank\n|-damage|p1a: Miltank|46\/100\n|\n|-heal|p1a: Miltank|52\/100|[from] item: Leftovers\n|upkeep\n|turn|23\n|\n|t:|1626975028\n|move|p2a: Victini|Thunder|p1a: Miltank|[miss]\n|-miss|p2a: Victini|p1a: Miltank\n|move|p1a: Miltank|Milk Drink|p1a: Miltank\n|-heal|p1a: Miltank|100\/100\n|\n|upkeep\n|turn|24\n|\n|t:|1626975032\n|switch|p2a: Sylveon|Sylveon, F|46\/100 brn\n|move|p1a: Miltank|Body Slam|p2a: Sylveon\n|-damage|p2a: Sylveon|15\/100 brn\n|\n|-damage|p2a: Sylveon|9\/100 brn|[from] brn\n|upkeep\n|turn|25\n|\n|t:|1626975038\n|move|p1a: Miltank|Body Slam|p2a: Sylveon\n|-damage|p2a: Sylveon|0 fnt\n|faint|p2a: Sylveon\n|\n|upkeep\n|\n|t:|1626975040\n|switch|p2a: Corviknight|Corviknight, M|83\/100\n|-ability|p2a: Corviknight|Pressure\n|turn|26\n|\n|t:|1626975043\n|move|p1a: Miltank|Fire Punch|p2a: Corviknight\n|-supereffective|p2a: Corviknight\n|-damage|p2a: Corviknight|64\/100\n|-damage|p1a: Miltank|84\/100|[from] item: Rocky Helmet|[of] p2a: Corviknight\n|move|p2a: Corviknight|Brave Bird|p1a: Miltank\n|-damage|p1a: Miltank|57\/100\n|-damage|p2a: Corviknight|55\/100|[from] Recoil\n|\n|-heal|p1a: Miltank|63\/100|[from] item: Leftovers\n|upkeep\n|turn|27\n|\n|t:|1626975052\n|switch|p1a: Talonflame|Talonflame, M|100\/100 par\n|move|p2a: Corviknight|Roost|p2a: Corviknight\n|-heal|p2a: Corviknight|100\/100\n|-singleturn|p2a: Corviknight|move: Roost\n|\n|upkeep\n|turn|28\n|c| IRazvannN|surprised that didnt burn\n|j| questrequested\n|\n|t:|1626975081\n|switch|p2a: Snorlax|Snorlax, F|82\/100 tox\n|cant|p1a: Talonflame|par\n|\n|-damage|p2a: Snorlax|76\/100 tox|[from] psn\n|upkeep\n|turn|29\n|\n|t:|1626975098\n|switch|p1a: Slowbro|Slowbro, M|100\/100\n|move|p2a: Snorlax|Body Slam|p1a: Slowbro\n|-damage|p1a: Slowbro|78\/100\n|\n|-damage|p2a: Snorlax|64\/100 tox|[from] psn\n|upkeep\n|turn|30\n|\n|t:|1626975106\n|move|p2a: Snorlax|Body Slam|p1a: Slowbro\n|-damage|p1a: Slowbro|56\/100\n|move|p1a: Slowbro|Teleport|p1a: Slowbro\n|\n|t:|1626975120\n|switch|p1a: Urshifu|Urshifu, M|100\/100|[from]move: Teleport\n|\n|-damage|p2a: Snorlax|46\/100 tox|[from] psn\n|upkeep\n|turn|31\n|\n|t:|1626975129\n|switch|p2a: Corviknight|Corviknight, M|100\/100\n|-ability|p2a: Corviknight|Pressure\n|move|p1a: Urshifu|U-turn|p2a: Corviknight\n|-resisted|p2a: Corviknight\n|-damage|p2a: Corviknight|94\/100\n|-damage|p1a: Urshifu|84\/100|[from] item: Rocky Helmet|[of] p2a: Corviknight\n|\n|t:|1626975132\n|switch|p1a: Rotom|Rotom-Mow|100\/100|[from]move: U-turn\n|\n|upkeep\n|turn|32\n|\n|t:|1626975139\n|switch|p2a: Snorlax|Snorlax, F|46\/100 tox\n|move|p1a: Rotom|Trick|p2a: Snorlax\n|-activate|p1a: Rotom|move: Trick|[of] p2a: Snorlax\n|-item|p2a: Snorlax|Choice Specs|[from] move: Trick\n|-item|p1a: Rotom|Assault Vest|[from] move: Trick\n|\n|-damage|p2a: Snorlax|39\/100 tox|[from] psn\n|upkeep\n|turn|33\n|\n|t:|1626975151\n|move|p1a: Rotom|Volt Switch|p2a: Snorlax\n|-damage|p2a: Snorlax|25\/100 tox\n|\n|t:|1626975157\n|switch|p1a: Slowbro|Slowbro, M|90\/100|[from]move: Volt Switch\n|move|p2a: Snorlax|Body Slam|p1a: Slowbro\n|-damage|p1a: Slowbro|67\/100\n|-status|p1a: Slowbro|par\n|\n|-damage|p2a: Snorlax|13\/100 tox|[from] psn\n|upkeep\n|turn|34\n|\n|t:|1626975166\n|switch|p2a: Manectric|Manectric, M|100\/100\n|move|p1a: Slowbro|Slack Off|p1a: Slowbro\n|-heal|p1a: Slowbro|100\/100 par\n|\n|upkeep\n|turn|35\n|\n|t:|1626975170\n|switch|p1a: Landorus|Landorus-Therian, M|77\/100\n|-ability|p1a: Landorus|Intimidate|boost\n|-unboost|p2a: Manectric|atk|1\n|detailschange|p2a: Manectric|Manectric-Mega, M\n|-mega|p2a: Manectric|Manectric|Manectite\n|-ability|p2a: Manectric|Intimidate|boost\n|-unboost|p1a: Landorus|atk|1\n|move|p2a: Manectric|Toxic|p1a: Landorus\n|-status|p1a: Landorus|tox\n|\n|-damage|p1a: Landorus|71\/100 tox|[from] psn\n|upkeep\n|turn|36\n|\n|t:|1626975192\n|switch|p2a: Corviknight|Corviknight, M|94\/100\n|-ability|p2a: Corviknight|Pressure\n|move|p1a: Landorus|Smack Down|p2a: Corviknight\n|-damage|p2a: Corviknight|88\/100\n|-start|p2a: Corviknight|Smack Down\n|\n|-damage|p1a: Landorus|59\/100 tox|[from] psn\n|upkeep\n|turn|37\n|j| pinorska\n|\n|t:|1626975229\n|switch|p1a: Talonflame|Talonflame, M|100\/100 par\n|switch|p2a: Snorlax|Snorlax, F|13\/100 tox\n|\n|-damage|p2a: Snorlax|7\/100 tox|[from] psn\n|upkeep\n|turn|38\n|\n|t:|1626975239\n|cant|p1a: Talonflame|par\n|move|p2a: Snorlax|Body Slam|p1a: Talonflame\n|-damage|p1a: Talonflame|61\/100 par\n|\n|-heal|p1a: Talonflame|67\/100 par|[from] item: Leftovers\n|-damage|p2a: Snorlax|0 fnt|[from] psn\n|faint|p2a: Snorlax\n|upkeep\n|\n|t:|1626975257\n|switch|p2a: Manectric|Manectric-Mega, M|100\/100\n|-ability|p2a: Manectric|Intimidate|boost\n|-unboost|p1a: Talonflame|atk|1\n|turn|39\n|\n|t:|1626975265\n|switch|p1a: Rotom|Rotom-Mow|100\/100\n|move|p2a: Manectric|Volt Switch|p1a: Rotom\n|-resisted|p1a: Rotom\n|-damage|p1a: Rotom|91\/100\n|\n|t:|1626975280\n|switch|p2a: Zarude|Zarude|64\/100|[from]move: Volt Switch\n|\n|-heal|p2a: Zarude|70\/100|[from] item: Leftovers\n|upkeep\n|turn|40\n|\n|t:|1626975285\n|move|p2a: Zarude|Bulk Up|p2a: Zarude\n|-boost|p2a: Zarude|atk|1\n|-boost|p2a: Zarude|def|1\n|move|p1a: Rotom|Volt Switch|p2a: Zarude\n|-resisted|p2a: Zarude\n|-crit|p2a: Zarude\n|-damage|p2a: Zarude|46\/100\n|\n|t:|1626975324\n|switch|p1a: Urshifu|Urshifu, M|84\/100|[from]move: Volt Switch\n|\n|-heal|p2a: Zarude|52\/100|[from] item: Leftovers\n|upkeep\n|turn|41\n|\n|t:|1626975361\n|switch|p1a: Slowbro|Slowbro, M|100\/100 par\n|move|p2a: Zarude|Power Whip|p1a: Slowbro\n|-supereffective|p1a: Slowbro\n|-damage|p1a: Slowbro|0 fnt\n|faint|p1a: Slowbro\n|\n|-heal|p2a: Zarude|58\/100|[from] item: Leftovers\n|upkeep\n|\n|t:|1626975381\n|switch|p1a: Urshifu|Urshifu, M|84\/100\n|turn|42\n|\n|t:|1626975385\n|switch|p2a: Corviknight|Corviknight, M|88\/100\n|-ability|p2a: Corviknight|Pressure\n|move|p1a: Urshifu|U-turn|p2a: Corviknight\n|-resisted|p2a: Corviknight\n|-damage|p2a: Corviknight|82\/100\n|-damage|p1a: Urshifu|67\/100|[from] item: Rocky Helmet|[of] p2a: Corviknight\n|\n|t:|1626975389\n|switch|p1a: Rotom|Rotom-Mow|91\/100|[from]move: U-turn\n|\n|upkeep\n|turn|43\n|\n|t:|1626975398\n|switch|p2a: Manectric|Manectric-Mega, M|100\/100\n|-ability|p2a: Manectric|Intimidate|boost\n|-unboost|p1a: Rotom|atk|1\n|move|p1a: Rotom|Volt Switch|p2a: Manectric\n|-resisted|p2a: Manectric\n|-damage|p2a: Manectric|81\/100\n|\n|t:|1626975404\n|switch|p1a: Landorus|Landorus-Therian, M|59\/100 tox|[from]move: Volt Switch\n|-ability|p1a: Landorus|Intimidate|boost\n|-unboost|p2a: Manectric|atk|1\n|\n|-damage|p1a: Landorus|53\/100 tox|[from] psn\n|upkeep\n|turn|44\n|\n|t:|1626975419\n|move|p2a: Manectric|Overheat|p1a: Landorus\n|-damage|p1a: Landorus|27\/100 tox\n|-unboost|p2a: Manectric|spa|2\n|move|p1a: Landorus|Smack Down|p2a: Manectric\n|-damage|p2a: Manectric|60\/100\n|\n|-damage|p1a: Landorus|15\/100 tox|[from] psn\n|upkeep\n|turn|45\n|\n|t:|1626975424\n|switch|p2a: Corviknight|Corviknight, M|82\/100\n|-ability|p2a: Corviknight|Pressure\n|move|p1a: Landorus|Smack Down|p2a: Corviknight\n|-damage|p2a: Corviknight|72\/100\n|-start|p2a: Corviknight|Smack Down\n|\n|-damage|p1a: Landorus|0 fnt|[from] psn\n|faint|p1a: Landorus\n|upkeep\n|\n|t:|1626975434\n|switch|p1a: Talonflame|Talonflame, M|67\/100 par\n|turn|46\n|\n|t:|1626975438\n|switch|p2a: Victini|Victini|75\/100\n|move|p1a: Talonflame|Toxic|p2a: Victini\n|-status|p2a: Victini|tox\n|\n|-heal|p1a: Talonflame|74\/100 par|[from] item: Leftovers\n|-damage|p2a: Victini|69\/100 tox|[from] psn\n|upkeep\n|turn|47\n|\n|t:|1626975446\n|switch|p1a: Rotom|Rotom-Mow|91\/100\n|move|p2a: Victini|Focus Blast|p1a: Rotom\n|-damage|p1a: Rotom|44\/100\n|\n|-damage|p2a: Victini|57\/100 tox|[from] psn\n|upkeep\n|turn|48\n|\n|t:|1626975455\n|switch|p1a: Talonflame|Talonflame, M|74\/100 par\n|move|p2a: Victini|Focus Blast|p1a: Talonflame\n|-resisted|p1a: Talonflame\n|-damage|p1a: Talonflame|43\/100 par\n|\n|-heal|p1a: Talonflame|49\/100 par|[from] item: Leftovers\n|-damage|p2a: Victini|38\/100 tox|[from] psn\n|upkeep\n|turn|49\n|\n|t:|1626975470\n|switch|p2a: Corviknight|Corviknight, M|72\/100\n|-ability|p2a: Corviknight|Pressure\n|switch|p1a: Miltank|Miltank, F|63\/100\n|\n|-heal|p1a: Miltank|69\/100|[from] item: Leftovers\n|upkeep\n|turn|50\n|\n|t:|1626975475\n|move|p1a: Miltank|Fire Punch|p2a: Corviknight\n|-supereffective|p2a: Corviknight\n|-damage|p2a: Corviknight|55\/100\n|-damage|p1a: Miltank|53\/100|[from] item: Rocky Helmet|[of] p2a: Corviknight\n|move|p2a: Corviknight|Body Press|p1a: Miltank\n|-supereffective|p1a: Miltank\n|-crit|p1a: Miltank\n|-damage|p1a: Miltank|0 fnt\n|faint|p1a: Miltank\n|\n|upkeep\n|\n|t:|1626975480\n|switch|p1a: Urshifu|Urshifu, M|67\/100\n|turn|51\n|\n|t:|1626975484\n|move|p1a: Urshifu|Wicked Blow|p2a: Corviknight\n|-crit|p2a: Corviknight\n|-damage|p2a: Corviknight|0 fnt\n|-damage|p1a: Urshifu|51\/100|[from] item: Rocky Helmet|[of] p2a: Corviknight\n|faint|p2a: Corviknight\n|\n|upkeep\n|\n|t:|1626975487\n|switch|p2a: Manectric|Manectric-Mega, M|60\/100\n|-ability|p2a: Manectric|Intimidate|boost\n|-unboost|p1a: Urshifu|atk|1\n|turn|52\n|\n|t:|1626975493\n|switch|p1a: Talonflame|Talonflame, M|49\/100 par\n|move|p2a: Manectric|Volt Switch|p1a: Talonflame\n|-supereffective|p1a: Talonflame\n|-damage|p1a: Talonflame|0 fnt\n|faint|p1a: Talonflame\n|\n|t:|1626975498\n|switch|p2a: Victini|Victini|38\/100 tox|[from]move: Volt Switch\n|\n|-damage|p2a: Victini|32\/100 tox|[from] psn\n|upkeep\n|c|\u2606MAVERICK SHOOTERS|gg\n|\n|t:|1626975518\n|switch|p1a: Urshifu|Urshifu, M|51\/100\n|turn|53\n|\n|t:|1626975523\n|move|p2a: Victini|Blue Flare|p1a: Urshifu\n|-damage|p1a: Urshifu|0 fnt\n|faint|p1a: Urshifu\n|\n|-damage|p2a: Victini|20\/100 tox|[from] psn\n|upkeep\n|\n|t:|1626975525\n|switch|p1a: Rotom|Rotom-Mow|44\/100\n|turn|54\n|c|\u2606Kenanbeans123|gg\n|\n|t:|1626975528\n|move|p2a: Victini|Blue Flare|p1a: Rotom\n|-supereffective|p1a: Rotom\n|-damage|p1a: Rotom|0 fnt\n|faint|p1a: Rotom\n|\n|win|Kenanbeans123\n","uploadtime":1626975529,"views":26,"p1id":"maverickshooters","p2id":"kenanbeans123","formatid":"gen8nationaldexdraft","rating":0,"private":0,"password":null}