{"id":"sports-gen8nationaldexdlclegacy-43284","p1":"TOOXIC860","p2":"Walletinspector62","format":"gen8nationaldexdlclegacy","log":"|j|\u2606TOOXIC860\n|j|\u2606Walletinspector62\n|player|p1|TOOXIC860|gambler|\n|player|p2|Walletinspector62|101|\n|teamsize|p1|6\n|teamsize|p2|6\n|gametype|singles\n|gen|8\n|tier|[Gen 8] National Dex DLC Legacy\n|rule|Sleep Clause Mod: Limit one foe put to sleep\n|rule|Species Clause: Limit one of each Pok\u00e9mon\n|rule|OHKO Clause: OHKO moves are banned\n|rule|Evasion Moves Clause: Evasion moves are banned\n|rule|Endless Battle Clause: Forcing endless battles is banned\n|rule|HP Percentage Mod: HP is shown in percentages\n|clearpoke\n|poke|p1|Victini|\n|poke|p1|Scizor, M|\n|poke|p1|Rotom-Mow|\n|poke|p1|Noivern, F|\n|poke|p1|Primarina, M|\n|poke|p1|Avalugg, M|\n|poke|p2|Celesteela|\n|poke|p2|Venusaur, M|\n|poke|p2|Rotom-Wash|\n|poke|p2|Zygarde-10%|\n|poke|p2|Passimian, F|\n|poke|p2|Gengar, F|\n|rule|Dynamax Clause: You cannot dynamax\n|teampreview\n|c|\u2606Walletinspector62|Glhf \n|c|\u2606TOOXIC860|gl hf\n|j| umbreoffxd\n|j| Habaduh\n|c| umbreoffxd|real teams pepelaugh\n|\n|start\n|switch|p1a: Victini|Victini|100\/100\n|switch|p2a: Passimian|Passimian, F|100\/100\n|turn|1\n|\n|switch|p1a: Noivern|Noivern, F|100\/100\n|move|p2a: Passimian|Knock Off|p1a: Noivern\n|-damage|p1a: Noivern|62\/100\n|-enditem|p1a: Noivern|Leftovers|[from] move: Knock Off|[of] p2a: Passimian\n|\n|upkeep\n|turn|2\n|\n|switch|p2a: Celesteela|Celesteela|100\/100\n|move|p1a: Noivern|U-turn|p2a: Celesteela\n|-resisted|p2a: Celesteela\n|-damage|p2a: Celesteela|99\/100\n|\n|switch|p1a: Victini|Victini|100\/100|[from]move: U-turn\n|\n|-heal|p2a: Celesteela|100\/100|[from] item: Leftovers\n|upkeep\n|turn|3\n|\n|move|p2a: Celesteela|Protect|p2a: Celesteela\n|-singleturn|p2a: Celesteela|Protect\n|move|p1a: Victini|V-create|p2a: Celesteela\n|-activate|p2a: Celesteela|move: Protect\n|\n|upkeep\n|turn|4\n|\n|switch|p2a: Rotom|Rotom-Wash|100\/100\n|move|p1a: Victini|V-create|p2a: Rotom\n|-resisted|p2a: Rotom\n|-damage|p2a: Rotom|59\/100\n|-unboost|p1a: Victini|spe|1\n|-unboost|p1a: Victini|def|1\n|-unboost|p1a: Victini|spd|1\n|\n|upkeep\n|turn|5\n|\n|switch|p1a: Rotom|Rotom-Mow|100\/100\n|move|p2a: Rotom|Volt Switch|p1a: Rotom\n|-resisted|p1a: Rotom\n|-crit|p1a: Rotom\n|-damage|p1a: Rotom|93\/100\n|\n|switch|p2a: Gengar|Gengar, F|100\/100|[from]move: Volt Switch\n|\n|-heal|p1a: Rotom|99\/100|[from] item: Leftovers\n|upkeep\n|turn|6\n|\n|switch|p1a: Scizor|Scizor, M|100\/100\n|move|p2a: Gengar|Shadow Ball|p1a: Scizor\n|-damage|p1a: Scizor|53\/100\n|\n|upkeep\n|turn|7\n|\n|detailschange|p1a: Scizor|Scizor-Mega, M\n|-mega|p1a: Scizor|Scizor|Scizorite\n|move|p2a: Gengar|Shadow Ball|p1a: Scizor\n|-damage|p1a: Scizor|11\/100\n|-unboost|p1a: Scizor|spd|1\n|move|p1a: Scizor|Pursuit|p2a: Gengar\n|-supereffective|p2a: Gengar\n|-damage|p2a: Gengar|20\/100\n|\n|upkeep\n|turn|8\n|\n|move|p1a: Scizor|Bullet Punch|p2a: Gengar\n|-damage|p2a: Gengar|0 fnt\n|faint|p2a: Gengar\n|\n|upkeep\n|j| Insanity_Fang\n|\n|switch|p2a: Zygarde|Zygarde-10%|100\/100\n|-ability|p2a: Zygarde|Aura Break\n|turn|9\n|\n|switch|p1a: Avalugg|Avalugg, M|100\/100\n|move|p2a: Zygarde|Thousand Arrows|p1a: Avalugg\n|-damage|p1a: Avalugg|69\/100\n|\n|-heal|p1a: Avalugg|75\/100|[from] item: Leftovers\n|upkeep\n|turn|10\n|\n|switch|p2a: Rotom|Rotom-Wash|59\/100\n|move|p1a: Avalugg|Avalanche|p2a: Rotom\n|-resisted|p2a: Rotom\n|-damage|p2a: Rotom|50\/100\n|\n|-heal|p1a: Avalugg|81\/100|[from] item: Leftovers\n|upkeep\n|turn|11\n|\n|move|p2a: Rotom|Pain Split|p1a: Avalugg\n|-sethp|p1a: Avalugg|60\/100|[from] move: Pain Split|[silent]\n|-sethp|p2a: Rotom|77\/100|[from] move: Pain Split\n|move|p1a: Avalugg|Avalanche|p2a: Rotom\n|-resisted|p2a: Rotom\n|-damage|p2a: Rotom|69\/100\n|\n|-heal|p1a: Avalugg|66\/100|[from] item: Leftovers\n|upkeep\n|turn|12\n|\n|move|p2a: Rotom|Volt Switch|p1a: Avalugg\n|-damage|p1a: Avalugg|41\/100\n|\n|switch|p2a: Passimian|Passimian, F|100\/100|[from]move: Volt Switch\n|move|p1a: Avalugg|Recover|p1a: Avalugg\n|-heal|p1a: Avalugg|91\/100\n|\n|-heal|p1a: Avalugg|97\/100|[from] item: Leftovers\n|upkeep\n|turn|13\n|\n|move|p2a: Passimian|Knock Off|p1a: Avalugg\n|-damage|p1a: Avalugg|80\/100\n|-enditem|p1a: Avalugg|Leftovers|[from] move: Knock Off|[of] p2a: Passimian\n|move|p1a: Avalugg|Iron Defense|p1a: Avalugg\n|-boost|p1a: Avalugg|def|2\n|\n|upkeep\n|turn|14\n|\n|switch|p2a: Celesteela|Celesteela|100\/100\n|move|p1a: Avalugg|Iron Defense|p1a: Avalugg\n|-boost|p1a: Avalugg|def|2\n|\n|upkeep\n|turn|15\n|\n|move|p2a: Celesteela|Leech Seed|p1a: Avalugg\n|-start|p1a: Avalugg|move: Leech Seed\n|move|p1a: Avalugg|Body Press|p2a: Celesteela\n|-damage|p2a: Celesteela|46\/100\n|\n|-heal|p2a: Celesteela|52\/100|[from] item: Leftovers\n|-damage|p1a: Avalugg|68\/100|[from] Leech Seed|[of] p2a: Celesteela\n|-heal|p2a: Celesteela|64\/100|[silent]\n|upkeep\n|turn|16\n|l| Insanity_Fang\n|\n|move|p2a: Celesteela|Flamethrower|p1a: Avalugg\n|-supereffective|p1a: Avalugg\n|-damage|p1a: Avalugg|26\/100\n|move|p1a: Avalugg|Iron Defense|p1a: Avalugg\n|-boost|p1a: Avalugg|def|2\n|\n|-heal|p2a: Celesteela|70\/100|[from] item: Leftovers\n|-damage|p1a: Avalugg|13\/100|[from] Leech Seed|[of] p2a: Celesteela\n|-heal|p2a: Celesteela|82\/100|[silent]\n|upkeep\n|turn|17\n|\n|move|p2a: Celesteela|Flamethrower|p1a: Avalugg\n|-supereffective|p1a: Avalugg\n|-damage|p1a: Avalugg|0 fnt\n|faint|p1a: Avalugg\n|-ability|p2a: Celesteela|Beast Boost|boost\n|-boost|p2a: Celesteela|def|1\n|\n|-heal|p2a: Celesteela|88\/100|[from] item: Leftovers\n|upkeep\n|\n|switch|p1a: Victini|Victini|100\/100\n|turn|18\n|\n|move|p1a: Victini|V-create|p2a: Celesteela\n|-supereffective|p2a: Celesteela\n|-damage|p2a: Celesteela|1\/100\n|-unboost|p1a: Victini|spe|1\n|-unboost|p1a: Victini|def|1\n|-unboost|p1a: Victini|spd|1\n|move|p2a: Celesteela|Leech Seed|p1a: Victini\n|-start|p1a: Victini|move: Leech Seed\n|\n|-heal|p2a: Celesteela|7\/100|[from] item: Leftovers\n|-damage|p1a: Victini|88\/100|[from] Leech Seed|[of] p2a: Celesteela\n|-heal|p2a: Celesteela|18\/100|[silent]\n|upkeep\n|turn|19\n|\n|move|p2a: Celesteela|Protect|p2a: Celesteela\n|-singleturn|p2a: Celesteela|Protect\n|move|p1a: Victini|V-create|p2a: Celesteela\n|-activate|p2a: Celesteela|move: Protect\n|\n|-heal|p2a: Celesteela|24\/100|[from] item: Leftovers\n|-damage|p1a: Victini|76\/100|[from] Leech Seed|[of] p2a: Celesteela\n|-heal|p2a: Celesteela|34\/100|[silent]\n|upkeep\n|turn|20\n|\n|switch|p2a: Zygarde|Zygarde-10%|100\/100\n|-ability|p2a: Zygarde|Aura Break\n|move|p1a: Victini|V-create|p2a: Zygarde\n|-resisted|p2a: Zygarde\n|-damage|p2a: Zygarde|0 fnt\n|-unboost|p1a: Victini|spe|1\n|-unboost|p1a: Victini|def|1\n|-unboost|p1a: Victini|spd|1\n|faint|p2a: Zygarde\n|\n|upkeep\n|\n|switch|p2a: Rotom|Rotom-Wash|69\/100\n|turn|21\n|\n|switch|p1a: Rotom|Rotom-Mow|99\/100\n|move|p2a: Rotom|Hydro Pump|p1a: Rotom\n|-resisted|p1a: Rotom\n|-damage|p1a: Rotom|83\/100\n|\n|-heal|p1a: Rotom|89\/100|[from] item: Leftovers\n|upkeep\n|turn|22\n|\n|switch|p2a: Venusaur|Venusaur, M|100\/100\n|move|p1a: Rotom|Leaf Storm|p2a: Venusaur\n|-resisted|p2a: Venusaur\n|-damage|p2a: Venusaur|93\/100\n|-unboost|p1a: Rotom|spa|2\n|\n|-heal|p1a: Rotom|96\/100|[from] item: Leftovers\n|upkeep\n|turn|23\n|\n|detailschange|p2a: Venusaur|Venusaur-Mega, M\n|-mega|p2a: Venusaur|Venusaur|Venusaurite\n|move|p1a: Rotom|Volt Switch|p2a: Venusaur\n|-resisted|p2a: Venusaur\n|-damage|p2a: Venusaur|89\/100\n|\n|switch|p1a: Noivern|Noivern, F|62\/100|[from]move: Volt Switch\n|move|p2a: Venusaur|Knock Off|p1a: Noivern\n|-damage|p1a: Noivern|46\/100\n|\n|upkeep\n|turn|24\n|j| Kniops\n|\n|switch|p2a: Celesteela|Celesteela|34\/100\n|move|p1a: Noivern|Roost|p1a: Noivern\n|-heal|p1a: Noivern|96\/100\n|-singleturn|p1a: Noivern|move: Roost\n|\n|-heal|p2a: Celesteela|40\/100|[from] item: Leftovers\n|upkeep\n|turn|25\n|\n|move|p1a: Noivern|Heat Wave|p2a: Celesteela\n|-supereffective|p2a: Celesteela\n|-damage|p2a: Celesteela|0 fnt\n|faint|p2a: Celesteela\n|\n|upkeep\n|\n|switch|p2a: Rotom|Rotom-Wash|69\/100\n|turn|26\n|\n|move|p1a: Noivern|Hurricane|p2a: Rotom\n|-resisted|p2a: Rotom\n|-damage|p2a: Rotom|45\/100\n|move|p2a: Rotom|Pain Split|p1a: Noivern\n|-sethp|p1a: Noivern|68\/100|[from] move: Pain Split|[silent]\n|-sethp|p2a: Rotom|75\/100|[from] move: Pain Split\n|\n|upkeep\n|turn|27\n|\n|move|p1a: Noivern|U-turn|p2a: Rotom\n|-damage|p2a: Rotom|67\/100\n|\n|switch|p1a: Rotom|Rotom-Mow|96\/100|[from]move: U-turn\n|move|p2a: Rotom|Will-O-Wisp|p1a: Rotom\n|-status|p1a: Rotom|brn\n|\n|-heal|p1a: Rotom|100\/100 brn|[from] item: Leftovers\n|-damage|p1a: Rotom|94\/100 brn|[from] brn\n|upkeep\n|turn|28\n|\n|switch|p2a: Venusaur|Venusaur-Mega, M|89\/100\n|move|p1a: Rotom|Leaf Storm|p2a: Venusaur\n|-resisted|p2a: Venusaur\n|-damage|p2a: Venusaur|82\/100\n|-unboost|p1a: Rotom|spa|2\n|\n|-heal|p1a: Rotom|100\/100 brn|[from] item: Leftovers\n|-damage|p1a: Rotom|94\/100 brn|[from] brn\n|upkeep\n|turn|29\n|\n|move|p1a: Rotom|Volt Switch|p2a: Venusaur\n|-resisted|p2a: Venusaur\n|-damage|p2a: Venusaur|77\/100\n|\n|switch|p1a: Noivern|Noivern, F|68\/100|[from]move: Volt Switch\n|move|p2a: Venusaur|Leech Seed|p1a: Noivern\n|-start|p1a: Noivern|move: Leech Seed\n|\n|-damage|p1a: Noivern|56\/100|[from] Leech Seed|[of] p2a: Venusaur\n|-heal|p2a: Venusaur|89\/100|[silent]\n|upkeep\n|turn|30\n|\n|move|p1a: Noivern|Roost|p1a: Noivern\n|-heal|p1a: Noivern|100\/100\n|-singleturn|p1a: Noivern|move: Roost\n|move|p2a: Venusaur|Synthesis|p2a: Venusaur\n|-heal|p2a: Venusaur|100\/100\n|\n|-damage|p1a: Noivern|88\/100|[from] Leech Seed|[of] p2a: Venusaur\n|upkeep\n|turn|31\n|\n|switch|p2a: Rotom|Rotom-Wash|67\/100\n|move|p1a: Noivern|Hurricane|p2a: Rotom\n|-resisted|p2a: Rotom\n|-damage|p2a: Rotom|41\/100\n|\n|-damage|p1a: Noivern|76\/100|[from] Leech Seed|[of] p2a: Rotom\n|-heal|p2a: Rotom|54\/100|[silent]\n|upkeep\n|turn|32\n|\n|move|p1a: Noivern|U-turn|p2a: Rotom\n|-damage|p2a: Rotom|46\/100\n|\n|switch|p1a: Rotom|Rotom-Mow|94\/100 brn|[from]move: U-turn\n|move|p2a: Rotom|Hydro Pump|p1a: Rotom|[miss]\n|-miss|p2a: Rotom|p1a: Rotom\n|\n|-heal|p1a: Rotom|100\/100 brn|[from] item: Leftovers\n|-damage|p1a: Rotom|94\/100 brn|[from] brn\n|upkeep\n|turn|33\n|\n|move|p1a: Rotom|Volt Switch|p2a: Rotom\n|-damage|p2a: Rotom|19\/100\n|\n|switch|p1a: Primarina|Primarina, M|100\/100|[from]move: Volt Switch\n|move|p2a: Rotom|Volt Switch|p1a: Primarina\n|-supereffective|p1a: Primarina\n|-damage|p1a: Primarina|60\/100\n|\n|switch|p2a: Venusaur|Venusaur-Mega, M|100\/100|[from]move: Volt Switch\n|\n|upkeep\n|turn|34\n|\n|switch|p1a: Scizor|Scizor-Mega, M|11\/100\n|move|p2a: Venusaur|Leech Seed|p1a: Scizor\n|-start|p1a: Scizor|move: Leech Seed\n|\n|-damage|p1a: Scizor|0 fnt|[from] Leech Seed|[of] p2a: Venusaur\n|faint|p1a: Scizor\n|upkeep\n|\n|switch|p1a: Noivern|Noivern, F|76\/100\n|turn|35\n|\n|move|p1a: Noivern|Hurricane|p2a: Venusaur\n|-supereffective|p2a: Venusaur\n|-damage|p2a: Venusaur|48\/100\n|move|p2a: Venusaur|Leech Seed|p1a: Noivern\n|-start|p1a: Noivern|move: Leech Seed\n|\n|-damage|p1a: Noivern|64\/100|[from] Leech Seed|[of] p2a: Venusaur\n|-heal|p2a: Venusaur|59\/100|[silent]\n|upkeep\n|turn|36\n|\n|move|p1a: Noivern|Hurricane|p2a: Venusaur\n|-supereffective|p2a: Venusaur\n|-damage|p2a: Venusaur|0 fnt\n|faint|p2a: Venusaur\n|\n|upkeep\n|c|\u2606Walletinspector62|Gg\n|\n|switch|p2a: Rotom|Rotom-Wash|19\/100\n|turn|37\n|c|\u2606TOOXIC860|geeg\n|\n|move|p1a: Noivern|U-turn|p2a: Rotom\n|-damage|p2a: Rotom|11\/100\n|\n|switch|p1a: Rotom|Rotom-Mow|94\/100 brn|[from]move: U-turn\n|move|p2a: Rotom|Pain Split|p1a: Rotom\n|-sethp|p1a: Rotom|52\/100 brn|[from] move: Pain Split|[silent]\n|-sethp|p2a: Rotom|52\/100|[from] move: Pain Split\n|\n|-heal|p1a: Rotom|59\/100 brn|[from] item: Leftovers\n|-damage|p1a: Rotom|52\/100 brn|[from] brn\n|upkeep\n|turn|38\n|\n|move|p2a: Rotom|Hydro Pump|p1a: Rotom\n|-resisted|p1a: Rotom\n|-damage|p1a: Rotom|38\/100 brn\n|move|p1a: Rotom|Leaf Storm|p2a: Rotom\n|-supereffective|p2a: Rotom\n|-enditem|p2a: Rotom|Rindo Berry|[eat]\n|-enditem|p2a: Rotom|Rindo Berry|[weaken]\n|-damage|p2a: Rotom|7\/100\n|-unboost|p1a: Rotom|spa|2\n|\n|-heal|p1a: Rotom|44\/100 brn|[from] item: Leftovers\n|-damage|p1a: Rotom|38\/100 brn|[from] brn\n|upkeep\n|turn|39\n|\n|move|p2a: Rotom|Pain Split|p1a: Rotom\n|-sethp|p1a: Rotom|22\/100 brn|[from] move: Pain Split|[silent]\n|-sethp|p2a: Rotom|22\/100|[from] move: Pain Split\n|move|p1a: Rotom|Volt Switch|p2a: Rotom\n|-damage|p2a: Rotom|7\/100\n|\n|switch|p1a: Victini|Victini|76\/100|[from]move: Volt Switch\n|\n|upkeep\n|turn|40\n|\n|move|p1a: Victini|Zen Headbutt|p2a: Rotom\n|-damage|p2a: Rotom|0 fnt\n|faint|p2a: Rotom\n|\n|upkeep\n|\n|switch|p2a: Passimian|Passimian, F|100\/100\n|turn|41\n|\n|move|p2a: Passimian|Gunk Shot|p1a: Victini\n|-damage|p1a: Victini|35\/100\n|move|p1a: Victini|Zen Headbutt|p2a: Passimian\n|-supereffective|p2a: Passimian\n|-damage|p2a: Passimian|0 fnt\n|faint|p2a: Passimian\n|\n|win|TOOXIC860\n|l|\u2606Walletinspector62\n|c|\u2606TOOXIC860|gg\n","uploadtime":1584760387,"views":4,"p1id":"tooxic860","p2id":"walletinspector62","formatid":"gen8nationaldexdlclegacy","rating":0,"private":0,"password":null}