{"id":"sports-gen7draftleague-685916","p1":"Trick of Eye","p2":"AsterJ","format":"gen7draftleague","log":"|j|\u2606Trick of Eye\n|j|\u2606AsterJ\n|t:|1657571779\n|gametype|singles\n|player|p1|Trick of Eye|trickofeye.png|\n|player|p2|AsterJ|asterj.png|\n|teamsize|p1|6\n|teamsize|p2|6\n|gen|7\n|tier|[Gen 7] Draft League\n|rule|Sleep Clause Mod: Limit one foe put to sleep\n|rule|OHKO Clause: OHKO moves are banned\n|rule|Evasion Moves Clause: Evasion moves are banned\n|rule|Endless Battle Clause: Forcing endless battles is banned\n|rule|HP Percentage Mod: HP is shown in percentages\n|clearpoke\n|poke|p1|Raikou|item\n|poke|p1|Kommo-o, M|item\n|poke|p1|Crobat, M|item\n|poke|p1|Diancie|item\n|poke|p1|Krookodile, F|item\n|poke|p1|Lurantis, M|item\n|poke|p2|Scizor, F|item\n|poke|p2|Camerupt, M|item\n|poke|p2|Zeraora|item\n|poke|p2|Hydreigon, F|item\n|poke|p2|Serperior, F|item\n|poke|p2|Slowbro, F|item\n|teampreview\n|html|<button name=\"send\" class=\"button\" value=\"\/timer ds\"><i class=\"fa fa-hourglass-start\"><\/i> DS Timer<\/button> <button name=\"send\" class=\"button\" value=\"\/timer smogon\"><i class=\"fa fa-hourglass-start\"><\/i> Smogon Timer<\/button>\n|c|\u2606AsterJ|Gl hf bri\n|c|\u2606AsterJ|Bro*\n|c|\u2606Trick of Eye|u2\n|j| Sablolol\n|j|@PerfecteBlu\n|j| UnviaSlick\n|j|^King l5\n|j| Whimsicott7\n|j| Long Island Lugias\n|\n|t:|1657571816\n|start\n|switch|p1a: Krookodile|Krookodile, F|100\/100\n|switch|p2a: Scizor|Scizor, F|100\/100\n|-ability|p1a: Krookodile|Intimidate|boost\n|-unboost|p2a: Scizor|atk|1\n|turn|1\n|j| SAP IkeDreams\n|j| Los Amigos\n|j| Habaduh\n|\n|t:|1657571825\n|switch|p2a: Hydreigon|Hydreigon, F|100\/100\n|move|p1a: Krookodile|Stealth Rock|p2a: Hydreigon\n|-sidestart|p2: AsterJ|move: Stealth Rock\n|\n|upkeep\n|turn|2\n|j| white ceiling\n|j| The Master Update\n|j| ThinkingSceptile\n|j| DOOR MONEY\n|j| GCS'Conspiracy\n|j| hjkhj \u32db\n|j| fartballs45\n|l| fartballs45\n|\n|t:|1657571863\n|switch|p1a: Crobat|Crobat, M|100\/100\n|move|p2a: Hydreigon|Toxic|p1a: Crobat\n|-immune|p1a: Crobat\n|\n|upkeep\n|turn|3\n|j| BFO Ethanol\n|j| ChilisGrillNBar\n|j| Hogline\n|\n|t:|1657571870\n|move|p1a: Crobat|Toxic|p2a: Hydreigon\n|-status|p2a: Hydreigon|tox\n|move|p2a: Hydreigon|Dark Pulse|p1a: Crobat\n|-damage|p1a: Crobat|58\/100\n|\n|-damage|p2a: Hydreigon|94\/100 tox|[from] psn\n|upkeep\n|turn|4\n|\n|t:|1657571881\n|move|p1a: Crobat|Roost|p1a: Crobat\n|-heal|p1a: Crobat|100\/100\n|-singleturn|p1a: Crobat|move: Roost\n|move|p2a: Hydreigon|Dark Pulse|p1a: Crobat\n|-damage|p1a: Crobat|58\/100\n|\n|-damage|p2a: Hydreigon|82\/100 tox|[from] psn\n|upkeep\n|turn|5\n|\n|t:|1657571889\n|move|p1a: Crobat|Roost|p1a: Crobat\n|-heal|p1a: Crobat|100\/100\n|-singleturn|p1a: Crobat|move: Roost\n|move|p2a: Hydreigon|Earth Power|p1a: Crobat\n|-supereffective|p1a: Crobat\n|-damage|p1a: Crobat|44\/100\n|\n|-damage|p2a: Hydreigon|64\/100 tox|[from] psn\n|upkeep\n|turn|6\n|\n|t:|1657571909\n|switch|p1a: Diancie|Diancie|100\/100\n|switch|p2a: Zeraora|Zeraora|100\/100\n|-damage|p2a: Zeraora|88\/100|[from] Stealth Rock\n|\n|upkeep\n|turn|7\n|j| EGAWalreins\n|j| DoogalHH\n|\n|t:|1657571924\n|detailschange|p1a: Diancie|Diancie-Mega\n|-mega|p1a: Diancie|Diancie|Diancite\n|move|p2a: Zeraora|Calm Mind|p2a: Zeraora\n|-boost|p2a: Zeraora|spa|1\n|-boost|p2a: Zeraora|spd|1\n|move|p1a: Diancie|Earth Power|p2a: Zeraora\n|-supereffective|p2a: Zeraora\n|-enditem|p2a: Zeraora|Shuca Berry|[eat]\n|-enditem|p2a: Zeraora|Shuca Berry|[weaken]\n|-damage|p2a: Zeraora|55\/100\n|-unboost|p2a: Zeraora|spd|1\n|\n|upkeep\n|turn|8\n|l| GCS'Conspiracy\n|\n|t:|1657571942\n|move|p2a: Zeraora|Thunderbolt|p1a: Diancie\n|-damage|p1a: Diancie|26\/100\n|move|p1a: Diancie|Earth Power|p2a: Zeraora\n|-supereffective|p2a: Zeraora\n|-damage|p2a: Zeraora|0 fnt\n|faint|p2a: Zeraora\n|\n|upkeep\n|\n|t:|1657571953\n|switch|p2a: Serperior|Serperior, F|100\/100\n|-damage|p2a: Serperior|88\/100|[from] Stealth Rock\n|turn|9\n|j| Kniops\n|j| GCS'Conspiracy\n|\n|t:|1657571970\n|move|p1a: Diancie|Protect|p1a: Diancie\n|-singleturn|p1a: Diancie|Protect\n|move|p2a: Serperior|Leaf Storm|p1a: Diancie\n|-activate|p1a: Diancie|move: Protect\n|\n|upkeep\n|turn|10\n|\n|t:|1657571983\n|switch|p1a: Crobat|Crobat, M|44\/100\n|move|p2a: Serperior|Leaf Storm|p1a: Crobat\n|-resisted|p1a: Crobat\n|-damage|p1a: Crobat|35\/100\n|-boost|p2a: Serperior|spa|2\n|\n|upkeep\n|turn|11\n|j| bathe in her blood\n|l| GCS'Conspiracy\n|\n|t:|1657572016\n|move|p1a: Crobat|Toxic|p2a: Serperior\n|-status|p2a: Serperior|tox\n|-zpower|p2a: Serperior\n|move|p2a: Serperior|Shattered Psyche|p1a: Crobat|[zeffect]\n|-supereffective|p1a: Crobat\n|-damage|p1a: Crobat|0 fnt\n|faint|p1a: Crobat\n|\n|-damage|p2a: Serperior|82\/100 tox|[from] psn\n|upkeep\n|j| GCS'Conspiracy\n|\n|t:|1657572098\n|switch|p1a: Raikou|Raikou|100\/100\n|-ability|p1a: Raikou|Pressure\n|turn|12\n|\n|t:|1657572112\n|move|p1a: Raikou|Hidden Power|p2a: Serperior\n|-supereffective|p2a: Serperior\n|-damage|p2a: Serperior|48\/100 tox\n|move|p2a: Serperior|Leaf Storm|p1a: Raikou\n|-damage|p1a: Raikou|33\/100\n|-boost|p2a: Serperior|spa|2\n|\n|-heal|p1a: Raikou|39\/100|[from] item: Leftovers\n|-damage|p2a: Serperior|36\/100 tox|[from] psn\n|upkeep\n|turn|13\n|\n|t:|1657572143\n|switch|p2a: Camerupt|Camerupt, M|100\/100\n|-damage|p2a: Camerupt|88\/100|[from] Stealth Rock\n|move|p1a: Raikou|Hidden Power|p2a: Camerupt\n|-resisted|p2a: Camerupt\n|-damage|p2a: Camerupt|80\/100\n|\n|-heal|p1a: Raikou|45\/100|[from] item: Leftovers\n|-heal|p2a: Camerupt|86\/100|[from] item: Leftovers\n|upkeep\n|turn|14\n|l| GCS'Conspiracy\n|j| GCS'Conspiracy\n|j|@BoomBoomBoo\n|\n|t:|1657572162\n|move|p1a: Raikou|Toxic|p2a: Camerupt\n|-status|p2a: Camerupt|tox\n|move|p2a: Camerupt|Stealth Rock|p1a: Raikou\n|-sidestart|p1: Trick of Eye|move: Stealth Rock\n|\n|-heal|p1a: Raikou|51\/100|[from] item: Leftovers\n|-heal|p2a: Camerupt|92\/100 tox|[from] item: Leftovers\n|-damage|p2a: Camerupt|86\/100 tox|[from] psn\n|upkeep\n|turn|15\n|\n|t:|1657572172\n|switch|p1a: Krookodile|Krookodile, F|100\/100\n|-damage|p1a: Krookodile|94\/100|[from] Stealth Rock\n|-ability|p1a: Krookodile|Intimidate|boost\n|-unboost|p2a: Camerupt|atk|1\n|move|p2a: Camerupt|Earthquake|p1a: Krookodile\n|-damage|p1a: Krookodile|76\/100\n|\n|-heal|p2a: Camerupt|92\/100 tox|[from] item: Leftovers\n|-damage|p2a: Camerupt|80\/100 tox|[from] psn\n|upkeep\n|turn|16\n|j| arezuwu\n|\n|t:|1657572201\n|move|p1a: Krookodile|Earthquake|p2a: Camerupt\n|-supereffective|p2a: Camerupt\n|-damage|p2a: Camerupt|11\/100 tox\n|move|p2a: Camerupt|Earth Power|p1a: Krookodile\n|-damage|p1a: Krookodile|48\/100\n|-unboost|p1a: Krookodile|spd|1\n|\n|-heal|p2a: Camerupt|17\/100 tox|[from] item: Leftovers\n|-damage|p2a: Camerupt|0 fnt|[from] psn\n|faint|p2a: Camerupt\n|upkeep\n|\n|t:|1657572211\n|switch|p2a: Serperior|Serperior, F|36\/100 tox\n|-damage|p2a: Serperior|23\/100 tox|[from] Stealth Rock\n|turn|17\n|j| Mantykester United\n|j| Count Riario\n|j| J2411\n|c|^King l5|im looking thru the calc for mixed attacking camerupt and i cant find it\n|c|^King l5|is this a novel idea?\n|j| rhv moment\n|c| Count Riario|no\n|\n|t:|1657572288\n|switch|p1a: Raikou|Raikou|51\/100\n|-damage|p1a: Raikou|39\/100|[from] Stealth Rock\n|-ability|p1a: Raikou|Pressure\n|move|p2a: Serperior|Leaf Storm|p1a: Raikou\n|-damage|p1a: Raikou|4\/100\n|-boost|p2a: Serperior|spa|2\n|\n|-heal|p1a: Raikou|10\/100|[from] item: Leftovers\n|-damage|p2a: Serperior|17\/100 tox|[from] psn\n|upkeep\n|turn|18\n|j| Odindark23\n|\n|t:|1657572323\n|switch|p2a: Hydreigon|Hydreigon, F|64\/100 tox\n|-damage|p2a: Hydreigon|52\/100 tox|[from] Stealth Rock\n|move|p1a: Raikou|Hidden Power|p2a: Hydreigon\n|-resisted|p2a: Hydreigon\n|-damage|p2a: Hydreigon|44\/100 tox\n|\n|-heal|p1a: Raikou|16\/100|[from] item: Leftovers\n|-damage|p2a: Hydreigon|38\/100 tox|[from] psn\n|upkeep\n|turn|19\n|\n|t:|1657572386\n|move|p1a: Raikou|Thunderbolt|p2a: Hydreigon\n|-resisted|p2a: Hydreigon\n|-damage|p2a: Hydreigon|22\/100 tox\n|move|p2a: Hydreigon|Earth Power|p1a: Raikou\n|-supereffective|p1a: Raikou\n|-damage|p1a: Raikou|0 fnt\n|faint|p1a: Raikou\n|\n|-damage|p2a: Hydreigon|10\/100 tox|[from] psn\n|upkeep\n|\n|t:|1657572392\n|switch|p1a: Diancie|Diancie-Mega|26\/100\n|-damage|p1a: Diancie|14\/100|[from] Stealth Rock\n|turn|20\n|\n|t:|1657572398\n|move|p1a: Diancie|Moonblast|p2a: Hydreigon\n|-supereffective|p2a: Hydreigon\n|-damage|p2a: Hydreigon|0 fnt\n|faint|p2a: Hydreigon\n|\n|upkeep\n|j| mrmiddleman\n|j| Shuckle15\n|\n|t:|1657572423\n|switch|p2a: Scizor|Scizor, F|100\/100\n|-damage|p2a: Scizor|88\/100|[from] Stealth Rock\n|turn|21\n|\n|t:|1657572430\n|detailschange|p2a: Scizor|Scizor-Mega, F\n|-mega|p2a: Scizor|Scizor|Scizorite\n|move|p2a: Scizor|Bullet Punch|p1a: Diancie\n|-supereffective|p1a: Diancie\n|-damage|p1a: Diancie|0 fnt\n|faint|p1a: Diancie\n|\n|upkeep\n|\n|t:|1657572459\n|switch|p1a: Krookodile|Krookodile, F|48\/100\n|-damage|p1a: Krookodile|41\/100|[from] Stealth Rock\n|-ability|p1a: Krookodile|Intimidate|boost\n|-unboost|p2a: Scizor|atk|1\n|turn|22\n|j| Lemurro\n|l| GCS'Conspiracy\n|j| GCS'Conspiracy\n|\n|t:|1657572515\n|move|p1a: Krookodile|Fire Fang|p2a: Scizor\n|-supereffective|p2a: Scizor\n|-damage|p2a: Scizor|49\/100\n|move|p2a: Scizor|Swords Dance|p2a: Scizor\n|-boost|p2a: Scizor|atk|2\n|\n|upkeep\n|turn|23\n|\n|t:|1657572530\n|move|p2a: Scizor|Bullet Punch|p1a: Krookodile\n|-damage|p1a: Krookodile|0 fnt\n|faint|p1a: Krookodile\n|\n|upkeep\n|\n|t:|1657572532\n|switch|p1a: Kommo-o|Kommo-o, M|100\/100\n|-damage|p1a: Kommo-o|95\/100|[from] Stealth Rock\n|turn|24\n|\n|t:|1657572540\n|switch|p2a: Slowbro|Slowbro, F|100\/100\n|-damage|p2a: Slowbro|88\/100|[from] Stealth Rock\n|move|p1a: Kommo-o|Fire Punch|p2a: Slowbro\n|-resisted|p2a: Slowbro\n|-damage|p2a: Slowbro|80\/100\n|\n|upkeep\n|turn|25\n|\n|t:|1657572557\n|move|p1a: Kommo-o|Dragon Dance|p1a: Kommo-o\n|-boost|p1a: Kommo-o|atk|1\n|-boost|p1a: Kommo-o|spe|1\n|move|p2a: Slowbro|Psychic|p1a: Kommo-o\n|-supereffective|p1a: Kommo-o\n|-damage|p1a: Kommo-o|31\/100\n|\n|upkeep\n|turn|26\n|l| GCS'Conspiracy\n|j| GCS'Conspiracy\n|l| J2411\n|n| Hullbury Sean|bfoethanol\n|j| FJ2K\n|\n|t:|1657572669\n|switch|p1a: Lurantis|Lurantis, M|100\/100\n|-damage|p1a: Lurantis|88\/100|[from] Stealth Rock\n|switch|p2a: Serperior|Serperior, F|17\/100 tox\n|-damage|p2a: Serperior|5\/100 tox|[from] Stealth Rock\n|\n|-heal|p1a: Lurantis|94\/100|[from] item: Leftovers\n|-damage|p2a: Serperior|0 fnt|[from] psn\n|faint|p2a: Serperior\n|upkeep\n|l| rhv moment\n|\n|t:|1657572680\n|switch|p2a: Scizor|Scizor-Mega, F|49\/100\n|-damage|p2a: Scizor|36\/100|[from] Stealth Rock\n|turn|27\n|n| BFO methanol|mantykesterunited\n|j| rhv moment\n|\n|t:|1657572709\n|move|p2a: Scizor|U-turn|p1a: Lurantis\n|-supereffective|p1a: Lurantis\n|-damage|p1a: Lurantis|31\/100\n|\n|t:|1657572711\n|switch|p2a: Slowbro|Slowbro, F|100\/100|[from]move: U-turn\n|-damage|p2a: Slowbro|88\/100|[from] Stealth Rock\n|move|p1a: Lurantis|Superpower|p2a: Slowbro\n|-resisted|p2a: Slowbro\n|-damage|p2a: Slowbro|78\/100\n|-boost|p1a: Lurantis|atk|1\n|-boost|p1a: Lurantis|def|1\n|\n|-heal|p1a: Lurantis|37\/100|[from] item: Leftovers\n|upkeep\n|turn|28\n|j| phytons W\n|c| hjkhj \u32db|lurantis gg time\n|\n|t:|1657572759\n|move|p1a: Lurantis|Synthesis|p1a: Lurantis\n|-heal|p1a: Lurantis|87\/100\n|move|p2a: Slowbro|Psychic|p1a: Lurantis\n|-damage|p1a: Lurantis|56\/100\n|\n|-heal|p1a: Lurantis|62\/100|[from] item: Leftovers\n|upkeep\n|turn|29\n|\n|t:|1657572768\n|switch|p2a: Scizor|Scizor-Mega, F|36\/100\n|-damage|p2a: Scizor|24\/100|[from] Stealth Rock\n|move|p1a: Lurantis|Superpower|p2a: Scizor\n|-damage|p2a: Scizor|0 fnt\n|-boost|p1a: Lurantis|atk|1\n|-boost|p1a: Lurantis|def|1\n|faint|p2a: Scizor\n|\n|-heal|p1a: Lurantis|68\/100|[from] item: Leftovers\n|upkeep\n|c| DOOR MONEY|gg\n|c| Count Riario|gone\n|c|\u2606AsterJ|Gg\n|\n|t:|1657572778\n|switch|p2a: Slowbro|Slowbro, F|100\/100\n|-damage|p2a: Slowbro|88\/100|[from] Stealth Rock\n|turn|30\n|c| bathe in her blood|holy smokes\n|\n|t:|1657572781\n|move|p1a: Lurantis|Leaf Storm|p2a: Slowbro\n|-supereffective|p2a: Slowbro\n|-damage|p2a: Slowbro|45\/100\n|-boost|p1a: Lurantis|spa|2\n|move|p2a: Slowbro|Psychic|p1a: Lurantis\n|-damage|p1a: Lurantis|37\/100\n|\n|-heal|p1a: Lurantis|44\/100|[from] item: Leftovers\n|upkeep\n|turn|31\n|c|\u2606AsterJ|I brought the wrong team\n|c| hjkhj \u32db|lurantis my goat \n|c|\u2606AsterJ|Gdi\n|c|\u2606AsterJ|Playing on phone lol\n|c|\u2606Trick of Eye|gg\n|\n|t:|1657572801\n|move|p1a: Lurantis|Synthesis|p1a: Lurantis\n|-heal|p1a: Lurantis|94\/100\n|move|p2a: Slowbro|Psychic|p1a: Lurantis\n|-damage|p1a: Lurantis|64\/100\n|-boost|p1a: Lurantis|spd|1\n|\n|-heal|p1a: Lurantis|70\/100|[from] item: Leftovers\n|upkeep\n|turn|32\n|\n|t:|1657572806\n|move|p1a: Lurantis|Leaf Storm|p2a: Slowbro\n|-supereffective|p2a: Slowbro\n|-damage|p2a: Slowbro|0 fnt\n|-boost|p1a: Lurantis|spa|2\n|faint|p2a: Slowbro\n|\n|win|Trick of Eye\n|l| Los Amigos\n|l| Shuckle15\n|l| DoogalHH\n|l| Habaduh\n|l| Hogline\n|l| hjkhj \u32db\n|l| Odindark23\n|l| white ceiling\n|l| mrmiddleman\n|l| bathe in her blood\n|l| Kniops\n|l| phytons W\n|l| Hullbury Sean\n|l| The Master Update\n|l| Whimsicott7\n","uploadtime":1657572816,"views":125,"p1id":"trickofeye","p2id":"asterj","formatid":"gen7draftleague","rating":0,"private":0,"password":null}