{"id":"sports-gen8nationaldexdraft-564516","p1":"gaijineagle","p2":"RTToucannons","format":"gen8nationaldexdraft","log":"|j|\u2606gaijineagle\n|j|\u2606RTToucannons\n|t:|1641132080\n|gametype|singles\n|player|p1|gaijineagle|102|\n|player|p2|RTToucannons|birdkeeper|\n|teamsize|p1|6\n|teamsize|p2|6\n|gen|8\n|tier|[Gen 8] National Dex Draft\n|rule|Sleep Clause Mod: Limit one foe put to sleep\n|rule|OHKO Clause: OHKO moves are banned\n|rule|Evasion Moves Clause: Evasion moves are banned\n|rule|Endless Battle Clause: Forcing endless battles is banned\n|rule|HP Percentage Mod: HP is shown in percentages\n|rule|Dynamax Clause: You cannot dynamax\n|clearpoke\n|poke|p1|Lucario, M|\n|poke|p1|Duosion, M|\n|poke|p1|Golisopod, F|\n|poke|p1|Lanturn, F|\n|poke|p1|Zangoose, F|\n|poke|p1|Cutiefly, M|\n|poke|p2|Jolteon, M|\n|poke|p2|Cobalion|\n|poke|p2|Donphan, M|\n|poke|p2|Absol, M|\n|poke|p2|Morpeko, F|\n|poke|p2|Spiritomb, F|\n|teampreview\n|html|<button name=\"send\" class=\"button\" value=\"\/timer ds\"><i class=\"fa fa-hourglass-start\"><\/i> DS Timer<\/button> <button name=\"send\" class=\"button\" value=\"\/timer smogon\"><i class=\"fa fa-hourglass-start\"><\/i> Smogon Timer<\/button>\n|c|\u2606gaijineagle|let me link this\n|c|\u2606gaijineagle|brb\n|j| PorygonTheBot\n|c| PorygonTheBot|y'all are stupid\n|c|\u2606gaijineagle|hf \n|c|\u2606RTToucannons|u2\n|\n|t:|1641132240\n|start\n|switch|p1a: Lucario|Lucario, M|100\/100\n|switch|p2a: Absol|Absol, M|100\/100\n|-ability|p2a: Absol|Pressure\n|turn|1\n|\n|t:|1641132266\n|detailschange|p2a: Absol|Absol-Mega, M\n|-mega|p2a: Absol|Absol|Absolite\n|move|p2a: Absol|Protect|p2a: Absol\n|-singleturn|p2a: Absol|Protect\n|move|p1a: Lucario|Vacuum Wave|p2a: Absol\n|-activate|p2a: Absol|move: Protect\n|\n|upkeep\n|turn|2\n|\n|t:|1641132285\n|switch|p2a: Spiritomb|Spiritomb, F|100\/100\n|move|p1a: Lucario|Vacuum Wave|p2a: Spiritomb\n|-immune|p2a: Spiritomb\n|\n|upkeep\n|turn|3\n|\n|t:|1641132347\n|switch|p1a: Golisopod|Golisopod, F|100\/100\n|move|p2a: Spiritomb|Substitute|p2a: Spiritomb\n|-start|p2a: Spiritomb|Substitute\n|-damage|p2a: Spiritomb|75\/100\n|\n|-heal|p2a: Spiritomb|82\/100|[from] item: Leftovers\n|upkeep\n|turn|4\n|\n|t:|1641132357\n|move|p1a: Golisopod|Knock Off|p2a: Spiritomb\n|-crit|p2a: Spiritomb\n|-end|p2a: Spiritomb|Substitute\n|move|p2a: Spiritomb|Toxic|p1a: Golisopod\n|-status|p1a: Golisopod|tox\n|\n|-heal|p2a: Spiritomb|88\/100|[from] item: Leftovers\n|-damage|p1a: Golisopod|95\/100 tox|[from] psn\n|upkeep\n|turn|5\n|\n|t:|1641132400\n|switch|p1a: Zangoose|Zangoose, F|100\/100\n|move|p2a: Spiritomb|Protect||[still]\n|-fail|p2a: Spiritomb\n|\n|-heal|p2a: Spiritomb|94\/100|[from] item: Leftovers\n|-status|p1a: Zangoose|tox|[from] item: Toxic Orb\n|upkeep\n|turn|6\n|\n|t:|1641132451\n|switch|p2a: Donphan|Donphan, M|100\/100\n|move|p1a: Zangoose|Knock Off|p2a: Donphan\n|-damage|p2a: Donphan|61\/100\n|-enditem|p2a: Donphan|Leftovers|[from] move: Knock Off|[of] p1a: Zangoose\n|\n|-damage|p1a: Zangoose|95\/100 tox|[from] psn\n|upkeep\n|turn|7\n|\n|t:|1641132464\n|move|p1a: Zangoose|Facade|p2a: Donphan\n|-damage|p2a: Donphan|0 fnt\n|faint|p2a: Donphan\n|\n|-damage|p1a: Zangoose|83\/100 tox|[from] psn\n|upkeep\n|\n|t:|1641132473\n|switch|p2a: Absol|Absol-Mega, M|100\/100\n|turn|8\n|\n|t:|1641132534\n|switch|p1a: Cutiefly|Cutiefly, M|100\/100\n|move|p2a: Absol|Close Combat|p1a: Cutiefly\n|-resisted|p1a: Cutiefly\n|-damage|p1a: Cutiefly|88\/100\n|-unboost|p2a: Absol|def|1\n|-unboost|p2a: Absol|spd|1\n|\n|upkeep\n|turn|9\n|\n|t:|1641132578\n|switch|p2a: Cobalion|Cobalion|100\/100\n|move|p1a: Cutiefly|Moonblast|p2a: Cobalion\n|-damage|p2a: Cobalion|73\/100\n|\n|upkeep\n|turn|10\n|\n|t:|1641132608\n|switch|p1a: Golisopod|Golisopod, F|95\/100 tox\n|move|p2a: Cobalion|Iron Head|p1a: Golisopod\n|-resisted|p1a: Golisopod\n|-damage|p1a: Golisopod|72\/100 tox\n|\n|-damage|p1a: Golisopod|66\/100 tox|[from] psn\n|upkeep\n|turn|11\n|j| CG12\n|\n|t:|1641132635\n|switch|p2a: Spiritomb|Spiritomb, F|94\/100\n|move|p1a: Golisopod|Liquidation|p2a: Spiritomb\n|-damage|p2a: Spiritomb|25\/100\n|\n|-heal|p2a: Spiritomb|31\/100|[from] item: Leftovers\n|-damage|p1a: Golisopod|54\/100 tox|[from] psn\n|upkeep\n|turn|12\n|\n|t:|1641132670\n|move|p1a: Golisopod|Liquidation|p2a: Spiritomb\n|-damage|p2a: Spiritomb|0 fnt\n|faint|p2a: Spiritomb\n|\n|-damage|p1a: Golisopod|36\/100 tox|[from] psn\n|upkeep\n|-activate|p1a: Golisopod|ability: Emergency Exit\n|\n|t:|1641132737\n|switch|p1a: Lucario|Lucario, M|100\/100\n|\n|t:|1641132771\n|switch|p2a: Absol|Absol-Mega, M|100\/100\n|turn|13\n|\n|t:|1641132786\n|move|p1a: Lucario|Vacuum Wave|p2a: Absol\n|-supereffective|p2a: Absol\n|-damage|p2a: Absol|0 fnt\n|faint|p2a: Absol\n|\n|upkeep\n|\n|t:|1641132815\n|switch|p2a: Jolteon|Jolteon, M|100\/100\n|turn|14\n|l| CG12\n|\n|t:|1641132827\n|switch|p1a: Lanturn|Lanturn, F|100\/100\n|move|p2a: Jolteon|Thunderbolt|p1a: Lanturn\n|-immune|p1a: Lanturn|[from] ability: Volt Absorb\n|\n|upkeep\n|turn|15\n|\n|t:|1641132835\n|move|p2a: Jolteon|Substitute|p2a: Jolteon\n|-start|p2a: Jolteon|Substitute\n|-damage|p2a: Jolteon|76\/100\n|move|p1a: Lanturn|Volt Switch|p2a: Jolteon\n|-heal|p2a: Jolteon|100\/100|[from] ability: Volt Absorb|[of] p1a: Lanturn\n|\n|upkeep\n|turn|16\n|\n|t:|1641132845\n|move|p2a: Jolteon|Toxic|p1a: Lanturn\n|-status|p1a: Lanturn|tox\n|move|p1a: Lanturn|Scald|p2a: Jolteon\n|-activate|p2a: Jolteon|move: Substitute|[damage]\n|\n|-damage|p1a: Lanturn|94\/100 tox|[from] psn\n|upkeep\n|turn|17\n|j| cacaonuts_\n|\n|t:|1641132865\n|move|p2a: Jolteon|Substitute|p2a: Jolteon\n|-fail|p2a: Jolteon|move: Substitute\n|move|p1a: Lanturn|Scald|p2a: Jolteon\n|-end|p2a: Jolteon|Substitute\n|\n|-heal|p1a: Lanturn|100\/100 tox|[from] item: Leftovers\n|-damage|p1a: Lanturn|88\/100 tox|[from] psn\n|upkeep\n|turn|18\n|c| cacaonuts_|is this a league where u can only get low tiers \n|\n|t:|1641132873\n|switch|p1a: Zangoose|Zangoose, F|83\/100 tox\n|move|p2a: Jolteon|Substitute|p2a: Jolteon\n|-start|p2a: Jolteon|Substitute\n|-damage|p2a: Jolteon|76\/100\n|\n|-heal|p2a: Jolteon|82\/100|[from] item: Leftovers\n|-damage|p1a: Zangoose|77\/100 tox|[from] psn\n|upkeep\n|turn|19\n|\n|t:|1641132888\n|move|p1a: Zangoose|Quick Attack|p2a: Jolteon\n|-end|p2a: Jolteon|Substitute\n|move|p2a: Jolteon|Thunderbolt|p1a: Zangoose\n|-damage|p1a: Zangoose|0 fnt\n|faint|p1a: Zangoose\n|\n|-heal|p2a: Jolteon|88\/100|[from] item: Leftovers\n|upkeep\n|\n|t:|1641132896\n|switch|p1a: Golisopod|Golisopod, F|36\/100 tox\n|turn|20\n|c|\u2606RTToucannons|woo! not gettin 6-0'd!\n|\n|t:|1641132915\n|move|p1a: Golisopod|First Impression|p2a: Jolteon\n|-damage|p2a: Jolteon|0 fnt\n|faint|p2a: Jolteon\n|\n|-damage|p1a: Golisopod|30\/100 tox|[from] psn\n|upkeep\n|\n|t:|1641132924\n|switch|p2a: Cobalion|Cobalion|73\/100\n|turn|21\n|\n|t:|1641132954\n|switch|p1a: Cutiefly|Cutiefly, M|88\/100\n|move|p2a: Cobalion|Volt Switch|p1a: Cutiefly\n|-damage|p1a: Cutiefly|67\/100\n|\n|t:|1641132960\n|switch|p2a: Morpeko|Morpeko, F|100\/100|[from]move: Volt Switch\n|\n|-formechange|p2a: Morpeko|Morpeko-Hangry||[from] ability: Hunger Switch\n|upkeep\n|turn|22\n|c| cacaonuts_|is this a low tiers league?\n|\n|t:|1641132985\n|move|p2a: Morpeko|Parting Shot|p1a: Cutiefly\n|-unboost|p1a: Cutiefly|atk|1\n|-unboost|p1a: Cutiefly|spa|1\n|\n|t:|1641132992\n|switch|p2a: Cobalion|Cobalion|73\/100|[from]move: Parting Shot\n|move|p1a: Cutiefly|Moonblast|p2a: Cobalion\n|-damage|p2a: Cobalion|56\/100\n|\n|upkeep\n|turn|23\n|\n|t:|1641133009\n|move|p2a: Cobalion|Stone Edge|p1a: Cutiefly\n|-supereffective|p1a: Cutiefly\n|-damage|p1a: Cutiefly|0 fnt\n|faint|p1a: Cutiefly\n|\n|upkeep\n|\n|t:|1641133011\n|switch|p1a: Lucario|Lucario, M|100\/100\n|turn|24\n|\n|t:|1641133019\n|move|p1a: Lucario|Vacuum Wave|p2a: Cobalion\n|-supereffective|p2a: Cobalion\n|-damage|p2a: Cobalion|0 fnt\n|faint|p2a: Cobalion\n|\n|upkeep\n|\n|t:|1641133023\n|switch|p2a: Morpeko|Morpeko, F|100\/100\n|turn|25\n|\n|t:|1641133029\n|move|p1a: Lucario|Vacuum Wave|p2a: Morpeko\n|-supereffective|p2a: Morpeko\n|-crit|p2a: Morpeko\n|-damage|p2a: Morpeko|0 fnt\n|faint|p2a: Morpeko\n|\n|win|gaijineagle\n|c|\u2606gaijineagle|gg brother\n|l| PorygonTheBot\n|c|\u2606RTToucannons|gg lol\n|c|\u2606RTToucannons|was that specs lucario?\n|c|\u2606gaijineagle|yes\n|c|\u2606gaijineagle|this is the team:\n|c|\u2606gaijineagle|https:\/\/pokepast.es\/2bc61f29f59e639a\n|c|\u2606RTToucannons|lol figured, otherwise it was a roll to kill\n|c|\u2606RTToucannons|https:\/\/pokepast.es\/d274520c9e0b8340\n|c|\u2606RTToucannons|i figured you'd bring life orb\n|c|\u2606RTToucannons|252+ SpA Life Orb Lucario Vacuum Wave vs. 92 HP \/ 0 SpD Absol-Mega: 260-307 (88.4 - 104.4%) -- 25% chance to OHKO\n|c|\u2606gaijineagle|yea, originally\n|c|\u2606gaijineagle|it was LO\n|c|\u2606gaijineagle|but then, looking at your team\n|c|\u2606gaijineagle|it was hard to find an opportunity to set up\n|c|\u2606gaijineagle|so I thought might as well come w specs\n|c|\u2606gaijineagle|and have the added power for more situations\n|c|\u2606gaijineagle|i was thinking\n|l| cacaonuts_\n|c|\u2606gaijineagle|you'd bring TR\n|j| cacaonuts_\n|c|\u2606gaijineagle|how come you didn't bring Stakataka\n|l| cacaonuts_\n|c|\u2606RTToucannons|The weird Jolteon set was to get the lowest chance that Lanturn could break sub\n|c|\u2606RTToucannons|I wanted to go TR at first tbh, but i didnt feel right\n|c|\u2606RTToucannons|Even debated on Sash Staka for a while\n|c|\u2606gaijineagle|ah, I see\n|c|\u2606gaijineagle|yea, my main worry was how to handle the stakataka\n|c|\u2606RTToucannons|Sash, Atk > Def, Autotomize\n|c|\u2606RTToucannons|was stupid, but woulda been hilarious\\\n|c|\u2606gaijineagle|ha ha, fr\n|c|\u2606gaijineagle|btw, how does the tour work\n|c|\u2606RTToucannons|I assumed it's single elimination\n|c|\u2606gaijineagle|is it single elim?\n|c|\u2606gaijineagle|oh, shoot\n|c|\u2606gaijineagle|oh\n|c|\u2606RTToucannons|bc of the brackets system they did\n|c|\u2606gaijineagle|also, how come you\n|c|\u2606gaijineagle|didnt bring pangoro?\n|c|\u2606gaijineagle|that mon is also really scary\n|c|\u2606gaijineagle|so I was expecting those two\n|c|\u2606gaijineagle|pang and staka\n|c|\u2606RTToucannons|bc i didnt bring TR lol\n|c|\u2606gaijineagle|ha ha, yea, I guess that's true\n|c|\u2606RTToucannons|I freaked tf out when that oneshot Absol, like there was no way it wasnt specs at that point lol\n|c|\u2606RTToucannons|At first I assumed you'd be scarf on Luc bc your speed tiers are kind garbage. but that doesnt matter if you have good priority\n|c|\u2606gaijineagle|yea, the team has very good priority w 3 mons, that's a really good advantage\n|c|\u2606RTToucannons|lol yeah, anyways, gg again, and have a good day man!\n|l|\u2606RTToucannons\n|c|\u2606gaijineagle|you too bro!\n","uploadtime":1641133031,"views":44,"p1id":"gaijineagle","p2id":"rttoucannons","formatid":"gen8nationaldexdraft","rating":0,"private":0,"password":null}