{"id":"sports-gen8nationaldexdraft-616649","p1":"AsterJ","p2":"PGS Ice","format":"gen8nationaldexdraft","log":"|j|\u2606AsterJ\n|j|\u2606PGS Ice\n|t:|1647814901\n|gametype|singles\n|player|p1|AsterJ|asterj.png|\n|player|p2|PGS Ice|pgsice.png|\n|teamsize|p1|6\n|teamsize|p2|6\n|gen|8\n|tier|[Gen 8] National Dex Draft\n|rule|Sleep Clause Mod: Limit one foe put to sleep\n|rule|OHKO Clause: OHKO moves are banned\n|rule|Evasion Moves Clause: Evasion moves are banned\n|rule|Endless Battle Clause: Forcing endless battles is banned\n|rule|HP Percentage Mod: HP is shown in percentages\n|rule|Dynamax Clause: You cannot dynamax\n|clearpoke\n|poke|p1|Volcanion|\n|poke|p1|Tapu Fini|\n|poke|p1|Ferrothorn, M|\n|poke|p1|Gallade, M|\n|poke|p1|Rhyperior, F|\n|poke|p1|Mandibuzz, F|\n|poke|p2|Landorus-Therian, M|\n|poke|p2|Slowking-Galar, M|\n|poke|p2|Milotic, M|\n|poke|p2|Comfey, F|\n|poke|p2|Sneasel, M|\n|poke|p2|Manectric, M|\n|teampreview\n|html|<button name=\"send\" class=\"button\" value=\"\/timer ds\"><i class=\"fa fa-hourglass-start\"><\/i> DS Timer<\/button> <button name=\"send\" class=\"button\" value=\"\/timer smogon\"><i class=\"fa fa-hourglass-start\"><\/i> Smogon Timer<\/button>\n|c|\u2606PGS Ice|glhf king\n|c|\u2606AsterJ|Hf man!\n|\n|t:|1647814970\n|start\n|switch|p1a: Volcanion|Volcanion|100\/100\n|switch|p2a: Landorus|Landorus-Therian, M|100\/100\n|-ability|p2a: Landorus|Intimidate|boost\n|-unboost|p1a: Volcanion|atk|1\n|turn|1\n|j| bloodcrawler1\n|\n|t:|1647814978\n|switch|p2a: Milotic|Milotic, M|100\/100\n|move|p1a: Volcanion|Steam Eruption|p2a: Milotic\n|-resisted|p2a: Milotic\n|-damage|p2a: Milotic|81\/100\n|\n|upkeep\n|turn|2\n|\n|t:|1647814989\n|switch|p1a: Ferrothorn|Ferrothorn, M|100\/100\n|move|p2a: Milotic|Flip Turn|p1a: Ferrothorn\n|-resisted|p1a: Ferrothorn\n|-damage|p1a: Ferrothorn|97\/100\n|-damage|p2a: Milotic|68\/100|[from] ability: Iron Barbs|[of] p1a: Ferrothorn\n|-damage|p2a: Milotic|52\/100|[from] item: Rocky Helmet|[of] p1a: Ferrothorn\n|\n|t:|1647815001\n|switch|p2a: Slowking|Slowking-Galar, M|100\/100|[from]move: Flip Turn\n|\n|upkeep\n|turn|3\n|\n|t:|1647815010\n|switch|p1a: Volcanion|Volcanion|100\/100\n|move|p2a: Slowking|Calm Mind|p2a: Slowking\n|-boost|p2a: Slowking|spa|1\n|-boost|p2a: Slowking|spd|1\n|\n|upkeep\n|turn|4\n|\n|t:|1647815015\n|move|p1a: Volcanion|Earthquake|p2a: Slowking\n|-supereffective|p2a: Slowking\n|-enditem|p2a: Slowking|Shuca Berry|[eat]\n|-enditem|p2a: Slowking|Shuca Berry|[weaken]\n|-damage|p2a: Slowking|80\/100\n|move|p2a: Slowking|Psyshock|p1a: Volcanion\n|-damage|p1a: Volcanion|61\/100\n|\n|upkeep\n|turn|5\n|\n|t:|1647815024\n|move|p1a: Volcanion|Earthquake|p2a: Slowking\n|-supereffective|p2a: Slowking\n|-damage|p2a: Slowking|42\/100\n|move|p2a: Slowking|Psyshock|p1a: Volcanion\n|-damage|p1a: Volcanion|24\/100\n|\n|upkeep\n|turn|6\n|\n|t:|1647815047\n|switch|p1a: Rhyperior|Rhyperior, F|100\/100\n|switch|p2a: Landorus|Landorus-Therian, M|100\/100\n|-ability|p2a: Landorus|Intimidate|boost\n|-unboost|p1a: Rhyperior|atk|1\n|\n|upkeep\n|turn|7\n|\n|t:|1647815053\n|switch|p1a: Mandibuzz|Mandibuzz, F|100\/100\n|move|p2a: Landorus|Substitute|p2a: Landorus\n|-start|p2a: Landorus|Substitute\n|-damage|p2a: Landorus|76\/100\n|\n|-heal|p2a: Landorus|82\/100|[from] item: Leftovers\n|upkeep\n|turn|8\n|\n|t:|1647815058\n|move|p2a: Landorus|Stone Edge|p1a: Mandibuzz|[miss]\n|-miss|p2a: Landorus|p1a: Mandibuzz\n|move|p1a: Mandibuzz|Foul Play|p2a: Landorus\n|-end|p2a: Landorus|Substitute\n|\n|-heal|p2a: Landorus|88\/100|[from] item: Leftovers\n|upkeep\n|turn|9\n|j| LegendarySerperior\n|\n|t:|1647815064\n|switch|p2a: Comfey|Comfey, F|100\/100\n|move|p1a: Mandibuzz|Foul Play|p2a: Comfey\n|-resisted|p2a: Comfey\n|-damage|p2a: Comfey|93\/100\n|-damage|p1a: Mandibuzz|84\/100|[from] item: Rocky Helmet|[of] p2a: Comfey\n|\n|upkeep\n|turn|10\n|\n|t:|1647815070\n|move|p2a: Comfey|U-turn|p1a: Mandibuzz\n|-damage|p1a: Mandibuzz|79\/100\n|\n|t:|1647815082\n|switch|p2a: Slowking|Slowking-Galar, M|75\/100|[from]move: U-turn\n|move|p1a: Mandibuzz|Toxic|p2a: Slowking\n|-immune|p2a: Slowking\n|\n|upkeep\n|turn|11\n|\n|t:|1647815091\n|switch|p2a: Comfey|Comfey, F|93\/100\n|move|p1a: Mandibuzz|U-turn|p2a: Comfey\n|-resisted|p2a: Comfey\n|-damage|p2a: Comfey|88\/100\n|-damage|p1a: Mandibuzz|63\/100|[from] item: Rocky Helmet|[of] p2a: Comfey\n|\n|t:|1647815095\n|switch|p1a: Rhyperior|Rhyperior, F|100\/100|[from]move: U-turn\n|\n|upkeep\n|turn|12\n|\n|t:|1647815102\n|move|p2a: Comfey|U-turn|p1a: Rhyperior\n|-damage|p1a: Rhyperior|94\/100\n|\n|t:|1647815109\n|switch|p2a: Landorus|Landorus-Therian, M|88\/100|[from]move: U-turn\n|-ability|p2a: Landorus|Intimidate|boost\n|-unboost|p1a: Rhyperior|atk|1\n|move|p1a: Rhyperior|Stealth Rock|p2a: Landorus\n|-sidestart|p2: PGS Ice|move: Stealth Rock\n|\n|-heal|p2a: Landorus|94\/100|[from] item: Leftovers\n|upkeep\n|turn|13\n|\n|t:|1647815120\n|move|p2a: Landorus|Substitute|p2a: Landorus\n|-start|p2a: Landorus|Substitute\n|-damage|p2a: Landorus|69\/100\n|move|p1a: Rhyperior|Ice Punch|p2a: Landorus\n|-supereffective|p2a: Landorus\n|-end|p2a: Landorus|Substitute\n|\n|-heal|p2a: Landorus|75\/100|[from] item: Leftovers\n|upkeep\n|turn|14\n|\n|t:|1647815129\n|switch|p2a: Milotic|Milotic, M|52\/100\n|-damage|p2a: Milotic|39\/100|[from] Stealth Rock\n|move|p1a: Rhyperior|Ice Punch|p2a: Milotic\n|-resisted|p2a: Milotic\n|-damage|p2a: Milotic|32\/100\n|-damage|p1a: Rhyperior|77\/100|[from] item: Rocky Helmet|[of] p2a: Milotic\n|\n|upkeep\n|turn|15\n|j| UnviaSlick\n|\n|t:|1647815134\n|switch|p1a: Ferrothorn|Ferrothorn, M|97\/100\n|move|p2a: Milotic|Recover|p2a: Milotic\n|-heal|p2a: Milotic|82\/100\n|\n|upkeep\n|turn|16\n|l| UnviaSlick\n|j| Turkehy\n|\n|t:|1647815144\n|move|p2a: Milotic|Scald|p1a: Ferrothorn\n|-resisted|p1a: Ferrothorn\n|-damage|p1a: Ferrothorn|84\/100\n|-status|p1a: Ferrothorn|brn\n|move|p1a: Ferrothorn|Leech Seed|p2a: Milotic\n|-start|p2a: Milotic|move: Leech Seed\n|\n|-damage|p2a: Milotic|70\/100|[from] Leech Seed|[of] p1a: Ferrothorn\n|-heal|p1a: Ferrothorn|98\/100 brn|[silent]\n|-damage|p1a: Ferrothorn|91\/100 brn|[from] brn\n|upkeep\n|turn|17\n|\n|t:|1647815154\n|switch|p2a: Slowking|Slowking-Galar, M|100\/100\n|-damage|p2a: Slowking|88\/100|[from] Stealth Rock\n|move|p1a: Ferrothorn|Leech Seed|p2a: Slowking|[miss]\n|-miss|p1a: Ferrothorn|p2a: Slowking\n|\n|-damage|p1a: Ferrothorn|85\/100 brn|[from] brn\n|upkeep\n|turn|18\n|\n|t:|1647815166\n|move|p2a: Slowking|Calm Mind|p2a: Slowking\n|-boost|p2a: Slowking|spa|1\n|-boost|p2a: Slowking|spd|1\n|move|p1a: Ferrothorn|Spikes|p2a: Slowking\n|-sidestart|p2: PGS Ice|Spikes\n|\n|-damage|p1a: Ferrothorn|79\/100 brn|[from] brn\n|upkeep\n|turn|19\n|\n|t:|1647815174\n|switch|p1a: Mandibuzz|Mandibuzz, F|63\/100\n|move|p2a: Slowking|Flamethrower|p1a: Mandibuzz\n|-damage|p1a: Mandibuzz|29\/100\n|\n|upkeep\n|turn|20\n|\n|t:|1647815181\n|move|p1a: Mandibuzz|Roost|p1a: Mandibuzz\n|-heal|p1a: Mandibuzz|79\/100\n|-singleturn|p1a: Mandibuzz|move: Roost\n|move|p2a: Slowking|Flamethrower|p1a: Mandibuzz\n|-damage|p1a: Mandibuzz|45\/100\n|-status|p1a: Mandibuzz|brn\n|\n|-damage|p1a: Mandibuzz|39\/100 brn|[from] brn\n|upkeep\n|turn|21\n|\n|t:|1647815189\n|move|p1a: Mandibuzz|Roost|p1a: Mandibuzz\n|-heal|p1a: Mandibuzz|89\/100 brn\n|-singleturn|p1a: Mandibuzz|move: Roost\n|move|p2a: Slowking|Calm Mind|p2a: Slowking\n|-boost|p2a: Slowking|spa|1\n|-boost|p2a: Slowking|spd|1\n|\n|-damage|p1a: Mandibuzz|83\/100 brn|[from] brn\n|upkeep\n|turn|22\n|\n|t:|1647815218\n|move|p1a: Mandibuzz|U-turn|p2a: Slowking\n|-damage|p2a: Slowking|83\/100\n|j| ddrakloak\n|\n|t:|1647815232\n|switch|p1a: Volcanion|Volcanion|24\/100|[from]move: U-turn\n|move|p2a: Slowking|Psyshock|p1a: Volcanion\n|-damage|p1a: Volcanion|0 fnt\n|faint|p1a: Volcanion\n|\n|upkeep\n|\n|t:|1647815238\n|switch|p1a: Rhyperior|Rhyperior, F|77\/100\n|turn|23\n|\n|t:|1647815280\n|switch|p2a: Landorus|Landorus-Therian, M|75\/100\n|-damage|p2a: Landorus|63\/100|[from] Stealth Rock\n|-ability|p2a: Landorus|Intimidate|boost\n|-unboost|p1a: Rhyperior|atk|1\n|move|p1a: Rhyperior|Earthquake|p2a: Landorus\n|-immune|p2a: Landorus\n|\n|-heal|p2a: Landorus|69\/100|[from] item: Leftovers\n|upkeep\n|turn|24\n|\n|t:|1647815324\n|move|p2a: Landorus|Earthquake|p1a: Rhyperior\n|-supereffective|p1a: Rhyperior\n|-damage|p1a: Rhyperior|12\/100\n|-enditem|p1a: Rhyperior|Weakness Policy\n|-boost|p1a: Rhyperior|atk|2|[from] item: Weakness Policy\n|-boost|p1a: Rhyperior|spa|2|[from] item: Weakness Policy\n|move|p1a: Rhyperior|Ice Punch|p2a: Landorus\n|-supereffective|p2a: Landorus\n|-damage|p2a: Landorus|0 fnt\n|faint|p2a: Landorus\n|\n|upkeep\n|\n|t:|1647815333\n|switch|p2a: Comfey|Comfey, F|88\/100\n|-damage|p2a: Comfey|76\/100|[from] Stealth Rock\n|-damage|p2a: Comfey|64\/100|[from] Spikes\n|turn|25\n|\n|t:|1647815336\n|switch|p1a: Ferrothorn|Ferrothorn, M|79\/100 brn\n|move|p2a: Comfey|Draining Kiss|p1a: Ferrothorn\n|-resisted|p1a: Ferrothorn\n|-damage|p1a: Ferrothorn|72\/100 brn\n|-heal|p2a: Comfey|69\/100|[from] drain|[of] p1a: Ferrothorn\n|-damage|p2a: Comfey|57\/100|[from] ability: Iron Barbs|[of] p1a: Ferrothorn\n|-damage|p2a: Comfey|40\/100|[from] item: Rocky Helmet|[of] p1a: Ferrothorn\n|\n|-damage|p1a: Ferrothorn|66\/100 brn|[from] brn\n|upkeep\n|turn|26\n|\n|t:|1647815344\n|move|p2a: Comfey|Synthesis|p2a: Comfey\n|-heal|p2a: Comfey|90\/100\n|move|p1a: Ferrothorn|Leech Seed|p2a: Comfey\n|-start|p2a: Comfey|move: Leech Seed\n|\n|-damage|p2a: Comfey|78\/100|[from] Leech Seed|[of] p1a: Ferrothorn\n|-heal|p1a: Ferrothorn|77\/100 brn|[silent]\n|-damage|p1a: Ferrothorn|70\/100 brn|[from] brn\n|upkeep\n|turn|27\n|\n|t:|1647815350\n|move|p2a: Comfey|Defog|p1a: Ferrothorn\n|-unboost|p1a: Ferrothorn|evasion|1\n|-sideend|p2: PGS Ice|Spikes|[from] move: Defog|[of] p2a: Comfey\n|-sideend|p2: PGS Ice|Stealth Rock|[from] move: Defog|[of] p2a: Comfey\n|move|p1a: Ferrothorn|Leech Seed||[still]\n|-fail|p1a: Ferrothorn\n|\n|-damage|p2a: Comfey|66\/100|[from] Leech Seed|[of] p1a: Ferrothorn\n|-heal|p1a: Ferrothorn|81\/100 brn|[silent]\n|-damage|p1a: Ferrothorn|75\/100 brn|[from] brn\n|upkeep\n|turn|28\n|\n|t:|1647815360\n|switch|p2a: Slowking|Slowking-Galar, M|100\/100\n|move|p1a: Ferrothorn|Spikes|p2a: Slowking\n|-sidestart|p2: PGS Ice|Spikes\n|\n|-damage|p1a: Ferrothorn|69\/100 brn|[from] brn\n|upkeep\n|turn|29\n|\n|t:|1647815378\n|switch|p1a: Gallade|Gallade, M|100\/100\n|move|p2a: Slowking|Flamethrower|p1a: Gallade\n|-damage|p1a: Gallade|73\/100\n|\n|upkeep\n|turn|30\n|\n|t:|1647815399\n|detailschange|p1a: Gallade|Gallade-Mega, M\n|-mega|p1a: Gallade|Gallade|Galladite\n|move|p1a: Gallade|Bulk Up|p1a: Gallade\n|-boost|p1a: Gallade|atk|1\n|-boost|p1a: Gallade|def|1\n|move|p2a: Slowking|Psyshock|p1a: Gallade\n|-damage|p1a: Gallade|48\/100\n|\n|upkeep\n|turn|31\n|\n|t:|1647815430\n|switch|p2a: Comfey|Comfey, F|66\/100\n|-damage|p2a: Comfey|53\/100|[from] Spikes\n|move|p1a: Gallade|Drain Punch|p2a: Comfey\n|-resisted|p2a: Comfey\n|-damage|p2a: Comfey|24\/100\n|-heal|p1a: Gallade|63\/100|[from] drain|[of] p2a: Comfey\n|-damage|p1a: Gallade|46\/100|[from] item: Rocky Helmet|[of] p2a: Comfey\n|\n|upkeep\n|turn|32\n|\n|t:|1647815440\n|move|p2a: Comfey|Synthesis|p2a: Comfey\n|-heal|p2a: Comfey|74\/100\n|move|p1a: Gallade|Drain Punch|p2a: Comfey\n|-resisted|p2a: Comfey\n|-damage|p2a: Comfey|43\/100\n|-heal|p1a: Gallade|62\/100|[from] drain|[of] p2a: Comfey\n|-damage|p1a: Gallade|46\/100|[from] item: Rocky Helmet|[of] p2a: Comfey\n|\n|upkeep\n|turn|33\n|\n|t:|1647815448\n|switch|p1a: Ferrothorn|Ferrothorn, M|69\/100 brn\n|move|p2a: Comfey|Draining Kiss|p1a: Ferrothorn\n|-resisted|p1a: Ferrothorn\n|-damage|p1a: Ferrothorn|63\/100 brn\n|-heal|p2a: Comfey|49\/100|[from] drain|[of] p1a: Ferrothorn\n|-damage|p2a: Comfey|36\/100|[from] ability: Iron Barbs|[of] p1a: Ferrothorn\n|-damage|p2a: Comfey|19\/100|[from] item: Rocky Helmet|[of] p1a: Ferrothorn\n|\n|-damage|p1a: Ferrothorn|56\/100 brn|[from] brn\n|upkeep\n|turn|34\n|\n|t:|1647815459\n|move|p2a: Comfey|Synthesis|p2a: Comfey\n|-heal|p2a: Comfey|69\/100\n|move|p1a: Ferrothorn|Knock Off|p2a: Comfey\n|-resisted|p2a: Comfey\n|-crit|p2a: Comfey\n|-damage|p2a: Comfey|63\/100\n|-damage|p1a: Ferrothorn|40\/100 brn|[from] item: Rocky Helmet|[of] p2a: Comfey\n|-enditem|p2a: Comfey|Rocky Helmet|[from] move: Knock Off|[of] p1a: Ferrothorn\n|\n|-damage|p1a: Ferrothorn|34\/100 brn|[from] brn\n|upkeep\n|turn|35\n|l| LegendarySerperior\n|\n|t:|1647815482\n|move|p2a: Comfey|Defog|p1a: Ferrothorn\n|-unboost|p1a: Ferrothorn|evasion|1\n|-sideend|p2: PGS Ice|Spikes|[from] move: Defog|[of] p2a: Comfey\n|move|p1a: Ferrothorn|Leech Seed|p2a: Comfey\n|-start|p2a: Comfey|move: Leech Seed\n|\n|-damage|p2a: Comfey|50\/100|[from] Leech Seed|[of] p1a: Ferrothorn\n|-heal|p1a: Ferrothorn|45\/100 brn|[silent]\n|-damage|p1a: Ferrothorn|38\/100 brn|[from] brn\n|upkeep\n|turn|36\n|\n|t:|1647815491\n|switch|p2a: Slowking|Slowking-Galar, M|100\/100\n|move|p1a: Ferrothorn|Spikes|p2a: Slowking\n|-sidestart|p2: PGS Ice|Spikes\n|\n|-damage|p1a: Ferrothorn|32\/100 brn|[from] brn\n|upkeep\n|turn|37\n|\n|t:|1647815506\n|switch|p1a: Rhyperior|Rhyperior, F|12\/100\n|move|p2a: Slowking|Flamethrower|p1a: Rhyperior\n|-resisted|p1a: Rhyperior\n|-damage|p1a: Rhyperior|0 fnt\n|faint|p1a: Rhyperior\n|\n|upkeep\n|\n|t:|1647815514\n|switch|p1a: Gallade|Gallade-Mega, M|46\/100\n|turn|38\n|\n|t:|1647815549\n|move|p1a: Gallade|Bulk Up|p1a: Gallade\n|-boost|p1a: Gallade|atk|1\n|-boost|p1a: Gallade|def|1\n|move|p2a: Slowking|Psyshock|p1a: Gallade\n|-damage|p1a: Gallade|20\/100\n|\n|upkeep\n|turn|39\n|\n|t:|1647815593\n|switch|p2a: Comfey|Comfey, F|50\/100\n|-damage|p2a: Comfey|38\/100|[from] Spikes\n|move|p1a: Gallade|Throat Chop|p2a: Comfey\n|-resisted|p2a: Comfey\n|-damage|p2a: Comfey|17\/100\n|-start|p2a: Comfey|Throat Chop|[silent]\n|\n|upkeep\n|turn|40\n|\n|t:|1647815606\n|move|p2a: Comfey|Synthesis|p2a: Comfey\n|-heal|p2a: Comfey|67\/100\n|move|p1a: Gallade|Drain Punch|p2a: Comfey\n|-resisted|p2a: Comfey\n|-damage|p2a: Comfey|39\/100\n|-heal|p1a: Gallade|34\/100|[from] drain|[of] p2a: Comfey\n|\n|-end|p2a: Comfey|Throat Chop|[silent]\n|upkeep\n|turn|41\n|\n|t:|1647815611\n|switch|p1a: Ferrothorn|Ferrothorn, M|32\/100 brn\n|move|p2a: Comfey|Draining Kiss|p1a: Ferrothorn\n|-resisted|p1a: Ferrothorn\n|-damage|p1a: Ferrothorn|26\/100 brn\n|-heal|p2a: Comfey|45\/100|[from] drain|[of] p1a: Ferrothorn\n|-damage|p2a: Comfey|33\/100|[from] ability: Iron Barbs|[of] p1a: Ferrothorn\n|-damage|p2a: Comfey|16\/100|[from] item: Rocky Helmet|[of] p1a: Ferrothorn\n|\n|-damage|p1a: Ferrothorn|20\/100 brn|[from] brn\n|upkeep\n|turn|42\n|\n|t:|1647815620\n|move|p2a: Comfey|Synthesis|p2a: Comfey\n|-heal|p2a: Comfey|66\/100\n|move|p1a: Ferrothorn|Leech Seed|p2a: Comfey\n|-start|p2a: Comfey|move: Leech Seed\n|\n|-damage|p2a: Comfey|53\/100|[from] Leech Seed|[of] p1a: Ferrothorn\n|-heal|p1a: Ferrothorn|30\/100 brn|[silent]\n|-damage|p1a: Ferrothorn|24\/100 brn|[from] brn\n|upkeep\n|turn|43\n|\n|t:|1647815634\n|move|p2a: Comfey|Synthesis|p2a: Comfey\n|-heal|p2a: Comfey|100\/100\n|move|p1a: Ferrothorn|Spikes|p2a: Comfey\n|-sidestart|p2: PGS Ice|Spikes\n|\n|-damage|p2a: Comfey|88\/100|[from] Leech Seed|[of] p1a: Ferrothorn\n|-heal|p1a: Ferrothorn|35\/100 brn|[silent]\n|-damage|p1a: Ferrothorn|29\/100 brn|[from] brn\n|upkeep\n|turn|44\n|\n|t:|1647815638\n|move|p2a: Comfey|Defog|p1a: Ferrothorn\n|-unboost|p1a: Ferrothorn|evasion|1\n|-sideend|p2: PGS Ice|Spikes|[from] move: Defog|[of] p2a: Comfey\n|move|p1a: Ferrothorn|Spikes|p2a: Comfey\n|-sidestart|p2: PGS Ice|Spikes\n|\n|-damage|p2a: Comfey|76\/100|[from] Leech Seed|[of] p1a: Ferrothorn\n|-heal|p1a: Ferrothorn|39\/100 brn|[silent]\n|-damage|p1a: Ferrothorn|33\/100 brn|[from] brn\n|upkeep\n|turn|45\n|\n|t:|1647815641\n|switch|p2a: Slowking|Slowking-Galar, M|100\/100\n|-damage|p2a: Slowking|88\/100|[from] Spikes\n|move|p1a: Ferrothorn|Leech Seed|p2a: Slowking\n|-start|p2a: Slowking|move: Leech Seed\n|\n|-damage|p2a: Slowking|76\/100|[from] Leech Seed|[of] p1a: Ferrothorn\n|-heal|p1a: Ferrothorn|47\/100 brn|[silent]\n|-damage|p1a: Ferrothorn|41\/100 brn|[from] brn\n|upkeep\n|turn|46\n|\n|t:|1647815679\n|switch|p1a: Tapu Fini|Tapu Fini|100\/100\n|-fieldstart|move: Misty Terrain|[from] ability: Misty Surge|[of] p1a: Tapu Fini\n|move|p2a: Slowking|Flamethrower|p1a: Tapu Fini\n|-resisted|p1a: Tapu Fini\n|-damage|p1a: Tapu Fini|90\/100\n|\n|-damage|p2a: Slowking|63\/100|[from] Leech Seed|[of] p1a: Tapu Fini\n|-heal|p1a: Tapu Fini|100\/100|[silent]\n|upkeep\n|turn|47\n|\n|t:|1647815696\n|switch|p2a: Milotic|Milotic, M|70\/100\n|-damage|p2a: Milotic|57\/100|[from] Spikes\n|move|p1a: Tapu Fini|Taunt|p2a: Milotic\n|-start|p2a: Milotic|move: Taunt\n|\n|upkeep\n|turn|48\n|\n|t:|1647815704\n|move|p1a: Tapu Fini|Moonblast|p2a: Milotic\n|-damage|p2a: Milotic|37\/100\n|-unboost|p2a: Milotic|spa|1\n|move|p2a: Milotic|Flip Turn|p1a: Tapu Fini\n|-resisted|p1a: Tapu Fini\n|-damage|p1a: Tapu Fini|97\/100\n|\n|t:|1647815714\n|switch|p2a: Manectric|Manectric, M|100\/100|[from]move: Flip Turn\n|-damage|p2a: Manectric|88\/100|[from] Spikes\n|\n|upkeep\n|turn|49\n|j| deez streetz w\n|\n|t:|1647815786\n|detailschange|p2a: Manectric|Manectric-Mega, M\n|-mega|p2a: Manectric|Manectric|Manectite\n|-ability|p2a: Manectric|Intimidate|boost\n|-unboost|p1a: Tapu Fini|atk|1\n|move|p2a: Manectric|Volt Switch|p1a: Tapu Fini\n|-supereffective|p1a: Tapu Fini\n|-damage|p1a: Tapu Fini|30\/100\n|\n|t:|1647815798\n|switch|p2a: Slowking|Slowking-Galar, M|96\/100|[from]move: Volt Switch\n|-damage|p2a: Slowking|84\/100|[from] Spikes\n|move|p1a: Tapu Fini|Moonblast|p2a: Slowking\n|-resisted|p2a: Slowking\n|-crit|p2a: Slowking\n|-damage|p2a: Slowking|65\/100\n|\n|upkeep\n|turn|50\n|\n|t:|1647815812\n|switch|p1a: Mandibuzz|Mandibuzz, F|83\/100 brn\n|move|p2a: Slowking|Psyshock|p1a: Mandibuzz\n|-immune|p1a: Mandibuzz\n|\n|-damage|p1a: Mandibuzz|76\/100 brn|[from] brn\n|-fieldend|Misty Terrain\n|upkeep\n|turn|51\n|j|^Bontz\n|\n|t:|1647815874\n|move|p1a: Mandibuzz|U-turn|p2a: Slowking\n|-damage|p2a: Slowking|60\/100\n|\n|t:|1647815885\n|switch|p1a: Gallade|Gallade-Mega, M|34\/100|[from]move: U-turn\n|move|p2a: Slowking|Ice Beam|p1a: Gallade\n|-damage|p1a: Gallade|8\/100\n|\n|upkeep\n|turn|52\n|\n|t:|1647815897\n|switch|p2a: Milotic|Milotic, M|37\/100\n|-damage|p2a: Milotic|24\/100|[from] Spikes\n|move|p1a: Gallade|Throat Chop|p2a: Milotic\n|-damage|p2a: Milotic|2\/100\n|-start|p2a: Milotic|Throat Chop|[silent]\n|-damage|p1a: Gallade|0 fnt|[from] item: Rocky Helmet|[of] p2a: Milotic\n|faint|p1a: Gallade\n|\n|upkeep\n|\n|t:|1647815904\n|switch|p1a: Ferrothorn|Ferrothorn, M|41\/100 brn\n|turn|53\n|\n|t:|1647815913\n|move|p2a: Milotic|Flip Turn|p1a: Ferrothorn\n|-resisted|p1a: Ferrothorn\n|-damage|p1a: Ferrothorn|37\/100 brn\n|-damage|p2a: Milotic|0 fnt|[from] ability: Iron Barbs|[of] p1a: Ferrothorn\n|faint|p2a: Milotic\n|move|p1a: Ferrothorn|Leech Seed|p2: Milotic|[notarget]\n|-fail|p1a: Ferrothorn\n|\n|-damage|p1a: Ferrothorn|31\/100 brn|[from] brn\n|upkeep\n|\n|t:|1647815920\n|switch|p2a: Manectric|Manectric-Mega, M|88\/100\n|-damage|p2a: Manectric|76\/100|[from] Spikes\n|-ability|p2a: Manectric|Intimidate|boost\n|-unboost|p1a: Ferrothorn|atk|1\n|turn|54\n|\n|t:|1647815946\n|switch|p1a: Mandibuzz|Mandibuzz, F|76\/100 brn\n|move|p2a: Manectric|Flamethrower|p1a: Mandibuzz\n|-damage|p1a: Mandibuzz|47\/100 brn\n|\n|-damage|p1a: Mandibuzz|40\/100 brn|[from] brn\n|upkeep\n|turn|55\n|c|\u2606AsterJ|Gg\n|-message|AsterJ forfeited.\n|\n|win|PGS Ice\n|c|\u2606PGS Ice|ggs\n|l| bloodcrawler1\n","uploadtime":1647815975,"views":24,"p1id":"asterj","p2id":"pgsice","formatid":"gen8nationaldexdraft","rating":0,"private":0,"password":null}