{"id":"sports-gen8nationaldexdlcdraft-94245","p1":"King l5","p2":"GeniusX","format":"gen8nationaldexdlcdraft","log":"|j|\u2606King l5\n|j|\u2606GeniusX\n|player|p1|King l5|162|\n|player|p2|GeniusX|geniusx.gif|\n|teamsize|p1|6\n|teamsize|p2|6\n|gametype|singles\n|gen|8\n|tier|[Gen 8] National Dex DLC Draft\n|rule|Sleep Clause Mod: Limit one foe put to sleep\n|rule|OHKO Clause: OHKO moves are banned\n|rule|Evasion Moves Clause: Evasion moves are banned\n|rule|Endless Battle Clause: Forcing endless battles is banned\n|rule|HP Percentage Mod: HP is shown in percentages\n|clearpoke\n|poke|p1|Tapu Koko|\n|poke|p1|Hawlucha, F|\n|poke|p1|Dracovish|\n|poke|p1|Gardevoir, F|\n|poke|p1|Gligar, F|\n|poke|p1|Swampert, F|\n|poke|p2|Victini|\n|poke|p2|Nidoqueen, F|\n|poke|p2|Slowbro, F|\n|poke|p2|Tornadus, M|\n|poke|p2|Registeel|\n|poke|p2|Tapu Bulu|\n|rule|Dynamax Clause: You cannot dynamax\n|teampreview\n|j| sablolol\n|c|\u2606King l5|glhf\n|c|\u2606GeniusX|hf\n|c| sablolol|dose u has the gay\n|c|\u2606King l5|say gl too\n|c|\u2606King l5|PLEASE\n|c|\u2606GeniusX|no\n|c|\u2606King l5|PLELEEASE\n|j| perfecteblu\n|j|%BoomBoomBoo\n|c| perfecteblu|hose mad\n|c|\u2606King l5|im very upset now\n|j| BasedTech\n|j| Shadowblast\n|j| joshtheturtwig\n|j|%Hikertoad\n|c|\u2606GeniusX|yo i wanna take a shit now\n|c|\u2606King l5|deal\n|c| sablolol|shit while you play\n|\n|start\n|switch|p1a: Hawlucha|Hawlucha, F|100\/100\n|switch|p2a: Tapu Bulu|Tapu Bulu|100\/100\n|-fieldstart|move: Grassy Terrain|[from] ability: Grassy Surge|[of] p2a: Tapu Bulu\n|turn|1\n|c|\u2606King l5|im incredible\n|c|\u2606King l5|lead mu goat\n|l| Shadowblast\n|c|\u2606King l5|etc\n|c|\u2606GeniusX|oml\n|c|\u2606GeniusX|so good\n|c|\u2606King l5|ask me how\n|c| BasedTech|eggplant\n|c|%Hikertoad|Play rough\n|c|\u2606King l5|thank u basedtech\n|c|\u2606King l5|who is a play rough\n|\n|move|p1a: Hawlucha|Brave Bird|p2a: Tapu Bulu\n|-supereffective|p2a: Tapu Bulu\n|-enditem|p2a: Tapu Bulu|Coba Berry|[eat]\n|-enditem|p2a: Tapu Bulu|Coba Berry|[weaken]\n|-damage|p2a: Tapu Bulu|26\/100\n|-damage|p1a: Hawlucha|75\/100|[from] Recoil\n|move|p2a: Tapu Bulu|Horn Leech|p1a: Hawlucha\n|-resisted|p1a: Hawlucha\n|-damage|p1a: Hawlucha|34\/100\n|-heal|p2a: Tapu Bulu|46\/100|[from] drain|[of] p1a: Hawlucha\n|\n|-heal|p2a: Tapu Bulu|52\/100|[from] Grassy Terrain\n|upkeep\n|turn|2\n|c| sablolol|:jerry:\n|c|%Hikertoad|.\n|c| BasedTech|xing is bad\n|c| BasedTech|fairy resist\n|c| sablolol|i didnt know swampert was a bulu check\n|\n|switch|p1a: Swampert|Swampert, F|100\/100\n|move|p2a: Tapu Bulu|Horn Leech|p1a: Swampert\n|-supereffective|p1a: Swampert\n|-enditem|p1a: Swampert|Rindo Berry|[eat]\n|-enditem|p1a: Swampert|Rindo Berry|[weaken]\n|-damage|p1a: Swampert|0 fnt\n|-heal|p2a: Tapu Bulu|100\/100|[from] drain|[of] p1a: Swampert\n|faint|p1a: Swampert\n|\n|upkeep\n|c|\u2606GeniusX|im so good\n|c|%Hikertoad|It is now\n|c|\u2606King l5|yea ok bud\n|c| joshtheturtwig|wow\n|c| sablolol|lol\n|\n|switch|p1a: Gardevoir|Gardevoir, F|100\/100\n|-ability|p1a: Gardevoir|Grassy Surge|[from] ability: Trace|[of] p2a: Tapu Bulu\n|turn|3\n|c| sablolol|:juri:\n|c|%BoomBoomBoo|berrytime\n|c|\u2606King l5|ur INSANE\n|c|%BoomBoomBoo|can't believe sports doesn't have berrytime\n|j| LOQP\n|\n|switch|p2a: Victini|Victini|100\/100\n|detailschange|p1a: Gardevoir|Gardevoir-Mega, F\n|-mega|p1a: Gardevoir|Gardevoir|Gardevoirite\n|move|p1a: Gardevoir|Hyper Voice|p2a: Victini\n|-resisted|p2a: Victini\n|-damage|p2a: Victini|63\/100\n|\n|-heal|p2a: Victini|69\/100|[from] Grassy Terrain\n|upkeep\n|turn|4\n|c| perfecteblu|yo king l5, I think pert is weak to grass IDK\n|c| LOQP|hola\n|c|\u2606King l5|i had rindo berry blu\n|c|\u2606King l5|he got max roll\n|c| sablolol|:poghypers:\n|\n|switch|p1a: Dracovish|Dracovish|100\/100\n|move|p2a: Victini|V-create|p1a: Dracovish\n|-resisted|p1a: Dracovish\n|-damage|p1a: Dracovish|82\/100\n|-unboost|p2a: Victini|spe|1\n|-unboost|p2a: Victini|def|1\n|-unboost|p2a: Victini|spd|1\n|\n|-heal|p1a: Dracovish|88\/100|[from] Grassy Terrain\n|-heal|p2a: Victini|75\/100|[from] Grassy Terrain\n|upkeep\n|turn|5\n|c| perfecteblu|maybe look at a type chart?\n|c|\u2606GeniusX|wtf\n|c|\u2606GeniusX|18\n|j| K!ngSky\n|j| stinky81\n|c| sablolol|check in\n|j| Cena11\n|c| K!ngSky|wanna play smash after this sing?\n|c| stinky81|is that the king l5?\n|c| K!ngSky|xing*\n|c|\u2606King l5|who\n|c| sablolol|king l5\n|j|%joey the goon\n|c| sablolol|is that you\n|c|\u2606King l5|who\n|c| LOQP|sky\n|\n|switch|p2a: Slowbro|Slowbro, F|100\/100\n|move|p1a: Dracovish|Fishious Rend|p2a: Slowbro\n|-resisted|p2a: Slowbro\n|-damage|p2a: Slowbro|69\/100\n|\n|-heal|p1a: Dracovish|95\/100|[from] Grassy Terrain\n|-heal|p2a: Slowbro|75\/100|[from] Grassy Terrain\n|-fieldend|move: Grassy Terrain\n|upkeep\n|turn|6\n|c| LOQP|imma play smash\n|c|\u2606GeniusX|yea sure sky\n|c| sablolol|mister el cinco\n|c|\u2606King l5|what are u doing slowbro\n|j| DevilShinra\n|c| K!ngSky|add me xing ye\n|c|%BoomBoomBoo|vibin\n|\n|move|p1a: Dracovish|Fishious Rend|p2a: Slowbro\n|-resisted|p2a: Slowbro\n|-damage|p2a: Slowbro|43\/100\n|move|p2a: Slowbro|Teleport|p2a: Slowbro\n|\n|switch|p2a: Tapu Bulu|Tapu Bulu|100\/100|[from]move: Teleport\n|-fieldstart|move: Grassy Terrain|[from] ability: Grassy Surge|[of] p2a: Tapu Bulu\n|\n|-heal|p1a: Dracovish|100\/100|[from] Grassy Terrain\n|upkeep\n|turn|7\n|j| jackUU96\n|\n|move|p1a: Dracovish|Fishious Rend|p2a: Tapu Bulu\n|-resisted|p2a: Tapu Bulu\n|-damage|p2a: Tapu Bulu|46\/100\n|move|p2a: Tapu Bulu|Horn Leech|p1a: Dracovish\n|-damage|p1a: Dracovish|40\/100\n|-heal|p2a: Tapu Bulu|77\/100|[from] drain|[of] p1a: Dracovish\n|\n|-heal|p1a: Dracovish|47\/100|[from] Grassy Terrain\n|-heal|p2a: Tapu Bulu|83\/100|[from] Grassy Terrain\n|upkeep\n|turn|8\n|\n|move|p1a: Dracovish|Fishious Rend|p2a: Tapu Bulu\n|-resisted|p2a: Tapu Bulu\n|-damage|p2a: Tapu Bulu|31\/100\n|move|p2a: Tapu Bulu|Horn Leech|p1a: Dracovish\n|-damage|p1a: Dracovish|0 fnt\n|-heal|p2a: Tapu Bulu|54\/100|[from] drain|[of] p1a: Dracovish\n|faint|p1a: Dracovish\n|\n|-heal|p2a: Tapu Bulu|61\/100|[from] Grassy Terrain\n|upkeep\n|\n|switch|p1a: Gardevoir|Gardevoir-Mega, F|100\/100\n|turn|9\n|c|\u2606King l5|this game is so lost lmao\n|\n|switch|p2a: Registeel|Registeel|100\/100\n|move|p1a: Gardevoir|Hyper Voice|p2a: Registeel\n|-resisted|p2a: Registeel\n|-damage|p2a: Registeel|82\/100\n|\n|-heal|p2a: Registeel|88\/100|[from] item: Leftovers\n|-heal|p2a: Registeel|94\/100|[from] Grassy Terrain\n|upkeep\n|turn|10\n|c|\u2606GeniusX|when theres a koko theres a way\n|c|\u2606King l5|im not that set\n|c|\u2606King l5|dw\n|j|%Venoxio\n|\n|switch|p1a: Gligar|Gligar, F|100\/100\n|move|p2a: Registeel|Heavy Slam|p1a: Gligar\n|-damage|p1a: Gligar|87\/100\n|\n|-heal|p2a: Registeel|99\/100|[from] item: Leftovers\n|-heal|p2a: Registeel|100\/100|[from] Grassy Terrain\n|-fieldend|move: Grassy Terrain\n|upkeep\n|turn|11\n|\n|switch|p2a: Tapu Bulu|Tapu Bulu|61\/100\n|-fieldstart|move: Grassy Terrain|[from] ability: Grassy Surge|[of] p2a: Tapu Bulu\n|move|p1a: Gligar|Knock Off|p2a: Tapu Bulu\n|-resisted|p2a: Tapu Bulu\n|-damage|p2a: Tapu Bulu|55\/100\n|\n|-heal|p2a: Tapu Bulu|61\/100|[from] Grassy Terrain\n|upkeep\n|turn|12\n|\n|move|p1a: Gligar|Toxic|p2a: Tapu Bulu|[miss]\n|-miss|p1a: Gligar|p2a: Tapu Bulu\n|move|p2a: Tapu Bulu|Horn Leech|p1a: Gligar\n|-damage|p1a: Gligar|54\/100\n|-heal|p2a: Tapu Bulu|78\/100|[from] drain|[of] p1a: Gligar\n|\n|-heal|p2a: Tapu Bulu|85\/100|[from] Grassy Terrain\n|upkeep\n|turn|13\n|c|\u2606King l5|haxed again\n|c| sablolol|doesnt this win\n|c|\u2606King l5|unlucky\n|c|\u2606GeniusX|im so good\n|\n|move|p1a: Gligar|Toxic|p2a: Tapu Bulu\n|-status|p2a: Tapu Bulu|tox\n|move|p2a: Tapu Bulu|Swords Dance|p2a: Tapu Bulu\n|-boost|p2a: Tapu Bulu|atk|2\n|\n|-heal|p2a: Tapu Bulu|91\/100 tox|[from] Grassy Terrain\n|-damage|p2a: Tapu Bulu|85\/100 tox|[from] psn\n|upkeep\n|turn|14\n|c| jackUU96|XING\n|c| jackUU96|YE\n|\n|switch|p1a: Tapu Koko|Tapu Koko|100\/100\n|-fieldstart|move: Electric Terrain|[from] ability: Electric Surge|[of] p1a: Tapu Koko\n|move|p2a: Tapu Bulu|Horn Leech|p1a: Tapu Koko\n|-damage|p1a: Tapu Koko|0 fnt\n|-heal|p2a: Tapu Bulu|100\/100 tox|[from] drain|[of] p1a: Tapu Koko\n|faint|p1a: Tapu Koko\n|\n|-damage|p2a: Tapu Bulu|88\/100 tox|[from] psn\n|upkeep\n|c|\u2606GeniusX|wow\n|j| Shadowblast\n|l| jackUU96\n|c| Shadowblast|Remember when u didn\u2019t want to bring this xing\n|c|\u2606King l5|ok but that was a roll\n|\n|switch|p1a: Hawlucha|Hawlucha, F|34\/100\n|turn|15\n|j| jackUU96\n|\n|switch|p2a: Registeel|Registeel|100\/100\n|move|p1a: Hawlucha|Throat Chop|p2a: Registeel\n|-damage|p2a: Registeel|80\/100\n|-start|p2a: Registeel|Throat Chop|[silent]\n|\n|-heal|p2a: Registeel|86\/100|[from] item: Leftovers\n|upkeep\n|turn|16\n|c|\u2606GeniusX|i do not know waht ur talking about mr kcric\n|c| sablolol|:worrysnake:\n|\n|switch|p1a: Gligar|Gligar, F|54\/100\n|switch|p2a: Tapu Bulu|Tapu Bulu|88\/100 tox\n|-fieldstart|move: Grassy Terrain|[from] ability: Grassy Surge|[of] p2a: Tapu Bulu\n|\n|-heal|p2a: Tapu Bulu|94\/100 tox|[from] Grassy Terrain\n|-damage|p2a: Tapu Bulu|88\/100 tox|[from] psn\n|upkeep\n|turn|17\n|c| Shadowblast|Carried yet again\n|\n|move|p1a: Gligar|Roost|p1a: Gligar\n|-heal|p1a: Gligar|100\/100\n|-singleturn|p1a: Gligar|move: Roost\n|move|p2a: Tapu Bulu|Horn Leech|p1a: Gligar\n|-supereffective|p1a: Gligar\n|-damage|p1a: Gligar|28\/100\n|-heal|p2a: Tapu Bulu|100\/100 tox|[from] drain|[of] p1a: Gligar\n|\n|-heal|p1a: Gligar|34\/100|[from] Grassy Terrain\n|-damage|p2a: Tapu Bulu|88\/100 tox|[from] psn\n|upkeep\n|turn|18\n|\n|move|p1a: Gligar|Roost|p1a: Gligar\n|-heal|p1a: Gligar|84\/100\n|-singleturn|p1a: Gligar|move: Roost\n|move|p2a: Tapu Bulu|Swords Dance|p2a: Tapu Bulu\n|-boost|p2a: Tapu Bulu|atk|2\n|\n|-heal|p1a: Gligar|90\/100|[from] Grassy Terrain\n|-heal|p2a: Tapu Bulu|94\/100 tox|[from] Grassy Terrain\n|-damage|p2a: Tapu Bulu|76\/100 tox|[from] psn\n|upkeep\n|turn|19\n|j| TNI Jake M\n|c|\u2606King l5|haxed again smh\n|c| Shadowblast|Agree\n|\n|switch|p1a: Hawlucha|Hawlucha, F|34\/100\n|move|p2a: Tapu Bulu|Horn Leech|p1a: Hawlucha\n|-resisted|p1a: Hawlucha\n|-damage|p1a: Hawlucha|0 fnt\n|-heal|p2a: Tapu Bulu|92\/100 tox|[from] drain|[of] p1a: Hawlucha\n|faint|p1a: Hawlucha\n|\n|-heal|p2a: Tapu Bulu|98\/100 tox|[from] Grassy Terrain\n|-damage|p2a: Tapu Bulu|73\/100 tox|[from] psn\n|upkeep\n|\n|switch|p1a: Gardevoir|Gardevoir-Mega, F|100\/100\n|turn|20\n|\n|move|p1a: Gardevoir|Hyper Voice|p2a: Tapu Bulu\n|-damage|p2a: Tapu Bulu|0 fnt\n|faint|p2a: Tapu Bulu\n|\n|-fieldend|move: Grassy Terrain\n|upkeep\n|c|\u2606GeniusX|oh that died\n|c| sablolol|xing throw\n|c|\u2606GeniusX|i choekd\n|c|%Hikertoad|Yes!\n|c|\u2606King l5|he do low key be throwing the game doe\n|c|%Hikertoad|Goat\n|c|%Hikertoad|Goat\n|c|%Hikertoad|Goar\n|c| K!ngSky|the King l5 I suggest you stick yo your gen 6 farm leagues\n|c| jackUU96|,\n|c| sablolol|:grrr:\n|c| sablolol|:grrr:\n|\n|switch|p2a: Victini|Victini|75\/100\n|turn|21\n|c| Shadowblast|Bulu could\u2019ve got 6 kills!\n|\n|switch|p1a: Gligar|Gligar, F|90\/100\n|move|p2a: Victini|V-create|p1a: Gligar\n|-damage|p1a: Gligar|52\/100\n|-unboost|p2a: Victini|spe|1\n|-unboost|p2a: Victini|def|1\n|-unboost|p2a: Victini|spd|1\n|\n|upkeep\n|turn|22\n|c| Shadowblast|:[\n|c| BasedTech|uh oh\n|c|%BoomBoomBoo|gliggy is so sexy aha\n|c|%Hikertoad|2 v 5 him\n|c| jackUU96|Xing..\n|c|\u2606King l5|nooo xing dont get 2v6d ur so sexy aha\n|l| Shadowblast\n|\n|move|p1a: Gligar|Roost|p1a: Gligar\n|-heal|p1a: Gligar|100\/100\n|-singleturn|p1a: Gligar|move: Roost\n|move|p2a: Victini|U-turn|p1a: Gligar\n|-damage|p1a: Gligar|90\/100\n|l|%joey the goon\n|\n|switch|p2a: Tornadus|Tornadus, M|100\/100|[from]move: U-turn\n|\n|upkeep\n|turn|23\n|\n|switch|p1a: Gardevoir|Gardevoir-Mega, F|100\/100\n|move|p2a: Tornadus|Nasty Plot|p2a: Tornadus\n|-boost|p2a: Tornadus|spa|2\n|\n|upkeep\n|turn|24\n|c|\u2606King l5|70%\n|c|\u2606King l5|right\n|c|\u2606King l5|?\n|j| Shadowblast\n|c| sablolol|:berrytime:\n|\n|move|p2a: Tornadus|Sludge Wave|p1a: Gardevoir\n|-supereffective|p1a: Gardevoir\n|-damage|p1a: Gardevoir|0 fnt\n|faint|p1a: Gardevoir\n|\n|upkeep\n|\n|switch|p1a: Gligar|Gligar, F|90\/100\n|turn|25\n|c|\u2606King l5|gg\n|c| sablolol|they do got berrytime\n|\n|move|p2a: Tornadus|Hurricane|p1a: Gligar\n|-damage|p1a: Gligar|0 fnt\n|faint|p1a: Gligar\n|\n|win|GeniusX\n|c|\u2606GeniusX|gg\n|l| DevilShinra\n|l| jackUU96\n","uploadtime":1592192451,"views":59,"p1id":"kingl5","p2id":"geniusx","formatid":"gen8nationaldexdlcdraft","rating":0,"private":0,"password":null}