{"id":"sports-gen8nationaldexdraft-399239","p1":"squid bird","p2":"DjezzeMwoan","format":"gen8nationaldexdraft","log":"|j|\u2606squid bird\n|j|\u2606DjezzeMwoan\n|t:|1619899105\n|player|p1|squid bird|2|\n|player|p2|DjezzeMwoan|52|\n|teamsize|p1|6\n|teamsize|p2|6\n|gametype|singles\n|gen|8\n|tier|[Gen 8] National Dex Draft\n|rule|Sleep Clause Mod: Limit one foe put to sleep\n|rule|OHKO Clause: OHKO moves are banned\n|rule|Evasion Moves Clause: Evasion moves are banned\n|rule|Endless Battle Clause: Forcing endless battles is banned\n|rule|HP Percentage Mod: HP is shown in percentages\n|clearpoke\n|poke|p1|Blastoise, M|\n|poke|p1|Heatran, M|\n|poke|p1|Marshadow|\n|poke|p1|Garchomp, F|\n|poke|p1|Primarina, F|\n|poke|p1|Tangela, M|\n|poke|p2|Cresselia, F|\n|poke|p2|Drapion, M|\n|poke|p2|Empoleon, M|\n|poke|p2|Zygarde|\n|poke|p2|Blissey, F|\n|poke|p2|Ho-Oh|\n|rule|Dynamax Clause: You cannot dynamax\n|teampreview\n|html|<button name=\"send\" class=\"button\" value=\"\/timer ds\"><i class=\"fa fa-hourglass-start\"><\/i> DS Timer<\/button> <button name=\"send\" class=\"button\" value=\"\/timer smogon\"><i class=\"fa fa-hourglass-start\"><\/i> Smogon Timer<\/button>\n|c|\u2606DjezzeMwoan|glhf\n|c|\u2606squid bird|you too!\n|\n|t:|1619899256\n|start\n|switch|p1a: Ellsworth|Heatran, M|100\/100\n|switch|p2a: Anja|Cresselia, F|100\/100\n|turn|1\n|j| Ebastia12\n|\n|t:|1619899268\n|switch|p2a: Worse Arbok|Zygarde|100\/100\n|-ability|p2a: Worse Arbok|Aura Break\n|move|p1a: Ellsworth|Taunt|p2a: Worse Arbok\n|-start|p2a: Worse Arbok|move: Taunt\n|\n|upkeep\n|turn|2\n|j| MLG Popplio\n|c|\u2606DjezzeMwoan|so i was gonna calc how much that heatran did\n|c|\u2606DjezzeMwoan|but then i realised it taunted\n|c|\u2606DjezzeMwoan|lmfao\n|j| BFO Ethanol\n|c|\u2606squid bird|Lmao\n|c| MLG Popplio|clean 0%\n|\n|t:|1619899374\n|switch|p2a: Sjonnie|Drapion, M|100\/100\n|switch|p1a: Eusebio|Primarina, F|100\/100\n|\n|upkeep\n|turn|3\n|c|\u2606DjezzeMwoan|might be max spatt modest\n|c| MLG Popplio|think that's offesnive damage\n|c| MLG Popplio|banded\n|c|\u2606DjezzeMwoan|or just nothing nothing\n|c| BFO Ethanol|0% modest band\n|c| MLG Popplio|we just ghosting this man in chat\n|c|\u2606DjezzeMwoan|lets just keep switching\n|c| MLG Popplio|hoping squid has ignore spectators on\n|c|\u2606DjezzeMwoan|pacifist%\n|c|\u2606squid bird|joe mamma\n|c| Ebastia12|Go for the pacifist run\n|c|\u2606DjezzeMwoan|this\n|c| Ebastia12|Pokemon can only die from natural causes\n|j| GET PARAREKT!\n|c| MLG Popplio|old age\n|c| MLG Popplio|corrosion\n|c| BFO Ethanol|\"Can I defeat IFC without dealing damage\"\n|c| Ebastia12|Disease\n|c| Ebastia12|Lol\n|c| MLG Popplio|i've been trying for like 4 seasons now thank you very much\n|c|\u2606DjezzeMwoan|wait till primarina dies of kidney faillure\n|c| MLG Popplio|primarina defenitely got an std \n|c| Ebastia12|That would be good rng\n|c| MLG Popplio|and drapion gave it to her\n|c|\u2606DjezzeMwoan|this\n|c| BFO Ethanol|drapion looks like the kinda guy to have an std\n|c| BFO Ethanol|wont lie\n|c| Ebastia12|Def\n|c|\u2606DjezzeMwoan|or venusaur\n|c| Ebastia12|Mean no disrespect by that \n|c|\u2606DjezzeMwoan|name sounds like penus sore\n|\n|t:|1619899583\n|switch|p2a: Dikke potvis|Blissey, F|100\/100\n|switch|p1a: Renaldo|Garchomp, F|100\/100\n|\n|upkeep\n|turn|4\n|c| MLG Popplio|the type of guy to give it to like 5 guys and then be like \"omg i didn't know i was a carrier i swear\"\n|l| MLG Popplio\n|j| MLG Popplio\n|c| MLG Popplio|woops meant girls\n|c| MLG Popplio|my bias is showing\n|c| GET PARAREKT!|MHM\n|c| MLG Popplio|NMH\n|\n|t:|1619899644\n|switch|p2a: Anja|Cresselia, F|100\/100\n|move|p1a: Renaldo|Dual Chop|p2a: Anja\n|-damage|p2a: Anja|91\/100\n|-damage|p2a: Anja|81\/100\n|-hitcount|p2a: Anja|2\n|\n|upkeep\n|turn|5\n|c| Ebastia12|Big dual chop\n|c|\u2606squid bird|hugw\n|c| BFO Ethanol|big chi\n|c| BFO Ethanol|p\n|c|\u2606DjezzeMwoan|chad dual chop\n|c|\u2606DjezzeMwoan|vs virgin outrage\n|c| MLG Popplio|trynna take rocky helmet to get yourself in endure range\n|c| BFO Ethanol|chad dual chop vs virgin scale shot these days\n|c| MLG Popplio|very smart\n|c|\u2606DjezzeMwoan|wait why doent you use dragon claw\n|c|\u2606DjezzeMwoan|thats 80 bp\n|c|\u2606DjezzeMwoan|lol\n|c| Ebastia12|Sub ig\n|c| BFO Ethanol|sash\n|c| BFO Ethanol|or sub\n|c|\u2606DjezzeMwoan|nvm sub lol\n|c| MLG Popplio|*endeavor\n|c| MLG Popplio|sub isn't a move\n|c| Ebastia12|Getting into endure range\n|c| MLG Popplio|go away seb2\n|c|\u2606DjezzeMwoan|substitute do be kinda cringe\n|c| BFO Ethanol|catching the role play cress getting rough skin chip to push in to liechi range\n|c| BFO Ethanol|900000 IQ\n|c| MLG Popplio|if sub was real, then why doesn't everyone just use substitute to protect them from covid\n|c| MLG Popplio|checkmate\n|c|\u2606DjezzeMwoan|lmfao\n|c| BFO Ethanol|seb's done it\n|c| BFO Ethanol|hes solved the pandemic\n|c| MLG Popplio|no way covid does 25%\n|\n|t:|1619899756\n|switch|p1a: Eusebio|Primarina, F|100\/100\n|switch|p2a: Sjonnie|Drapion, M|100\/100\n|\n|upkeep\n|turn|6\n|c| Ebastia12|Clicking a move challenge (impossible)\n|\n|t:|1619899778\n|switch|p1a: Renaldo|Garchomp, F|100\/100\n|move|p2a: Sjonnie|Toxic Spikes|p1a: Renaldo\n|-sidestart|p1: squid bird|move: Toxic Spikes\n|\n|upkeep\n|turn|7\n|c| MLG Popplio|just wear a condom, eat your apple and you heal it all back\n|c|\u2606DjezzeMwoan|this\n|\n|t:|1619899791\n|switch|p2a: Anja|Cresselia, F|81\/100\n|move|p1a: Renaldo|Earthquake|p2a: Anja\n|-immune|p2a: Anja|[from] ability: Levitate\n|\n|upkeep\n|turn|8\n|c|\u2606DjezzeMwoan|lmfao ebastia\n|\n|t:|1619899815\n|switch|p1a: Weston|Marshadow|100\/100\n|-status|p1a: Weston|psn\n|switch|p2a: Gekke vogel|Ho-Oh|100\/100\n|\n|-damage|p1a: Weston|88\/100 psn|[from] psn\n|upkeep\n|turn|9\n|c|\u2606DjezzeMwoan|oof\n|c| MLG Popplio|i still don't know what squid's names are referencing and i don't wanna know\n|c| BFO Ethanol|Eusebio I think is madagascar3\n|c| Ebastia12|I'll leave it a mystery\n|c| BFO Ethanol|I think\n|c|\u2606DjezzeMwoan|lol i just put some shit in\n|c| BFO Ethanol|idk\n|c| MLG Popplio|i want to believe that they're just random names she made up for the mons cus they look the part\n|c|\u2606DjezzeMwoan|my empoleon is called snapking\n|c|\u2606DjezzeMwoan|because piplup sounds like pullup\n|c|\u2606DjezzeMwoan|pullup in je range maar je chickie die gaat vreemd\n|c|\u2606DjezzeMwoan|----> snapking\n|c| Ebastia12|True\n|c| MLG Popplio|cus ngl garchomp does look like renaldo\n|c| Ebastia12|Facts\n|\n|t:|1619899916\n|switch|p1a: Eusebio|Primarina, F|100\/100\n|-status|p1a: Eusebio|psn\n|move|p2a: Gekke vogel|Brave Bird|p1a: Eusebio\n|-damage|p1a: Eusebio|40\/100 psn\n|-damage|p2a: Gekke vogel|80\/100|[from] Recoil\n|\n|-heal|p1a: Eusebio|46\/100 psn|[from] item: Leftovers\n|-damage|p1a: Eusebio|34\/100 psn|[from] psn\n|upkeep\n|turn|10\n|c| MLG Popplio|ok maar\n|c|\u2606DjezzeMwoan|maar\n|\n|t:|1619899945\n|switch|p2a: Dikke potvis|Blissey, F|100\/100\n|move|p1a: Eusebio|Rest|p1a: Eusebio\n|-status|p1a: Eusebio|slp|[from] move: Rest\n|-heal|p1a: Eusebio|100\/100 slp|[silent]\n|\n|upkeep\n|turn|11\n|c| MLG Popplio|waarom is drapion niet killer kamal\n|\n|t:|1619899955\n|cant|p1a: Eusebio|slp\n|move|p1a: Eusebio|Sleep Talk|p1a: Eusebio\n|move|p1a: Eusebio|Calm Mind|p1a: Eusebio|[from]move: Sleep Talk\n|-boost|p1a: Eusebio|spa|1\n|-boost|p1a: Eusebio|spd|1\n|move|p2a: Dikke potvis|Seismic Toss|p1a: Eusebio\n|-damage|p1a: Eusebio|73\/100 slp\n|\n|-heal|p1a: Eusebio|79\/100 slp|[from] item: Leftovers\n|upkeep\n|turn|12\n|\n|t:|1619899965\n|switch|p2a: Snapking|Empoleon, M|100\/100\n|cant|p1a: Eusebio|slp\n|move|p1a: Eusebio|Sleep Talk|p1a: Eusebio\n|move|p1a: Eusebio|Calm Mind|p1a: Eusebio|[from]move: Sleep Talk\n|-boost|p1a: Eusebio|spa|1\n|-boost|p1a: Eusebio|spd|1\n|\n|-heal|p1a: Eusebio|85\/100 slp|[from] item: Leftovers\n|upkeep\n|turn|13\n|c|\u2606DjezzeMwoan|this has lang genoeg geduurd\n|c|\u2606DjezzeMwoan|bro idk hz drapion niet killer kamal heet\n|c| MLG Popplio|wacht\n|c| MLG Popplio|oml\n|c|\u2606DjezzeMwoan|zal ik volgende keer doen man\n|c|\u2606DjezzeMwoan|?\n|c| MLG Popplio|je herrinderde me\n|c| MLG Popplio|aan deze nederlandse guy op youtube\n|c|\u2606DjezzeMwoan|aan?\n|c|\u2606DjezzeMwoan|welke\n|c| MLG Popplio|die vriend van me had gevonden toen die echt ketter stoned was\n|c| MLG Popplio|en het is de meest geinige shit ooit\n|c|\u2606DjezzeMwoan|sydney?\n|c|\u2606DjezzeMwoan|stuur link\n|\n|t:|1619900041\n|-curestatus|p1a: Eusebio|slp|[msg]\n|move|p1a: Eusebio|Scald|p2a: Snapking\n|-resisted|p2a: Snapking\n|-damage|p2a: Snapking|80\/100\n|move|p2a: Snapking|Roar|p1a: Eusebio\n|drag|p1a: Ellsworth|Heatran, M|100\/100\n|\n|-heal|p2a: Snapking|86\/100|[from] item: Leftovers\n|upkeep\n|turn|14\n|c|\u2606DjezzeMwoan|hier\n|c| MLG Popplio|https:\/\/www.youtube.com\/watch?v=cYydOValtbQ\n|c|\u2606DjezzeMwoan|lmao\n|c|\u2606DjezzeMwoan|wat is dit nou weer\n|c|\u2606DjezzeMwoan|hahaha\n|c| MLG Popplio|het is zo nederlands en engels dat je brein niet kan processen wanneer het overschakeld\n|\n|t:|1619900135\n|switch|p1a: Marcellus|Tangela, M|100\/100\n|-status|p1a: Marcellus|psn\n|switch|p2a: Worse Arbok|Zygarde|100\/100\n|-ability|p2a: Worse Arbok|Aura Break\n|\n|-damage|p1a: Marcellus|88\/100 psn|[from] psn\n|upkeep\n|turn|15\n|c| MLG Popplio|Bo van Rossum\n|c| MLG Popplio|7 jaar geleden\n|c| MLG Popplio|Je zit zeker op altra \n|c| MLG Popplio|wat een held\n|c|\u2606DjezzeMwoan|wat\n|c| MLG Popplio|altra is school voor mensen met mentale stoornissen en average belmer jongeren\n|c|\u2606DjezzeMwoan|hahahaha\n|\n|t:|1619900220\n|move|p2a: Worse Arbok|Sludge Wave|p1a: Marcellus\n|-supereffective|p1a: Marcellus\n|-damage|p1a: Marcellus|17\/100 psn\n|move|p1a: Marcellus|Stun Spore|p2a: Worse Arbok|[miss]\n|-miss|p1a: Marcellus|p2a: Worse Arbok\n|\n|-heal|p1a: Marcellus|23\/100 psn|[from] item: Leftovers\n|-damage|p1a: Marcellus|11\/100 psn|[from] psn\n|upkeep\n|turn|16\n|c|\u2606squid bird|BRUH\n|c| MLG Popplio|en deze guy embodied beide\n|c|\u2606DjezzeMwoan|sorry man\n|c|\u2606DjezzeMwoan|ik that sucks so much\n|c| MLG Popplio|je moet de description lezen\n|\n|t:|1619900276\n|move|p2a: Worse Arbok|Thousand Arrows|p1a: Marcellus\n|-resisted|p1a: Marcellus\n|-damage|p1a: Marcellus|0 fnt\n|faint|p1a: Marcellus\n|\n|upkeep\n|c| MLG Popplio|het is echt de meest hilarische shit ooit\n|c|\u2606DjezzeMwoan|rip spaghetti man\n|c|\u2606DjezzeMwoan|is goed ik zal ff kijken\n|\n|t:|1619900323\n|switch|p1a: Renaldo|Garchomp, F|100\/100\n|-status|p1a: Renaldo|psn\n|turn|17\n|c|\u2606DjezzeMwoan|ja die comment\n|\n|t:|1619900338\n|switch|p2a: Anja|Cresselia, F|81\/100\n|move|p1a: Renaldo|Dual Chop|p2a: Anja\n|-damage|p2a: Anja|72\/100\n|-damage|p2a: Anja|62\/100\n|-hitcount|p2a: Anja|2\n|\n|-damage|p1a: Renaldo|88\/100 psn|[from] psn\n|upkeep\n|turn|18\n|c| MLG Popplio|\"G Wes zijn lyrics zijn ge\u00efnspireerd door the game World of Warcraft. Door de ervaring met het spelen van deze game heeft hij zijn teksten kunnen schrijven. Met alle thematiek die daar bij hoort. \"\n|c|\u2606DjezzeMwoan|HAHHAHAHAHA\n|c|\u2606DjezzeMwoan|dit is zo fucking grappig\n|c| MLG Popplio|https:\/\/www.youtube.com\/watch?v=FpUpHdEVhFc\n|c| MLG Popplio|honor killlzzz\n|c|\u2606DjezzeMwoan|lol\n|c|\u2606DjezzeMwoan|je zit zeker op altra\n|c|\u2606DjezzeMwoan|hahahah\n|c|\u2606DjezzeMwoan|hoe komt ie daar ookk bij\n|\n|t:|1619900412\n|move|p1a: Renaldo|Dual Chop|p2a: Anja\n|-damage|p2a: Anja|53\/100\n|-damage|p2a: Anja|43\/100\n|-hitcount|p2a: Anja|2\n|move|p2a: Anja|Moonlight|p2a: Anja\n|-heal|p2a: Anja|93\/100\n|\n|-damage|p1a: Renaldo|76\/100 psn|[from] psn\n|upkeep\n|turn|19\n|c| MLG Popplio|altra is best wel bekend als die school voor downies lol\n|c|\u2606DjezzeMwoan|lol\n|\n|t:|1619900442\n|move|p1a: Renaldo|Dual Chop|p2a: Anja\n|-damage|p2a: Anja|83\/100\n|-damage|p2a: Anja|71\/100\n|-hitcount|p2a: Anja|2\n|move|p2a: Anja|Psychic|p1a: Renaldo\n|-damage|p1a: Renaldo|49\/100 psn\n|\n|-damage|p1a: Renaldo|36\/100 psn|[from] psn\n|upkeep\n|turn|20\n|\n|t:|1619900458\n|switch|p1a: Ellsworth|Heatran, M|100\/100\n|move|p2a: Anja|Moonlight|p2a: Anja\n|-heal|p2a: Anja|100\/100\n|\n|upkeep\n|turn|21\n|c| MLG Popplio|lmfao for a second i was like \"where tf did the tspikes go\n|\n|t:|1619900466\n|switch|p2a: Dikke potvis|Blissey, F|100\/100\n|move|p1a: Ellsworth|Magma Storm|p2a: Dikke potvis\n|-damage|p2a: Dikke potvis|85\/100\n|-activate|p2a: Dikke potvis|move: Magma Storm|[of] p1a: Ellsworth\n|\n|-damage|p2a: Dikke potvis|72\/100|[from] move: Magma Storm|[partiallytrapped]\n|upkeep\n|turn|22\n|c|\u2606DjezzeMwoan|lol\n|c| MLG Popplio|then garchomp switched out and they reappeared\n|\n|t:|1619900476\n|switch|p2a: Worse Arbok|Zygarde|100\/100\n|-ability|p2a: Worse Arbok|Aura Break\n|move|p1a: Ellsworth|Taunt|p2a: Worse Arbok\n|-start|p2a: Worse Arbok|move: Taunt\n|\n|upkeep\n|turn|23\n|c|\u2606squid bird|Wait what?\n|c|\u2606DjezzeMwoan|virgin magma storm\n|c|\u2606DjezzeMwoan|vs the chad shed shell\n|c|\u2606DjezzeMwoan|gotem\n|c|\u2606squid bird|Bruh!!\n|\n|t:|1619900500\n|move|p2a: Worse Arbok|Thousand Arrows|p1a: Ellsworth\n|-supereffective|p1a: Ellsworth\n|-enditem|p1a: Ellsworth|Shuca Berry|[eat]\n|-enditem|p1a: Ellsworth|Shuca Berry|[weaken]\n|-damage|p1a: Ellsworth|58\/100\n|move|p1a: Ellsworth|Will-O-Wisp|p2a: Worse Arbok\n|-status|p2a: Worse Arbok|brn\n|\n|-damage|p2a: Worse Arbok|94\/100 brn|[from] brn\n|upkeep\n|turn|24\n|c|\u2606DjezzeMwoan|ye there is a reason i ran shed shell lmfao\n|c|\u2606DjezzeMwoan|so i dont get destroyed by that\n|c| MLG Popplio|me when i first battled pig and this man thought shed shell was one time use\n|\n|t:|1619900585\n|move|p2a: Worse Arbok|Thousand Arrows|p1a: Ellsworth\n|-supereffective|p1a: Ellsworth\n|-damage|p1a: Ellsworth|14\/100\n|move|p1a: Ellsworth|Dragon Pulse|p2a: Worse Arbok\n|-supereffective|p2a: Worse Arbok\n|-damage|p2a: Worse Arbok|51\/100 brn\n|\n|-damage|p2a: Worse Arbok|45\/100 brn|[from] brn\n|-end|p2a: Worse Arbok|move: Taunt\n|upkeep\n|turn|25\n|c|\u2606DjezzeMwoan|lmfao\n|\n|t:|1619900618\n|switch|p1a: Renaldo|Garchomp, F|36\/100 psn\n|move|p2a: Worse Arbok|Rest|p2a: Worse Arbok\n|-status|p2a: Worse Arbok|slp|[from] move: Rest\n|-heal|p2a: Worse Arbok|100\/100 slp|[silent]\n|\n|-damage|p1a: Renaldo|24\/100 psn|[from] psn\n|upkeep\n|turn|26\n|\n|t:|1619900633\n|switch|p2a: Anja|Cresselia, F|100\/100\n|move|p1a: Renaldo|Dual Chop|p2a: Anja\n|-damage|p2a: Anja|90\/100\n|-damage|p2a: Anja|80\/100\n|-hitcount|p2a: Anja|2\n|\n|-damage|p1a: Renaldo|12\/100 psn|[from] psn\n|upkeep\n|turn|27\n|\n|t:|1619900688\n|switch|p1a: Eusebio|Primarina, F|85\/100\n|-status|p1a: Eusebio|psn\n|move|p2a: Anja|Moonlight|p2a: Anja\n|-heal|p2a: Anja|100\/100\n|\n|-heal|p1a: Eusebio|91\/100 psn|[from] item: Leftovers\n|-damage|p1a: Eusebio|79\/100 psn|[from] psn\n|upkeep\n|turn|28\n|\n|t:|1619900735\n|switch|p2a: Sjonnie|Drapion, M|100\/100\n|move|p1a: Eusebio|Calm Mind|p1a: Eusebio\n|-boost|p1a: Eusebio|spa|1\n|-boost|p1a: Eusebio|spd|1\n|\n|-heal|p1a: Eusebio|85\/100 psn|[from] item: Leftovers\n|-damage|p1a: Eusebio|72\/100 psn|[from] psn\n|upkeep\n|turn|29\n|\n|t:|1619900796\n|move|p2a: Sjonnie|Knock Off|p1a: Eusebio\n|-resisted|p1a: Eusebio\n|-damage|p1a: Eusebio|61\/100 psn\n|-enditem|p1a: Eusebio|Leftovers|[from] move: Knock Off|[of] p2a: Sjonnie\n|move|p1a: Eusebio|Scald|p2a: Sjonnie\n|-damage|p2a: Sjonnie|35\/100\n|\n|-heal|p2a: Sjonnie|41\/100|[from] item: Black Sludge\n|-damage|p1a: Eusebio|48\/100 psn|[from] psn\n|upkeep\n|turn|30\n|\n|t:|1619900807\n|move|p2a: Sjonnie|Earthquake|p1a: Eusebio\n|-damage|p1a: Eusebio|33\/100 psn\n|move|p1a: Eusebio|Scald|p2a: Sjonnie\n|-damage|p2a: Sjonnie|0 fnt\n|faint|p2a: Sjonnie\n|\n|-damage|p1a: Eusebio|20\/100 psn|[from] psn\n|upkeep\n|\n|t:|1619900812\n|switch|p2a: Gekke vogel|Ho-Oh|100\/100\n|turn|31\n|\n|t:|1619900824\n|move|p2a: Gekke vogel|Brave Bird|p1a: Eusebio\n|-damage|p1a: Eusebio|0 fnt\n|-damage|p2a: Gekke vogel|94\/100|[from] Recoil\n|faint|p1a: Eusebio\n|\n|upkeep\n|\n|t:|1619900913\n|switch|p1a: Renaldo|Garchomp, F|12\/100 psn\n|turn|32\n|\n|t:|1619900922\n|move|p1a: Renaldo|Dual Chop|p2a: Gekke vogel\n|-damage|p2a: Gekke vogel|70\/100\n|-damage|p2a: Gekke vogel|46\/100\n|-hitcount|p2a: Gekke vogel|2\n|move|p2a: Gekke vogel|Brave Bird|p1a: Renaldo\n|-damage|p1a: Renaldo|0 fnt\n|-damage|p2a: Gekke vogel|34\/100|[from] ability: Rough Skin|[of] p1a: Renaldo\n|-damage|p2a: Gekke vogel|30\/100|[from] Recoil\n|faint|p1a: Renaldo\n|\n|upkeep\n|c| MLG Popplio|djezze click your move smh\n|\n|t:|1619901099\n|switch|p1a: Weston|Marshadow|88\/100 psn\n|turn|33\n|c|\u2606DjezzeMwoan|sorry im calcing\n|\n|t:|1619901109\n|switch|p2a: Worse Arbok|Zygarde|100\/100 slp\n|-ability|p2a: Worse Arbok|Aura Break\n|move|p1a: Weston|Rock Slide|p2a: Worse Arbok|[miss]\n|-miss|p1a: Weston|p2a: Worse Arbok\n|\n|-damage|p1a: Weston|76\/100 psn|[from] psn\n|upkeep\n|turn|34\n|c|\u2606DjezzeMwoan|damn\n|c|\u2606DjezzeMwoan|this zygarde is dodgy\n|\n|t:|1619901147\n|move|p1a: Weston|Close Combat|p2a: Worse Arbok\n|-damage|p2a: Worse Arbok|67\/100 slp\n|-unboost|p1a: Weston|def|1\n|-unboost|p1a: Weston|spd|1\n|cant|p2a: Worse Arbok|slp\n|move|p2a: Worse Arbok|Sleep Talk|p2a: Worse Arbok\n|move|p2a: Worse Arbok|Sludge Wave|p1a: Weston|[from]move: Sleep Talk\n|-resisted|p1a: Weston\n|-damage|p1a: Weston|62\/100 psn\n|\n|-damage|p1a: Weston|49\/100 psn|[from] psn\n|upkeep\n|turn|35\n|c| MLG Popplio|sludge wave is basically just a poison damage\n|c|\u2606DjezzeMwoan|lmfao\n|\n|t:|1619901214\n|move|p1a: Weston|Spectral Thief|p2a: Worse Arbok\n|-damage|p2a: Worse Arbok|41\/100 slp\n|cant|p2a: Worse Arbok|slp\n|move|p2a: Worse Arbok|Sleep Talk|p2a: Worse Arbok\n|move|p2a: Worse Arbok|Rest||[from]move: Sleep Talk|[still]\n|-fail|p2a: Worse Arbok\n|\n|-damage|p1a: Weston|37\/100 psn|[from] psn\n|upkeep\n|turn|36\n|\n|t:|1619901225\n|move|p1a: Weston|Spectral Thief|p2a: Worse Arbok\n|-damage|p2a: Worse Arbok|17\/100 slp\n|-curestatus|p2a: Worse Arbok|slp|[msg]\n|move|p2a: Worse Arbok|Thousand Arrows|p1a: Weston\n|-damage|p1a: Weston|0 fnt\n|faint|p1a: Weston\n|\n|upkeep\n|c| MLG Popplio|not resting, i thought i taught you better then this\n|\n|t:|1619901246\n|switch|p1a: Ellsworth|Heatran, M|14\/100\n|turn|37\n|c|\u2606DjezzeMwoan|what do i need rest for\n|\n|t:|1619901252\n|move|p2a: Worse Arbok|Thousand Arrows|p1a: Ellsworth\n|-supereffective|p1a: Ellsworth\n|-damage|p1a: Ellsworth|0 fnt\n|faint|p1a: Ellsworth\n|\n|upkeep\n|c|\u2606DjezzeMwoan|im faster then that mon\n|\n|t:|1619901262\n|switch|p1a: Gaylord|Blastoise, M|100\/100\n|-status|p1a: Gaylord|psn\n|-enditem|p1a: Gaylord|Lum Berry|[eat]\n|-curestatus|p1a: Gaylord|psn|[msg]\n|turn|38\n|\n|t:|1619901275\n|move|p1a: Gaylord|Ice Punch|p2a: Worse Arbok\n|-supereffective|p2a: Worse Arbok\n|-enditem|p2a: Worse Arbok|Yache Berry|[eat]\n|-enditem|p2a: Worse Arbok|Yache Berry|[weaken]\n|-damage|p2a: Worse Arbok|0 fnt\n|faint|p2a: Worse Arbok\n|\n|upkeep\n|\n|t:|1619901280\n|switch|p2a: Anja|Cresselia, F|100\/100\n|turn|39\n|\n|t:|1619901284\n|move|p1a: Gaylord|Shell Smash|p1a: Gaylord\n|-unboost|p1a: Gaylord|def|1\n|-unboost|p1a: Gaylord|spd|1\n|-boost|p1a: Gaylord|atk|2\n|-boost|p1a: Gaylord|spa|2\n|-boost|p1a: Gaylord|spe|2\n|move|p2a: Anja|Toxic|p1a: Gaylord\n|-status|p1a: Gaylord|tox\n|\n|-damage|p1a: Gaylord|95\/100 tox|[from] psn\n|upkeep\n|turn|40\n|c| MLG Popplio|oh ye fair lol\n|c| MLG Popplio|altho the true dutchy always rests when he can\n|\n|t:|1619901294\n|switch|p2a: Snapking|Empoleon, M|86\/100\n|move|p1a: Gaylord|Shell Smash|p1a: Gaylord\n|-unboost|p1a: Gaylord|def|1\n|-unboost|p1a: Gaylord|spd|1\n|-boost|p1a: Gaylord|atk|2\n|-boost|p1a: Gaylord|spa|2\n|-boost|p1a: Gaylord|spe|2\n|\n|-heal|p2a: Snapking|92\/100|[from] item: Leftovers\n|-damage|p1a: Gaylord|83\/100 tox|[from] psn\n|upkeep\n|turn|41\n|c|\u2606DjezzeMwoan|he do be sleeping\n|\n|t:|1619901307\n|move|p2a: Snapking|Protect|p2a: Snapking\n|-singleturn|p2a: Snapking|Protect\n|move|p1a: Gaylord|Crunch|p2a: Snapking\n|-activate|p2a: Snapking|move: Protect\n|\n|-heal|p2a: Snapking|98\/100|[from] item: Leftovers\n|-damage|p1a: Gaylord|65\/100 tox|[from] psn\n|upkeep\n|turn|42\n|c| MLG Popplio|smashing\n|c| MLG Popplio|that does\n|\n|t:|1619901314\n|switch|p2a: Gekke vogel|Ho-Oh|63\/100\n|move|p1a: Gaylord|Crunch|p2a: Gekke vogel\n|-damage|p2a: Gekke vogel|0 fnt\n|faint|p2a: Gekke vogel\n|\n|-damage|p1a: Gaylord|41\/100 tox|[from] psn\n|upkeep\n|c| MLG Popplio|40\n|c| MLG Popplio|nvm\n|\n|t:|1619901322\n|switch|p2a: Dikke potvis|Blissey, F|72\/100\n|turn|43\n|c| MLG Popplio|sheesh\n|c|\u2606DjezzeMwoan|ik heb er nog een\n|\n|t:|1619901328\n|move|p2a: Dikke potvis|Protect|p2a: Dikke potvis\n|-singleturn|p2a: Dikke potvis|Protect\n|move|p1a: Gaylord|Aqua Tail|p2a: Dikke potvis\n|-activate|p2a: Dikke potvis|move: Protect\n|\n|-damage|p1a: Gaylord|11\/100 tox|[from] psn\n|upkeep\n|turn|44\n|c| MLG Popplio|LMFAO\n|c| MLG Popplio|strijder\n|\n|t:|1619901337\n|switch|p2a: Anja|Cresselia, F|100\/100\n|move|p1a: Gaylord|Aqua Tail|p2a: Anja\n|-damage|p2a: Anja|14\/100\n|\n|-damage|p1a: Gaylord|0 fnt|[from] psn\n|faint|p1a: Gaylord\n|\n|win|DjezzeMwoan\n|upkeep\n|c|\u2606DjezzeMwoan|lol\n|c|\u2606DjezzeMwoan|that lives\n|c|\u2606DjezzeMwoan|gg man\n|c| MLG Popplio|smh niet voor dubbel protect gaan\n|c|\u2606DjezzeMwoan|wp\n|c|\u2606squid bird|gg\n|c|\u2606DjezzeMwoan|diff houden he\n","uploadtime":1619901354,"views":20,"p1id":"squidbird","p2id":"djezzemwoan","formatid":"gen8nationaldexdraft","rating":0,"private":0,"password":null}