{"id":"sports-gen8nationaldexdraft-728035","p1":"Elon Musk Rusk","p2":"RealDarthJim","format":"gen8nationaldexdraft","log":"|j|\u2606Elon Musk Rusk\n|j|\u2606RealDarthJim\n|t:|1663439077\n|gametype|singles\n|player|p1|Elon Musk Rusk|266|\n|player|p2|RealDarthJim|volkner|\n|teamsize|p1|6\n|teamsize|p2|6\n|gen|8\n|tier|[Gen 8] National Dex Draft\n|rule|Sleep Clause Mod: Limit one foe put to sleep\n|rule|OHKO Clause: OHKO moves are banned\n|rule|Evasion Moves Clause: Evasion moves are banned\n|rule|Endless Battle Clause: Forcing endless battles is banned\n|rule|HP Percentage Mod: HP is shown in percentages\n|rule|Dynamax Clause: You cannot dynamax\n|clearpoke\n|poke|p1|Rhyperior, M|\n|poke|p1|Magneton|\n|poke|p1|Heliolisk, M|\n|poke|p1|Magmar, F|\n|poke|p1|Yanmega, F|\n|poke|p1|Appletun, M|\n|poke|p2|Hariyama, M|\n|poke|p2|Steelix, M|\n|poke|p2|Granbull, M|\n|poke|p2|Lycanroc, M|\n|poke|p2|Manectric, M|\n|poke|p2|Mantine, M|\n|teampreview\n|html|<button name=\"send\" class=\"button\" value=\"\/timer ds\"><i class=\"fa fa-hourglass-start\"><\/i> DS Timer<\/button> <button name=\"send\" class=\"button\" value=\"\/timer smogon\"><i class=\"fa fa-hourglass-start\"><\/i> Smogon Timer<\/button>\n|c|\u2606RealDarthJim|glhf\n|j| Suicune Simp #15\n|\n|t:|1663439128\n|start\n|switch|p1a: Magmar|Magmar, F|100\/100\n|switch|p2a: Regifairy|Granbull, M|100\/100\n|-ability|p2a: Regifairy|Intimidate|boost\n|-unboost|p1a: Magmar|atk|1\n|turn|1\n|\n|t:|1663439137\n|move|p1a: Magmar|Substitute|p1a: Magmar\n|-start|p1a: Magmar|Substitute\n|-damage|p1a: Magmar|76\/100\n|move|p2a: Regifairy|Earthquake|p1a: Magmar\n|-supereffective|p1a: Magmar\n|-end|p1a: Magmar|Substitute\n|\n|upkeep\n|turn|2\n|\n|t:|1663439145\n|switch|p1a: Yanmega|Yanmega, F|100\/100\n|move|p2a: Regifairy|Earthquake|p1a: Yanmega\n|-immune|p1a: Yanmega\n|\n|upkeep\n|turn|3\n|\n|t:|1663439157\n|switch|p2a: Regisnake|Steelix, M|100\/100\n|move|p1a: Yanmega|U-turn|p2a: Regisnake\n|-resisted|p2a: Regisnake\n|-damage|p2a: Regisnake|90\/100\n|\n|t:|1663439162\n|switch|p1a: Magmar|Magmar, F|76\/100|[from]move: U-turn\n|\n|upkeep\n|turn|4\n|\n|t:|1663439166\n|move|p1a: Magmar|Fire Blast|p2a: Regisnake\n|-supereffective|p2a: Regisnake\n|-damage|p2a: Regisnake|0 fnt\n|faint|p2a: Regisnake\n|\n|upkeep\n|\n|t:|1663439172\n|switch|p2a: Regiwolf|Lycanroc, M|100\/100\n|turn|5\n|\n|t:|1663439179\n|switch|p1a: Appletun|Appletun, M|100\/100\n|move|p2a: Regiwolf|Accelerock|p1a: Appletun\n|-damage|p1a: Appletun|83\/100\n|-damage|p2a: Regiwolf|91\/100|[from] item: Life Orb\n|\n|-heal|p1a: Appletun|89\/100|[from] item: Leftovers\n|upkeep\n|turn|6\n|\n|t:|1663439189\n|move|p2a: Regiwolf|Play Rough|p1a: Appletun\n|-supereffective|p1a: Appletun\n|-damage|p1a: Appletun|40\/100\n|-damage|p2a: Regiwolf|81\/100|[from] item: Life Orb\n|move|p1a: Appletun|Recover|p1a: Appletun\n|-heal|p1a: Appletun|90\/100\n|\n|-heal|p1a: Appletun|96\/100|[from] item: Leftovers\n|upkeep\n|turn|7\n|\n|t:|1663439205\n|switch|p2a: Regifairy|Granbull, M|100\/100\n|-ability|p2a: Regifairy|Intimidate|boost\n|-unboost|p1a: Appletun|atk|1\n|move|p1a: Appletun|Leech Seed|p2a: Regifairy\n|-start|p2a: Regifairy|move: Leech Seed\n|\n|-heal|p1a: Appletun|100\/100|[from] item: Leftovers\n|-damage|p2a: Regifairy|88\/100|[from] Leech Seed|[of] p1a: Appletun\n|upkeep\n|turn|8\n|\n|t:|1663439219\n|switch|p1a: Rhyperior|Rhyperior, M|100\/100\n|move|p2a: Regifairy|Rock Slide|p1a: Rhyperior\n|-resisted|p1a: Rhyperior\n|-damage|p1a: Rhyperior|89\/100\n|\n|-heal|p1a: Rhyperior|95\/100|[from] item: Leftovers\n|-damage|p2a: Regifairy|76\/100|[from] Leech Seed|[of] p1a: Rhyperior\n|-heal|p1a: Rhyperior|100\/100|[silent]\n|upkeep\n|turn|9\n|\n|t:|1663439238\n|switch|p2a: Regifish|Mantine, M|100\/100\n|move|p1a: Rhyperior|Stealth Rock|p2a: Regifish\n|-sidestart|p2: RealDarthJim|move: Stealth Rock\n|\n|upkeep\n|turn|10\n|\n|t:|1663439246\n|switch|p1a: Heliolisk|Heliolisk, M|100\/100\n|move|p2a: Regifish|Defog|p1a: Heliolisk\n|-unboost|p1a: Heliolisk|evasion|1\n|-sideend|p2: RealDarthJim|Stealth Rock|[from] move: Defog|[of] p2a: Regifish\n|\n|upkeep\n|turn|11\n|\n|t:|1663439262\n|switch|p2a: Regibork|Manectric, M|100\/100\n|move|p1a: Heliolisk|U-turn|p2a: Regibork\n|-damage|p2a: Regibork|85\/100\n|\n|t:|1663439267\n|switch|p1a: Rhyperior|Rhyperior, M|100\/100|[from]move: U-turn\n|\n|upkeep\n|turn|12\n|\n|t:|1663439275\n|switch|p2a: Regifist|Hariyama, M|100\/100\n|move|p1a: Rhyperior|Toxic|p2a: Regifist\n|-status|p2a: Regifist|tox\n|\n|-damage|p2a: Regifist|94\/100 tox|[from] psn\n|upkeep\n|turn|13\n|\n|t:|1663439284\n|switch|p1a: Yanmega|Yanmega, F|100\/100\n|move|p2a: Regifist|Close Combat|p1a: Yanmega\n|-resisted|p1a: Yanmega\n|-damage|p1a: Yanmega|71\/100\n|-unboost|p2a: Regifist|def|1\n|-unboost|p2a: Regifist|spd|1\n|\n|-damage|p2a: Regifist|82\/100 tox|[from] psn\n|upkeep\n|turn|14\n|\n|t:|1663439308\n|switch|p2a: Regifairy|Granbull, M|76\/100\n|-ability|p2a: Regifairy|Intimidate|boost\n|-unboost|p1a: Yanmega|atk|1\n|move|p1a: Yanmega|Bug Buzz|p2a: Regifairy\n|-resisted|p2a: Regifairy\n|-damage|p2a: Regifairy|18\/100\n|\n|upkeep\n|turn|15\n|\n|t:|1663439316\n|move|p1a: Yanmega|Bug Buzz|p2a: Regifairy\n|-resisted|p2a: Regifairy\n|-damage|p2a: Regifairy|0 fnt\n|faint|p2a: Regifairy\n|\n|upkeep\n|\n|t:|1663439324\n|switch|p2a: Regiwolf|Lycanroc, M|81\/100\n|turn|16\n|\n|t:|1663439333\n|switch|p1a: Magneton|Magneton|100\/100\n|move|p2a: Regiwolf|Brick Break|p1a: Magneton\n|-supereffective|p1a: Magneton\n|-damage|p1a: Magneton|52\/100\n|-damage|p2a: Regiwolf|71\/100|[from] item: Life Orb\n|\n|upkeep\n|turn|17\n|\n|t:|1663439342\n|move|p2a: Regiwolf|Brick Break|p1a: Magneton\n|-supereffective|p1a: Magneton\n|-damage|p1a: Magneton|3\/100\n|-damage|p2a: Regiwolf|61\/100|[from] item: Life Orb\n|move|p1a: Magneton|Flash Cannon|p2a: Regiwolf\n|-supereffective|p2a: Regiwolf\n|-damage|p2a: Regiwolf|0 fnt\n|faint|p2a: Regiwolf\n|\n|upkeep\n|\n|t:|1663439350\n|switch|p2a: Regibork|Manectric, M|85\/100\n|turn|18\n|\n|t:|1663439354\n|switch|p1a: Rhyperior|Rhyperior, M|100\/100\n|detailschange|p2a: Regibork|Manectric-Mega, M\n|-mega|p2a: Regibork|Manectric|Manectite\n|-ability|p2a: Regibork|Intimidate|boost\n|-unboost|p1a: Rhyperior|atk|1\n|move|p2a: Regibork|Flamethrower|p1a: Rhyperior\n|-resisted|p1a: Rhyperior\n|-damage|p1a: Rhyperior|79\/100\n|\n|-heal|p1a: Rhyperior|85\/100|[from] item: Leftovers\n|upkeep\n|turn|19\n|\n|t:|1663439364\n|switch|p2a: Regifish|Mantine, M|100\/100\n|move|p1a: Rhyperior|Stealth Rock|p2a: Regifish\n|-sidestart|p2: RealDarthJim|move: Stealth Rock\n|\n|-heal|p1a: Rhyperior|91\/100|[from] item: Leftovers\n|upkeep\n|turn|20\n|\n|t:|1663439375\n|switch|p1a: Heliolisk|Heliolisk, M|100\/100\n|move|p2a: Regifish|Air Slash|p1a: Heliolisk\n|-resisted|p1a: Heliolisk\n|-damage|p1a: Heliolisk|85\/100\n|\n|upkeep\n|turn|21\n|\n|t:|1663439384\n|switch|p2a: Regifist|Hariyama, M|82\/100 tox\n|-damage|p2a: Regifist|76\/100 tox|[from] Stealth Rock\n|move|p1a: Heliolisk|Thunderbolt|p2a: Regifist\n|-damage|p2a: Regifist|15\/100 tox\n|\n|-damage|p2a: Regifist|8\/100 tox|[from] psn\n|upkeep\n|turn|22\n|\n|t:|1663439395\n|move|p1a: Heliolisk|Thunderbolt|p2a: Regifist\n|-damage|p2a: Regifist|0 fnt\n|faint|p2a: Regifist\n|\n|upkeep\n|\n|t:|1663439398\n|switch|p2a: Regibork|Manectric-Mega, M|85\/100\n|-damage|p2a: Regibork|73\/100|[from] Stealth Rock\n|-ability|p2a: Regibork|Intimidate|boost\n|-unboost|p1a: Heliolisk|atk|1\n|turn|23\n|\n|t:|1663439403\n|switch|p1a: Rhyperior|Rhyperior, M|91\/100\n|move|p2a: Regibork|Flamethrower|p1a: Rhyperior\n|-resisted|p1a: Rhyperior\n|-damage|p1a: Rhyperior|67\/100\n|\n|-heal|p1a: Rhyperior|74\/100|[from] item: Leftovers\n|upkeep\n|turn|24\n|\n|t:|1663439410\n|switch|p2a: Regifish|Mantine, M|100\/100\n|-damage|p2a: Regifish|76\/100|[from] Stealth Rock\n|move|p1a: Rhyperior|Stone Edge|p2a: Regifish\n|-supereffective|p2a: Regifish\n|-crit|p2a: Regifish\n|-damage|p2a: Regifish|0 fnt\n|faint|p2a: Regifish\n|\n|-heal|p1a: Rhyperior|80\/100|[from] item: Leftovers\n|upkeep\n|c|\u2606Elon Musk Rusk|gg\n|\n|t:|1663439421\n|switch|p2a: Regibork|Manectric-Mega, M|73\/100\n|-damage|p2a: Regibork|61\/100|[from] Stealth Rock\n|-ability|p2a: Regibork|Intimidate|boost\n|-unboost|p1a: Rhyperior|atk|1\n|turn|25\n|c|\u2606RealDarthJim|gg\n|\n|t:|1663439426\n|move|p2a: Regibork|Flamethrower|p1a: Rhyperior\n|-resisted|p1a: Rhyperior\n|-damage|p1a: Rhyperior|59\/100\n|move|p1a: Rhyperior|Earthquake|p2a: Regibork\n|-supereffective|p2a: Regibork\n|-damage|p2a: Regibork|0 fnt\n|faint|p2a: Regibork\n|\n|win|Elon Musk Rusk\n","uploadtime":1663439431,"views":7,"p1id":"elonmuskrusk","p2id":"realdarthjim","formatid":"gen8nationaldexdraft","rating":0,"private":0,"password":null}