{"id":"sports-gen8nationaldexdraft-703569","p1":"Elon Musk Rusk","p2":"Krock0dile","format":"gen8nationaldexdraft","log":"|j|\u2606Elon Musk Rusk\n|j|\u2606Krock0dile\n|t:|1659885205\n|gametype|singles\n|player|p1|Elon Musk Rusk|169|\n|player|p2|Krock0dile|steven|\n|teamsize|p1|6\n|teamsize|p2|6\n|gen|8\n|tier|[Gen 8] National Dex Draft\n|rule|Sleep Clause Mod: Limit one foe put to sleep\n|rule|OHKO Clause: OHKO moves are banned\n|rule|Evasion Moves Clause: Evasion moves are banned\n|rule|Endless Battle Clause: Forcing endless battles is banned\n|rule|HP Percentage Mod: HP is shown in percentages\n|rule|Dynamax Clause: You cannot dynamax\n|clearpoke\n|poke|p1|Zapdos|\n|poke|p1|Aegislash, M|\n|poke|p1|Medicham, F|\n|poke|p1|Crobat, F|\n|poke|p1|Swampert, F|\n|poke|p1|Deoxys-Defense|\n|poke|p2|Latios, M|\n|poke|p2|Melmetal|\n|poke|p2|Toxapex, F|\n|poke|p2|Krookodile, F|\n|poke|p2|Volcarona, M|\n|poke|p2|Manectric, F|\n|teampreview\n|html|<button name=\"send\" class=\"button\" value=\"\/timer ds\"><i class=\"fa fa-hourglass-start\"><\/i> DS Timer<\/button> <button name=\"send\" class=\"button\" value=\"\/timer smogon\"><i class=\"fa fa-hourglass-start\"><\/i> Smogon Timer<\/button>\n|c|\u2606Krock0dile|gl hf\n|l|\u2606Elon Musk Rusk\n|player|p1|\n|j|\u2606Elon Musk Rusk\n|player|p1|Elon Musk Rusk|169\n|\n|t:|1659885287\n|start\n|switch|p1a: Swampert|Swampert, F|100\/100\n|switch|p2a: Terrabite|Krookodile, F|100\/100\n|turn|1\n|\n|t:|1659885350\n|move|p2a: Terrabite|Knock Off|p1a: Swampert\n|-damage|p1a: Swampert|62\/100\n|-enditem|p1a: Swampert|Leftovers|[from] move: Knock Off|[of] p2a: Terrabite\n|move|p1a: Swampert|High Horsepower|p2a: Terrabite\n|-damage|p2a: Terrabite|57\/100\n|\n|upkeep\n|turn|2\n|\n|t:|1659885356\n|switch|p2a: Jetfire|Latios, M|100\/100\n|move|p1a: Swampert|Flip Turn|p2a: Jetfire\n|-resisted|p2a: Jetfire\n|-damage|p2a: Jetfire|87\/100\n|\n|t:|1659885368\n|switch|p1a: Crobat|Crobat, F|100\/100|[from]move: Flip Turn\n|\n|upkeep\n|turn|3\n|inactive|Battle timer is ON: inactive players will automatically lose when time's up. (requested by Elon Musk Rusk)\n|inactiveoff|Battle timer is now OFF.\n|\n|t:|1659885406\n|switch|p1a: Aegislash|Aegislash, M|100\/100\n|move|p2a: Jetfire|Draco Meteor|p1a: Aegislash\n|-resisted|p1a: Aegislash\n|-damage|p1a: Aegislash|73\/100\n|-unboost|p2a: Jetfire|spa|2\n|-damage|p2a: Jetfire|77\/100|[from] item: Life Orb\n|\n|-heal|p1a: Aegislash|79\/100|[from] item: Leftovers\n|upkeep\n|turn|4\n|\n|t:|1659885416\n|switch|p2a: No Fun 4 U|Toxapex, F|100\/100\n|move|p1a: Aegislash|Metal Sound|p2a: No Fun 4 U\n|-unboost|p2a: No Fun 4 U|spd|2\n|\n|-heal|p1a: Aegislash|86\/100|[from] item: Leftovers\n|upkeep\n|turn|5\n|\n|t:|1659885421\n|-formechange|p1a: Aegislash|Aegislash-Blade||[from] ability: Stance Change\n|move|p1a: Aegislash|Shadow Ball|p2a: No Fun 4 U\n|-damage|p2a: No Fun 4 U|48\/100\n|move|p2a: No Fun 4 U|Haze|p2a: No Fun 4 U\n|-clearallboost\n|\n|-heal|p1a: Aegislash|92\/100|[from] item: Leftovers\n|upkeep\n|turn|6\n|\n|t:|1659885425\n|-formechange|p1a: Aegislash|Aegislash||[from] ability: Stance Change\n|move|p1a: Aegislash|King's Shield|p1a: Aegislash\n|-singleturn|p1a: Aegislash|Protect\n|move|p2a: No Fun 4 U|Recover|p2a: No Fun 4 U\n|-heal|p2a: No Fun 4 U|98\/100\n|\n|-heal|p1a: Aegislash|98\/100|[from] item: Leftovers\n|upkeep\n|turn|7\n|\n|t:|1659885445\n|move|p1a: Aegislash|Metal Sound|p2a: No Fun 4 U\n|-unboost|p2a: No Fun 4 U|spd|2\n|move|p2a: No Fun 4 U|Scald|p1a: Aegislash\n|-damage|p1a: Aegislash|87\/100\n|\n|-heal|p1a: Aegislash|93\/100|[from] item: Leftovers\n|upkeep\n|turn|8\n|\n|t:|1659885453\n|switch|p1a: Zapdos|Zapdos|100\/100\n|switch|p2a: Terrabite|Krookodile, F|57\/100\n|\n|upkeep\n|turn|9\n|\n|t:|1659885469\n|switch|p1a: Swampert|Swampert, F|62\/100\n|move|p2a: Terrabite|Crunch|p1a: Swampert\n|-damage|p1a: Swampert|29\/100\n|\n|upkeep\n|turn|10\n|\n|t:|1659885479\n|move|p2a: Terrabite|Crunch|p1a: Swampert\n|-damage|p1a: Swampert|0 fnt\n|faint|p1a: Swampert\n|-ability|p2a: Terrabite|Moxie|boost\n|-boost|p2a: Terrabite|atk|1\n|\n|upkeep\n|\n|t:|1659885481\n|switch|p1a: Medicham|Medicham, F|100\/100\n|turn|11\n|\n|t:|1659885524\n|detailschange|p1a: Medicham|Medicham-Mega, F\n|-mega|p1a: Medicham|Medicham|Medichamite\n|move|p1a: Medicham|Fake Out|p2a: Terrabite\n|-damage|p2a: Terrabite|31\/100\n|cant|p2a: Terrabite|flinch\n|\n|upkeep\n|turn|12\n|l|\u2606Elon Musk Rusk\n|player|p1|\n|j|\u2606Elon Musk Rusk\n|player|p1|Elon Musk Rusk|169\n|\n|t:|1659885561\n|move|p2a: Terrabite|Crunch|p1a: Medicham\n|-damage|p1a: Medicham|4\/100\n|move|p1a: Medicham|Drain Punch|p2a: Terrabite\n|-supereffective|p2a: Terrabite\n|-damage|p2a: Terrabite|0 fnt\n|-heal|p1a: Medicham|24\/100|[from] drain|[of] p2a: Terrabite\n|faint|p2a: Terrabite\n|\n|upkeep\n|\n|t:|1659885570\n|switch|p2a: Jetfire|Latios, M|77\/100\n|turn|13\n|\n|t:|1659885576\n|switch|p1a: Deoxys|Deoxys-Defense|100\/100\n|-ability|p1a: Deoxys|Pressure\n|move|p2a: Jetfire|Shadow Ball|p1a: Deoxys\n|-supereffective|p1a: Deoxys\n|-damage|p1a: Deoxys|59\/100\n|-damage|p2a: Jetfire|67\/100|[from] item: Life Orb\n|\n|-heal|p1a: Deoxys|66\/100|[from] item: Leftovers\n|upkeep\n|turn|14\n|\n|t:|1659885585\n|move|p2a: Jetfire|Recover|p2a: Jetfire\n|-heal|p2a: Jetfire|100\/100\n|move|p1a: Deoxys|Recover|p1a: Deoxys\n|-heal|p1a: Deoxys|100\/100\n|\n|upkeep\n|turn|15\n|\n|t:|1659885592\n|move|p2a: Jetfire|Shadow Ball|p1a: Deoxys\n|-supereffective|p1a: Deoxys\n|-damage|p1a: Deoxys|54\/100\n|-unboost|p1a: Deoxys|spd|1\n|-damage|p2a: Jetfire|91\/100|[from] item: Life Orb\n|move|p1a: Deoxys|Toxic|p2a: Jetfire\n|-status|p2a: Jetfire|tox\n|\n|-heal|p1a: Deoxys|61\/100|[from] item: Leftovers\n|-damage|p2a: Jetfire|84\/100 tox|[from] psn\n|upkeep\n|turn|16\n|\n|t:|1659885604\n|switch|p2a: Mr Clean|Volcarona, M, shiny|100\/100\n|switch|p1a: Aegislash|Aegislash, M|93\/100\n|\n|-heal|p1a: Aegislash|99\/100|[from] item: Leftovers\n|upkeep\n|turn|17\n|\n|t:|1659885611\n|switch|p1a: Crobat|Crobat, F|100\/100\n|move|p2a: Mr Clean|Quiver Dance|p2a: Mr Clean\n|-boost|p2a: Mr Clean|spa|1\n|-boost|p2a: Mr Clean|spd|1\n|-boost|p2a: Mr Clean|spe|1\n|\n|upkeep\n|turn|18\n|\n|t:|1659885642\n|switch|p2a: Built Different|Melmetal, shiny|100\/100\n|move|p1a: Crobat|Brave Bird|p2a: Built Different\n|-resisted|p2a: Built Different\n|-damage|p2a: Built Different|88\/100\n|-damage|p1a: Crobat|96\/100|[from] Recoil\n|\n|upkeep\n|turn|19\n|\n|t:|1659885689\n|switch|p1a: Aegislash|Aegislash, M|99\/100\n|move|p2a: Built Different|Double Iron Bash|p1a: Aegislash\n|-resisted|p1a: Aegislash\n|-damage|p1a: Aegislash|83\/100\n|-resisted|p1a: Aegislash\n|-damage|p1a: Aegislash|66\/100\n|-hitcount|p1a: Aegislash|2\n|\n|-heal|p1a: Aegislash|72\/100|[from] item: Leftovers\n|upkeep\n|turn|20\n|\n|t:|1659885755\n|switch|p1a: Zapdos|Zapdos|100\/100\n|move|p2a: Built Different|Ice Punch|p1a: Zapdos\n|-supereffective|p1a: Zapdos\n|-crit|p1a: Zapdos\n|-damage|p1a: Zapdos|28\/100\n|-status|p2a: Built Different|par|[from] ability: Static|[of] p1a: Zapdos\n|\n|upkeep\n|turn|21\n|\n|t:|1659885806\n|move|p1a: Zapdos|Roost|p1a: Zapdos\n|-heal|p1a: Zapdos|78\/100\n|-singleturn|p1a: Zapdos|move: Roost\n|move|p2a: Built Different|Earthquake|p1a: Zapdos\n|-supereffective|p1a: Zapdos\n|-damage|p1a: Zapdos|20\/100\n|\n|upkeep\n|turn|22\n|\n|t:|1659885870\n|switch|p2a: Jetfire|Latios, M|84\/100 tox\n|move|p1a: Zapdos|Roost|p1a: Zapdos\n|-heal|p1a: Zapdos|70\/100\n|-singleturn|p1a: Zapdos|move: Roost\n|\n|-damage|p2a: Jetfire|78\/100 tox|[from] psn\n|upkeep\n|turn|23\n|\n|t:|1659885881\n|switch|p1a: Aegislash|Aegislash, M|72\/100\n|move|p2a: Jetfire|Shadow Ball|p1a: Aegislash\n|-supereffective|p1a: Aegislash\n|-damage|p1a: Aegislash|27\/100\n|-damage|p2a: Jetfire|68\/100 tox|[from] item: Life Orb\n|\n|-heal|p1a: Aegislash|33\/100|[from] item: Leftovers\n|-damage|p2a: Jetfire|56\/100 tox|[from] psn\n|upkeep\n|turn|24\n|\n|t:|1659885898\n|move|p2a: Jetfire|Shadow Ball|p1a: Aegislash\n|-supereffective|p1a: Aegislash\n|-damage|p1a: Aegislash|0 fnt\n|faint|p1a: Aegislash\n|-damage|p2a: Jetfire|46\/100 tox|[from] item: Life Orb\n|\n|-damage|p2a: Jetfire|27\/100 tox|[from] psn\n|upkeep\n|\n|t:|1659885903\n|switch|p1a: Medicham|Medicham-Mega, F|24\/100\n|turn|25\n|\n|t:|1659885943\n|switch|p2a: No Fun 4 U|Toxapex, F|100\/100\n|move|p1a: Medicham|Fake Out|p2a: No Fun 4 U\n|-damage|p2a: No Fun 4 U|82\/100\n|-damage|p1a: Medicham|8\/100|[from] item: Rocky Helmet|[of] p2a: No Fun 4 U\n|\n|upkeep\n|turn|26\n|\n|t:|1659885974\n|move|p1a: Medicham|Zen Headbutt|p2a: No Fun 4 U\n|-supereffective|p2a: No Fun 4 U\n|-damage|p2a: No Fun 4 U|0 fnt\n|-damage|p1a: Medicham|0 fnt|[from] item: Rocky Helmet|[of] p2a: No Fun 4 U\n|faint|p2a: No Fun 4 U\n|faint|p1a: Medicham\n|\n|upkeep\n|\n|t:|1659885985\n|switch|p1a: Deoxys|Deoxys-Defense|61\/100\n|switch|p2a: Raiju|Manectric, F, shiny|100\/100\n|-ability|p1a: Deoxys|Pressure\n|turn|27\n|\n|t:|1659885989\n|detailschange|p2a: Raiju|Manectric-Mega, F, shiny\n|-mega|p2a: Raiju|Manectric|Manectite\n|-ability|p2a: Raiju|Intimidate|boost\n|-unboost|p1a: Deoxys|atk|1\n|move|p2a: Raiju|Toxic|p1a: Deoxys\n|-status|p1a: Deoxys|tox\n|move|p1a: Deoxys|Recover|p1a: Deoxys\n|-heal|p1a: Deoxys|100\/100 tox\n|\n|-damage|p1a: Deoxys|94\/100 tox|[from] psn\n|upkeep\n|turn|28\n|\n|t:|1659885999\n|move|p2a: Raiju|Volt Switch|p1a: Deoxys\n|-damage|p1a: Deoxys|71\/100 tox\n|\n|t:|1659886002\n|switch|p2a: Mr Clean|Volcarona, M, shiny|100\/100|[from]move: Volt Switch\n|move|p1a: Deoxys|Toxic|p2a: Mr Clean\n|-status|p2a: Mr Clean|tox\n|\n|-heal|p1a: Deoxys|77\/100 tox|[from] item: Leftovers\n|-damage|p2a: Mr Clean|94\/100 tox|[from] psn\n|-damage|p1a: Deoxys|64\/100 tox|[from] psn\n|upkeep\n|turn|29\n|\n|t:|1659886008\n|switch|p1a: Crobat|Crobat, F|96\/100\n|move|p2a: Mr Clean|Quiver Dance|p2a: Mr Clean\n|-boost|p2a: Mr Clean|spa|1\n|-boost|p2a: Mr Clean|spd|1\n|-boost|p2a: Mr Clean|spe|1\n|\n|-damage|p2a: Mr Clean|82\/100 tox|[from] psn\n|upkeep\n|turn|30\n|\n|t:|1659886044\n|switch|p2a: Built Different|Melmetal, shiny|88\/100 par\n|move|p1a: Crobat|Super Fang|p2a: Built Different|[miss]\n|-miss|p1a: Crobat|p2a: Built Different\n|\n|upkeep\n|turn|31\n|\n|t:|1659886053\n|switch|p1a: Zapdos|Zapdos|70\/100\n|move|p2a: Built Different|Ice Punch|p1a: Zapdos\n|-supereffective|p1a: Zapdos\n|-damage|p1a: Zapdos|20\/100\n|\n|upkeep\n|turn|32\n|\n|t:|1659886088\n|move|p1a: Zapdos|Roost|p1a: Zapdos\n|-heal|p1a: Zapdos|70\/100\n|-singleturn|p1a: Zapdos|move: Roost\n|move|p2a: Built Different|Ice Punch|p1a: Zapdos\n|-damage|p1a: Zapdos|45\/100\n|\n|upkeep\n|turn|33\n|\n|t:|1659886094\n|move|p1a: Zapdos|Roost|p1a: Zapdos\n|-heal|p1a: Zapdos|95\/100\n|-singleturn|p1a: Zapdos|move: Roost\n|move|p2a: Built Different|Earthquake|p1a: Zapdos\n|-supereffective|p1a: Zapdos\n|-damage|p1a: Zapdos|44\/100\n|\n|upkeep\n|turn|34\n|\n|t:|1659886164\n|move|p1a: Zapdos|Roost|p1a: Zapdos\n|-heal|p1a: Zapdos|94\/100\n|-singleturn|p1a: Zapdos|move: Roost\n|cant|p2a: Built Different|par\n|\n|upkeep\n|turn|35\n|\n|t:|1659886170\n|move|p1a: Zapdos|Thunderbolt|p2a: Built Different\n|-damage|p2a: Built Different|68\/100 par\n|move|p2a: Built Different|Ice Punch|p1a: Zapdos\n|-supereffective|p1a: Zapdos\n|-damage|p1a: Zapdos|41\/100\n|\n|upkeep\n|turn|36\n|\n|t:|1659886180\n|move|p1a: Zapdos|Roost|p1a: Zapdos\n|-heal|p1a: Zapdos|91\/100\n|-singleturn|p1a: Zapdos|move: Roost\n|move|p2a: Built Different|Earthquake|p1a: Zapdos\n|-supereffective|p1a: Zapdos\n|-damage|p1a: Zapdos|35\/100\n|\n|upkeep\n|turn|37\n|\n|t:|1659886196\n|move|p1a: Zapdos|Hurricane|p2a: Built Different\n|-resisted|p2a: Built Different\n|-damage|p2a: Built Different|56\/100 par\n|move|p2a: Built Different|Earthquake|p1a: Zapdos\n|-immune|p1a: Zapdos\n|\n|upkeep\n|turn|38\n|\n|t:|1659886204\n|switch|p2a: Jetfire|Latios, M|27\/100 tox\n|move|p1a: Zapdos|Roost|p1a: Zapdos\n|-heal|p1a: Zapdos|85\/100\n|-singleturn|p1a: Zapdos|move: Roost\n|\n|-damage|p2a: Jetfire|21\/100 tox|[from] psn\n|upkeep\n|turn|39\n|\n|t:|1659886208\n|move|p2a: Jetfire|Draco Meteor|p1a: Zapdos\n|-damage|p1a: Zapdos|6\/100\n|-unboost|p2a: Jetfire|spa|2\n|-damage|p2a: Jetfire|11\/100 tox|[from] item: Life Orb\n|move|p1a: Zapdos|Hurricane|p2a: Jetfire|[miss]\n|-miss|p1a: Zapdos|p2a: Jetfire\n|\n|-damage|p2a: Jetfire|0 fnt|[from] psn\n|faint|p2a: Jetfire\n|upkeep\n|\n|t:|1659886214\n|switch|p2a: Raiju|Manectric-Mega, F, shiny|100\/100\n|-ability|p2a: Raiju|Intimidate|boost\n|-unboost|p1a: Zapdos|atk|1\n|turn|40\n|\n|t:|1659886225\n|switch|p1a: Deoxys|Deoxys-Defense|64\/100 tox\n|-ability|p1a: Deoxys|Pressure\n|move|p2a: Raiju|Thunderbolt|p1a: Deoxys\n|-damage|p1a: Deoxys|37\/100 tox\n|\n|-heal|p1a: Deoxys|43\/100 tox|[from] item: Leftovers\n|-damage|p1a: Deoxys|37\/100 tox|[from] psn\n|upkeep\n|turn|41\n|\n|t:|1659886252\n|switch|p2a: Mr Clean|Volcarona, M, shiny|82\/100 tox\n|move|p1a: Deoxys|Recover|p1a: Deoxys\n|-heal|p1a: Deoxys|87\/100 tox\n|\n|-heal|p1a: Deoxys|93\/100 tox|[from] item: Leftovers\n|-damage|p2a: Mr Clean|76\/100 tox|[from] psn\n|-damage|p1a: Deoxys|80\/100 tox|[from] psn\n|upkeep\n|turn|42\n|\n|t:|1659886255\n|switch|p1a: Crobat|Crobat, F|96\/100\n|move|p2a: Mr Clean|Quiver Dance|p2a: Mr Clean\n|-boost|p2a: Mr Clean|spa|1\n|-boost|p2a: Mr Clean|spd|1\n|-boost|p2a: Mr Clean|spe|1\n|\n|-damage|p2a: Mr Clean|64\/100 tox|[from] psn\n|upkeep\n|turn|43\n|\n|t:|1659886260\n|move|p2a: Mr Clean|Flamethrower|p1a: Crobat\n|-damage|p1a: Crobat|18\/100\n|move|p1a: Crobat|Brave Bird|p2a: Mr Clean\n|-supereffective|p2a: Mr Clean\n|-damage|p2a: Mr Clean|0 fnt\n|-status|p1a: Crobat|brn|[from] ability: Flame Body|[of] p2a: Mr Clean\n|faint|p2a: Mr Clean\n|-damage|p1a: Crobat|0 fnt|[from] Recoil\n|faint|p1a: Crobat\n|\n|upkeep\n|\n|t:|1659886266\n|switch|p1a: Deoxys|Deoxys-Defense|80\/100 tox\n|switch|p2a: Raiju|Manectric-Mega, F, shiny|100\/100\n|-ability|p2a: Raiju|Intimidate|boost\n|-unboost|p1a: Deoxys|atk|1\n|-ability|p1a: Deoxys|Pressure\n|turn|44\n|\n|t:|1659886312\n|switch|p2a: Built Different|Melmetal, shiny|56\/100 par\n|move|p1a: Deoxys|Seismic Toss|p2a: Built Different\n|-damage|p2a: Built Different|32\/100 par\n|\n|-heal|p1a: Deoxys|87\/100 tox|[from] item: Leftovers\n|-damage|p1a: Deoxys|80\/100 tox|[from] psn\n|upkeep\n|turn|45\n|\n|t:|1659886318\n|move|p1a: Deoxys|Seismic Toss|p2a: Built Different\n|-damage|p2a: Built Different|8\/100 par\n|move|p2a: Built Different|Double Iron Bash|p1a: Deoxys\n|-damage|p1a: Deoxys|50\/100 tox\n|-damage|p1a: Deoxys|20\/100 tox\n|-hitcount|p1a: Deoxys|2\n|\n|-heal|p1a: Deoxys|26\/100 tox|[from] item: Leftovers\n|-damage|p1a: Deoxys|14\/100 tox|[from] psn\n|upkeep\n|turn|46\n|\n|t:|1659886329\n|move|p1a: Deoxys|Recover|p1a: Deoxys\n|-heal|p1a: Deoxys|64\/100 tox\n|cant|p2a: Built Different|par\n|\n|-heal|p1a: Deoxys|70\/100 tox|[from] item: Leftovers\n|-damage|p1a: Deoxys|51\/100 tox|[from] psn\n|upkeep\n|turn|47\n|\n|t:|1659886336\n|switch|p1a: Zapdos|Zapdos|6\/100\n|cant|p2a: Built Different|par\n|\n|upkeep\n|turn|48\n|\n|t:|1659886340\n|move|p1a: Zapdos|Thunderbolt|p2a: Built Different\n|-damage|p2a: Built Different|0 fnt\n|faint|p2a: Built Different\n|\n|upkeep\n|\n|t:|1659886342\n|switch|p2a: Raiju|Manectric-Mega, F, shiny|100\/100\n|-ability|p2a: Raiju|Intimidate|boost\n|-unboost|p1a: Zapdos|atk|1\n|turn|49\n|\n|t:|1659886347\n|move|p2a: Raiju|Thunderbolt|p1a: Zapdos\n|-damage|p1a: Zapdos|0 fnt\n|faint|p1a: Zapdos\n|\n|upkeep\n|\n|t:|1659886350\n|switch|p1a: Deoxys|Deoxys-Defense|51\/100 tox\n|-ability|p1a: Deoxys|Pressure\n|turn|50\n|\n|t:|1659886357\n|move|p2a: Raiju|Thunderbolt|p1a: Deoxys\n|-damage|p1a: Deoxys|25\/100 tox\n|move|p1a: Deoxys|Recover|p1a: Deoxys\n|-heal|p1a: Deoxys|75\/100 tox\n|\n|-heal|p1a: Deoxys|82\/100 tox|[from] item: Leftovers\n|-damage|p1a: Deoxys|75\/100 tox|[from] psn\n|upkeep\n|turn|51\n|\n|t:|1659886361\n|move|p2a: Raiju|Thunderbolt|p1a: Deoxys\n|-damage|p1a: Deoxys|50\/100 tox\n|move|p1a: Deoxys|Toxic|p2a: Raiju\n|-status|p2a: Raiju|tox\n|\n|-heal|p1a: Deoxys|56\/100 tox|[from] item: Leftovers\n|-damage|p2a: Raiju|94\/100 tox|[from] psn\n|-damage|p1a: Deoxys|43\/100 tox|[from] psn\n|upkeep\n|turn|52\n|\n|t:|1659886366\n|move|p2a: Raiju|Thunderbolt|p1a: Deoxys\n|-damage|p1a: Deoxys|14\/100 tox\n|move|p1a: Deoxys|Recover|p1a: Deoxys\n|-heal|p1a: Deoxys|64\/100 tox\n|\n|-heal|p1a: Deoxys|70\/100 tox|[from] item: Leftovers\n|-damage|p2a: Raiju|82\/100 tox|[from] psn\n|-damage|p1a: Deoxys|51\/100 tox|[from] psn\n|upkeep\n|turn|53\n|\n|t:|1659886371\n|move|p2a: Raiju|Thunderbolt|p1a: Deoxys\n|-damage|p1a: Deoxys|24\/100 tox\n|move|p1a: Deoxys|Recover|p1a: Deoxys\n|-heal|p1a: Deoxys|74\/100 tox\n|\n|-heal|p1a: Deoxys|80\/100 tox|[from] item: Leftovers\n|-damage|p2a: Raiju|63\/100 tox|[from] psn\n|-damage|p1a: Deoxys|55\/100 tox|[from] psn\n|upkeep\n|turn|54\n|\n|t:|1659886380\n|move|p2a: Raiju|Thunderbolt|p1a: Deoxys\n|-damage|p1a: Deoxys|27\/100 tox\n|move|p1a: Deoxys|Recover|p1a: Deoxys\n|-heal|p1a: Deoxys|77\/100 tox\n|\n|-heal|p1a: Deoxys|84\/100 tox|[from] item: Leftovers\n|-damage|p2a: Raiju|39\/100 tox|[from] psn\n|-damage|p1a: Deoxys|52\/100 tox|[from] psn\n|upkeep\n|turn|55\n|\n|t:|1659886384\n|move|p2a: Raiju|Thunderbolt|p1a: Deoxys\n|-damage|p1a: Deoxys|23\/100 tox\n|move|p1a: Deoxys|Seismic Toss|p2a: Raiju\n|-damage|p2a: Raiju|4\/100 tox\n|\n|-heal|p1a: Deoxys|29\/100 tox|[from] item: Leftovers\n|-damage|p2a: Raiju|0 fnt|[from] psn\n|faint|p2a: Raiju\n|\n|win|Elon Musk Rusk\n|upkeep\n|c|\u2606Elon Musk Rusk|gg\n|c|\u2606Krock0dile|gg\n|player|p1|Elon Musk Rusk|169\n","uploadtime":1659886442,"views":23,"p1id":"elonmuskrusk","p2id":"krock0dile","formatid":"gen8nationaldexdraft","rating":0,"private":0,"password":null}