{"id":"sports-gen8nationaldexlegacy-698565","p1":"rooopos","p2":"Ilikefeets","format":"gen8nationaldexlegacy","log":"|j|\u2606rooopos\n|j|\u2606Ilikefeets\n|t:|1659234261\n|gametype|singles\n|player|p1|rooopos|170|\n|player|p2|Ilikefeets|101|\n|teamsize|p1|6\n|teamsize|p2|6\n|gen|8\n|tier|[Gen 8] National Dex Legacy\n|rule|Sleep Clause Mod: Limit one foe put to sleep\n|rule|OHKO Clause: OHKO moves are banned\n|rule|Evasion Moves Clause: Evasion moves are banned\n|rule|Endless Battle Clause: Forcing endless battles is banned\n|rule|HP Percentage Mod: HP is shown in percentages\n|rule|Dynamax Clause: You cannot dynamax\n|clearpoke\n|poke|p1|Primarina, F|\n|poke|p1|Scizor, M|\n|poke|p1|Donphan, M|\n|poke|p1|Dragapult, F|\n|poke|p1|Zapdos|\n|poke|p1|Cinderace, M|\n|poke|p2|Clefable, M|\n|poke|p2|Charizard, F|\n|poke|p2|Nidoking, M|\n|poke|p2|Mandibuzz, F|\n|poke|p2|Kyurem|\n|poke|p2|Zamazenta-*|\n|teampreview\n|html|<button name=\"send\" class=\"button\" value=\"\/timer ds\"><i class=\"fa fa-hourglass-start\"><\/i> DS Timer<\/button> <button name=\"send\" class=\"button\" value=\"\/timer smogon\"><i class=\"fa fa-hourglass-start\"><\/i> Smogon Timer<\/button>\n|j| Preliminary Pex\n|j| dadkoko\n|\n|t:|1659234329\n|start\n|switch|p1a: Donphan|Donphan, M|100\/100\n|switch|p2a: Kyurem|Kyurem|100\/100\n|-ability|p2a: Kyurem|Pressure\n|turn|1\n|\n|t:|1659234336\n|switch|p1a: Scizor|Scizor, M|100\/100\n|move|p2a: Kyurem|Freeze-Dry|p1a: Scizor\n|-resisted|p1a: Scizor\n|-damage|p1a: Scizor|80\/100\n|\n|upkeep\n|turn|2\n|\n|t:|1659234350\n|switch|p2a: Charizard|Charizard, F|100\/100\n|detailschange|p1a: Scizor|Scizor-Mega, M\n|-mega|p1a: Scizor|Scizor|Scizorite\n|move|p1a: Scizor|U-turn|p2a: Charizard\n|-resisted|p2a: Charizard\n|-damage|p2a: Charizard|88\/100\n|\n|t:|1659234359\n|switch|p1a: Dragapult|Dragapult, F|100\/100|[from]move: U-turn\n|\n|upkeep\n|turn|3\n|\n|t:|1659234380\n|switch|p2a: Clefable|Clefable, M|100\/100\n|move|p1a: Dragapult|Substitute|p1a: Dragapult\n|-start|p1a: Dragapult|Substitute\n|-damage|p1a: Dragapult|76\/100\n|\n|upkeep\n|turn|4\n|\n|t:|1659234383\n|move|p1a: Dragapult|Will-O-Wisp|p2a: Clefable|[miss]\n|-miss|p1a: Dragapult|p2a: Clefable\n|move|p2a: Clefable|Moonblast|p1a: Dragapult\n|-supereffective|p1a: Dragapult\n|-end|p1a: Dragapult|Substitute\n|\n|upkeep\n|turn|5\n|\n|t:|1659234392\n|switch|p1a: Scizor|Scizor-Mega, M|80\/100\n|move|p2a: Clefable|Moonblast|p1a: Scizor\n|-resisted|p1a: Scizor\n|-damage|p1a: Scizor|68\/100\n|-unboost|p1a: Scizor|spa|1\n|\n|upkeep\n|turn|6\n|\n|t:|1659234408\n|move|p1a: Scizor|U-turn|p2a: Clefable\n|-resisted|p2a: Clefable\n|-damage|p2a: Clefable|88\/100\n|\n|t:|1659234413\n|switch|p1a: Primarina|Primarina, F|100\/100|[from]move: U-turn\n|move|p2a: Clefable|Flamethrower|p1a: Primarina\n|-resisted|p1a: Primarina\n|-damage|p1a: Primarina|91\/100\n|\n|-heal|p2a: Clefable|94\/100|[from] item: Leftovers\n|upkeep\n|turn|7\n|\n|t:|1659234425\n|switch|p2a: Zamazenta|Zamazenta-Crowned|100\/100\n|-ability|p2a: Zamazenta|Dauntless Shield|boost\n|-boost|p2a: Zamazenta|def|1\n|move|p1a: Primarina|Moonblast|p2a: Zamazenta\n|-damage|p2a: Zamazenta|42\/100\n|\n|upkeep\n|turn|8\n|\n|t:|1659234439\n|switch|p1a: Zapdos|Zapdos|100\/100\n|move|p2a: Zamazenta|Wild Charge|p1a: Zapdos\n|-damage|p1a: Zapdos|66\/100\n|-damage|p2a: Zamazenta|32\/100|[from] Recoil\n|\n|upkeep\n|turn|9\n|\n|t:|1659234451\n|switch|p2a: Kyurem|Kyurem|100\/100\n|-ability|p2a: Kyurem|Pressure\n|move|p1a: Zapdos|Roost|p1a: Zapdos\n|-heal|p1a: Zapdos|100\/100\n|-singleturn|p1a: Zapdos|move: Roost\n|\n|upkeep\n|turn|10\n|\n|t:|1659234456\n|switch|p1a: Scizor|Scizor-Mega, M|68\/100\n|move|p2a: Kyurem|Dragon Dance|p2a: Kyurem\n|-boost|p2a: Kyurem|atk|1\n|-boost|p2a: Kyurem|spe|1\n|\n|upkeep\n|turn|11\n|\n|t:|1659234463\n|switch|p2a: Charizard|Charizard, F|88\/100\n|move|p1a: Scizor|Bullet Punch|p2a: Charizard\n|-resisted|p2a: Charizard\n|-damage|p2a: Charizard|67\/100\n|\n|upkeep\n|turn|12\n|j| Jumping Jolteon\n|\n|t:|1659234468\n|switch|p1a: Cinderace|Cinderace, M|100\/100\n|detailschange|p2a: Charizard|Charizard-Mega-Y, F\n|-mega|p2a: Charizard|Charizard|Charizardite Y\n|-weather|SunnyDay|[from] ability: Drought|[of] p2a: Charizard\n|move|p2a: Charizard|Flame Charge|p1a: Cinderace\n|-resisted|p1a: Cinderace\n|-damage|p1a: Cinderace|83\/100\n|-boost|p2a: Charizard|spe|1\n|\n|-weather|SunnyDay|[upkeep]\n|upkeep\n|turn|13\n|\n|t:|1659234524\n|move|p2a: Charizard|Dragon Pulse|p1a: Cinderace\n|-damage|p1a: Cinderace|33\/100\n|move|p1a: Cinderace|Pyro Ball|p2a: Charizard\n|-resisted|p2a: Charizard\n|-crit|p2a: Charizard\n|-damage|p2a: Charizard|0 fnt\n|faint|p2a: Charizard\n|\n|-weather|SunnyDay|[upkeep]\n|upkeep\n|\n|t:|1659234537\n|switch|p2a: Zamazenta|Zamazenta-Crowned|32\/100\n|-ability|p2a: Zamazenta|Dauntless Shield|boost\n|-boost|p2a: Zamazenta|def|1\n|turn|14\n|\n|t:|1659234546\n|switch|p1a: Zapdos|Zapdos|100\/100\n|move|p2a: Zamazenta|Fire Fang|p1a: Zapdos\n|-damage|p1a: Zapdos|67\/100\n|\n|-weather|SunnyDay|[upkeep]\n|upkeep\n|turn|15\n|\n|t:|1659234553\n|switch|p2a: Kyurem|Kyurem|100\/100\n|-ability|p2a: Kyurem|Pressure\n|move|p1a: Zapdos|Roost|p1a: Zapdos\n|-heal|p1a: Zapdos|100\/100\n|-singleturn|p1a: Zapdos|move: Roost\n|\n|-weather|SunnyDay|[upkeep]\n|upkeep\n|turn|16\n|\n|t:|1659234558\n|switch|p1a: Scizor|Scizor-Mega, M|68\/100\n|move|p2a: Kyurem|Weather Ball|p1a: Scizor\n|-supereffective|p1a: Scizor\n|-damage|p1a: Scizor|0 fnt\n|faint|p1a: Scizor\n|\n|-weather|none\n|upkeep\n|\n|t:|1659234569\n|switch|p1a: Cinderace|Cinderace, M|33\/100\n|turn|17\n|\n|t:|1659234576\n|switch|p2a: Zamazenta|Zamazenta-Crowned|32\/100\n|-ability|p2a: Zamazenta|Dauntless Shield|boost\n|-boost|p2a: Zamazenta|def|1\n|move|p1a: Cinderace|Pyro Ball|p2a: Zamazenta|[miss]\n|-miss|p1a: Cinderace|p2a: Zamazenta\n|\n|upkeep\n|turn|18\n|c|\u2606Ilikefeets|rip\n|c| dadkoko|that hurts\n|\n|t:|1659234586\n|switch|p1a: Zapdos|Zapdos|100\/100\n|move|p2a: Zamazenta|Wild Charge|p1a: Zapdos\n|-crit|p1a: Zapdos\n|-damage|p1a: Zapdos|53\/100\n|-status|p2a: Zamazenta|par|[from] ability: Static|[of] p1a: Zapdos\n|-damage|p2a: Zamazenta|19\/100 par|[from] Recoil\n|\n|upkeep\n|turn|19\n|\n|t:|1659234596\n|move|p1a: Zapdos|Roost|p1a: Zapdos\n|-heal|p1a: Zapdos|100\/100\n|-singleturn|p1a: Zapdos|move: Roost\n|move|p2a: Zamazenta|Close Combat|p1a: Zapdos\n|-damage|p1a: Zapdos|34\/100\n|-unboost|p2a: Zamazenta|def|1\n|-unboost|p2a: Zamazenta|spd|1\n|\n|upkeep\n|turn|20\n|\n|t:|1659234605\n|move|p1a: Zapdos|Roost|p1a: Zapdos\n|-heal|p1a: Zapdos|84\/100\n|-singleturn|p1a: Zapdos|move: Roost\n|cant|p2a: Zamazenta|par\n|\n|upkeep\n|turn|21\n|\n|t:|1659234610\n|move|p1a: Zapdos|Thunderbolt|p2a: Zamazenta\n|-damage|p2a: Zamazenta|0 fnt\n|faint|p2a: Zamazenta\n|\n|upkeep\n|\n|t:|1659234612\n|switch|p2a: Kyurem|Kyurem|100\/100\n|-ability|p2a: Kyurem|Pressure\n|turn|22\n|\n|t:|1659234621\n|move|p2a: Kyurem|Dragon Dance|p2a: Kyurem\n|-boost|p2a: Kyurem|atk|1\n|-boost|p2a: Kyurem|spe|1\n|move|p1a: Zapdos|Hurricane|p2a: Kyurem|[miss]\n|-miss|p1a: Zapdos|p2a: Kyurem\n|\n|upkeep\n|turn|23\n|\n|t:|1659234626\n|move|p2a: Kyurem|Freeze-Dry|p1a: Zapdos\n|-supereffective|p1a: Zapdos\n|-damage|p1a: Zapdos|0 fnt\n|faint|p1a: Zapdos\n|\n|upkeep\n|\n|t:|1659234631\n|switch|p1a: Donphan|Donphan, M|100\/100\n|turn|24\n|\n|t:|1659234635\n|move|p2a: Kyurem|Freeze-Dry|p1a: Donphan\n|-supereffective|p1a: Donphan\n|-ability|p1a: Donphan|Sturdy\n|-damage|p1a: Donphan|1\/100\n|move|p1a: Donphan|Rock Slide|p2a: Kyurem\n|-supereffective|p2a: Kyurem\n|-damage|p2a: Kyurem|66\/100\n|\n|-heal|p1a: Donphan|7\/100|[from] item: Leftovers\n|upkeep\n|turn|25\n|\n|t:|1659234645\n|move|p2a: Kyurem|Freeze-Dry|p1a: Donphan\n|-supereffective|p1a: Donphan\n|-damage|p1a: Donphan|0 fnt\n|faint|p1a: Donphan\n|\n|upkeep\n|\n|t:|1659234650\n|switch|p1a: Cinderace|Cinderace, M|33\/100\n|turn|26\n|\n|t:|1659234654\n|move|p1a: Cinderace|Sucker Punch|p2a: Kyurem\n|-damage|p2a: Kyurem|32\/100\n|move|p2a: Kyurem|Earth Power|p1a: Cinderace\n|-supereffective|p1a: Cinderace\n|-damage|p1a: Cinderace|0 fnt\n|faint|p1a: Cinderace\n|\n|upkeep\n|\n|t:|1659234666\n|switch|p1a: Dragapult|Dragapult, F|76\/100\n|turn|27\n|\n|t:|1659234668\n|move|p2a: Kyurem|Freeze-Dry|p1a: Dragapult\n|-supereffective|p1a: Dragapult\n|-damage|p1a: Dragapult|0 fnt\n|faint|p1a: Dragapult\n|\n|upkeep\n|\n|t:|1659234672\n|switch|p1a: Primarina|Primarina, F|91\/100\n|turn|28\n|c|\u2606Ilikefeets|kyurem claming\n|\n|t:|1659234678\n|move|p2a: Kyurem|Freeze-Dry|p1a: Primarina\n|-supereffective|p1a: Primarina\n|-damage|p1a: Primarina|8\/100\n|move|p1a: Primarina|Moonblast|p2a: Kyurem\n|-supereffective|p2a: Kyurem\n|-damage|p2a: Kyurem|0 fnt\n|faint|p2a: Kyurem\n|\n|upkeep\n|\n|t:|1659234684\n|switch|p2a: Clefable|Clefable, M|94\/100\n|turn|29\n|\n|t:|1659234686\n|move|p1a: Primarina|Moonblast|p2a: Clefable\n|-damage|p2a: Clefable|17\/100\n|-unboost|p2a: Clefable|spa|1\n|move|p2a: Clefable|Moonblast|p1a: Primarina\n|-damage|p1a: Primarina|0 fnt\n|faint|p1a: Primarina\n|\n|win|Ilikefeets\n|c|\u2606Ilikefeets|gg\n|l|\u2606rooopos\n|l| Jumping Jolteon\n|l| dadkoko\n|j| dadkoko\n|l|\u2606Ilikefeets\n","uploadtime":1659234853,"views":32,"p1id":"rooopos","p2id":"ilikefeets","formatid":"gen8nationaldexlegacy","rating":0,"private":0,"password":null}