{"id":"sports-gen8nationaldexlegacy-628354","p1":"Lumaris","p2":"LudwigFrog","format":"gen8nationaldexlegacy","log":"|j|\u2606Lumaris\n|j|\u2606LudwigFrog\n|t:|1649361014\n|gametype|singles\n|player|p1|Lumaris|lumaris.png|\n|player|p2|LudwigFrog|hilbert-wonderlauncher|\n|teamsize|p1|6\n|teamsize|p2|6\n|gen|8\n|tier|[Gen 8] National Dex Legacy\n|rule|Sleep Clause Mod: Limit one foe put to sleep\n|rule|OHKO Clause: OHKO moves are banned\n|rule|Evasion Moves Clause: Evasion moves are banned\n|rule|Endless Battle Clause: Forcing endless battles is banned\n|rule|HP Percentage Mod: HP is shown in percentages\n|rule|Dynamax Clause: You cannot dynamax\n|clearpoke\n|poke|p1|Mewtwo|\n|poke|p1|Talonflame, F|\n|poke|p1|Tapu Fini|\n|poke|p1|Weavile, M|\n|poke|p1|Serperior, F|\n|poke|p1|Infernape, F|\n|poke|p2|Moltres-Galar|\n|poke|p2|Lucario, F|\n|poke|p2|Toxapex, F|\n|poke|p2|Ferrothorn, F|\n|poke|p2|Ursaring, F|\n|poke|p2|Weezing-Galar, M|\n|teampreview\n|html|<button name=\"send\" class=\"button\" value=\"\/timer ds\"><i class=\"fa fa-hourglass-start\"><\/i> DS Timer<\/button> <button name=\"send\" class=\"button\" value=\"\/timer smogon\"><i class=\"fa fa-hourglass-start\"><\/i> Smogon Timer<\/button>\n|inactive|Battle timer is ON: inactive players will automatically lose when time's up. (requested by LudwigFrog)\n|j| PorygonTheBot\n|c| PorygonTheBot|You got this!\n|c|\u2606LudwigFrog|hf\n|c|\u2606Lumaris|Glhf\n|inactiveoff|Battle timer is now OFF.\n|c|\u2606Lumaris|The bear\n|c|\u2606Lumaris|Hes here\n|c|\u2606LudwigFrog|needed to bring it atleast one week\n|\n|t:|1649361102\n|start\n|switch|p1a: Serperior|Serperior, F|100\/100\n|switch|p2a: Ursaring|Ursaring, F|100\/100\n|turn|1\n|\n|t:|1649361108\n|switch|p2a: Ferrothorn|Ferrothorn, F|100\/100\n|move|p1a: Serperior|Glare|p2a: Ferrothorn\n|-status|p2a: Ferrothorn|par\n|\n|upkeep\n|turn|2\n|\n|t:|1649361114\n|switch|p1a: Talonflame|Talonflame, F|100\/100\n|move|p2a: Ferrothorn|Stealth Rock|p1a: Talonflame\n|-sidestart|p1: Lumaris|move: Stealth Rock\n|\n|upkeep\n|turn|3\n|\n|t:|1649361120\n|switch|p2a: Weezing|Weezing-Galar, M|100\/100\n|move|p1a: Talonflame|Defog|p2a: Weezing\n|-unboost|p2a: Weezing|evasion|1\n|-sideend|p1: Lumaris|Stealth Rock|[from] move: Defog|[of] p1a: Talonflame\n|\n|upkeep\n|turn|4\n|j| MrGardnHose\n|\n|t:|1649361136\n|move|p1a: Talonflame|Flamethrower|p2a: Weezing\n|-damage|p2a: Weezing|69\/100\n|move|p2a: Weezing|Sludge Bomb|p1a: Talonflame\n|-damage|p1a: Talonflame|67\/100\n|-status|p1a: Talonflame|psn\n|\n|-heal|p2a: Weezing|75\/100|[from] item: Black Sludge\n|-damage|p1a: Talonflame|55\/100 psn|[from] psn\n|upkeep\n|turn|5\n|\n|t:|1649361155\n|switch|p2a: Toxapex|Toxapex, F|100\/100\n|move|p1a: Talonflame|Roost|p1a: Talonflame\n|-heal|p1a: Talonflame|100\/100 psn\n|-singleturn|p1a: Talonflame|move: Roost\n|\n|-damage|p1a: Talonflame|88\/100 psn|[from] psn\n|upkeep\n|turn|6\n|\n|t:|1649361164\n|switch|p1a: Serperior|Serperior, F|100\/100\n|move|p2a: Toxapex|Scald|p1a: Serperior\n|-resisted|p1a: Serperior\n|-damage|p1a: Serperior|90\/100\n|\n|upkeep\n|turn|7\n|\n|t:|1649361169\n|move|p1a: Serperior|Glare|p2a: Toxapex\n|-status|p2a: Toxapex|par\n|cant|p2a: Toxapex|par\n|\n|upkeep\n|turn|8\n|\n|t:|1649361173\n|move|p1a: Serperior|Leaf Storm|p2a: Toxapex\n|-damage|p2a: Toxapex|63\/100 par\n|-boost|p1a: Serperior|spa|2\n|move|p2a: Toxapex|Toxic|p1a: Serperior\n|-status|p1a: Serperior|tox\n|\n|-damage|p1a: Serperior|83\/100 tox|[from] psn\n|upkeep\n|turn|9\n|\n|t:|1649361179\n|switch|p2a: Ferrothorn|Ferrothorn, F|100\/100 par\n|move|p1a: Serperior|Leaf Storm|p2a: Ferrothorn\n|-resisted|p2a: Ferrothorn\n|-damage|p2a: Ferrothorn|86\/100 par\n|-boost|p1a: Serperior|spa|2\n|\n|-heal|p2a: Ferrothorn|92\/100 par|[from] item: Leftovers\n|-damage|p1a: Serperior|71\/100 tox|[from] psn\n|upkeep\n|turn|10\n|\n|t:|1649361187\n|switch|p1a: Mewtwo|Mewtwo|100\/100\n|-ability|p1a: Mewtwo|Pressure\n|cant|p2a: Ferrothorn|par\n|\n|-heal|p2a: Ferrothorn|98\/100 par|[from] item: Leftovers\n|upkeep\n|turn|11\n|\n|t:|1649361194\n|switch|p2a: Moltres|Moltres-Galar|100\/100\n|move|p1a: Mewtwo|Substitute|p1a: Mewtwo\n|-start|p1a: Mewtwo|Substitute\n|-damage|p1a: Mewtwo|76\/100\n|\n|upkeep\n|turn|12\n|\n|t:|1649361198\n|detailschange|p1a: Mewtwo|Mewtwo-Mega-Y\n|-mega|p1a: Mewtwo|Mewtwo|Mewtwonite Y\n|move|p1a: Mewtwo|Thunderbolt|p2a: Moltres\n|-supereffective|p2a: Moltres\n|-damage|p2a: Moltres|51\/100\n|move|p2a: Moltres|Foul Play|p1a: Mewtwo\n|-supereffective|p1a: Mewtwo\n|-end|p1a: Mewtwo|Substitute\n|\n|upkeep\n|turn|13\n|\n|t:|1649361212\n|switch|p1a: Tapu Fini|Tapu Fini|100\/100\n|-fieldstart|move: Misty Terrain|[from] ability: Misty Surge|[of] p1a: Tapu Fini\n|move|p2a: Moltres|Sucker Punch||[still]\n|-fail|p2a: Moltres\n|\n|upkeep\n|turn|14\n|\n|t:|1649361222\n|switch|p2a: Ferrothorn|Ferrothorn, F|98\/100 par\n|move|p1a: Tapu Fini|Whirlpool|p2a: Ferrothorn\n|-resisted|p2a: Ferrothorn\n|-damage|p2a: Ferrothorn|94\/100 par\n|-activate|p2a: Ferrothorn|move: Whirlpool|[of] p1a: Tapu Fini\n|\n|-heal|p2a: Ferrothorn|100\/100 par|[from] item: Leftovers\n|-damage|p2a: Ferrothorn|88\/100 par|[from] move: Whirlpool|[partiallytrapped]\n|upkeep\n|turn|15\n|\n|t:|1649361227\n|move|p1a: Tapu Fini|Taunt|p2a: Ferrothorn\n|-start|p2a: Ferrothorn|move: Taunt\n|cant|p2a: Ferrothorn|par\n|\n|-heal|p2a: Ferrothorn|94\/100 par|[from] item: Leftovers\n|-damage|p2a: Ferrothorn|82\/100 par|[from] move: Whirlpool|[partiallytrapped]\n|upkeep\n|turn|16\n|\n|t:|1649361232\n|move|p1a: Tapu Fini|Nature's Madness|p2a: Ferrothorn\n|-damage|p2a: Ferrothorn|41\/100 par\n|cant|p2a: Ferrothorn|par\n|\n|-heal|p2a: Ferrothorn|47\/100 par|[from] item: Leftovers\n|-damage|p2a: Ferrothorn|35\/100 par|[from] move: Whirlpool|[partiallytrapped]\n|upkeep\n|turn|17\n|\n|t:|1649361236\n|move|p1a: Tapu Fini|Nature's Madness|p2a: Ferrothorn\n|-damage|p2a: Ferrothorn|18\/100 par\n|move|p2a: Ferrothorn|Power Whip|p1a: Tapu Fini|[miss]\n|-miss|p2a: Ferrothorn|p1a: Tapu Fini\n|\n|-heal|p2a: Ferrothorn|24\/100 par|[from] item: Leftovers\n|-damage|p2a: Ferrothorn|12\/100 par|[from] move: Whirlpool|[partiallytrapped]\n|-end|p2a: Ferrothorn|move: Taunt\n|-fieldend|Misty Terrain\n|upkeep\n|turn|18\n|\n|t:|1649361243\n|move|p1a: Tapu Fini|Moonblast|p2a: Ferrothorn\n|-resisted|p2a: Ferrothorn\n|-damage|p2a: Ferrothorn|2\/100 par\n|-unboost|p2a: Ferrothorn|spa|1\n|move|p2a: Ferrothorn|Power Whip|p1a: Tapu Fini|[miss]\n|-miss|p2a: Ferrothorn|p1a: Tapu Fini\n|\n|-heal|p2a: Ferrothorn|8\/100 par|[from] item: Leftovers\n|-end|p2a: Ferrothorn|Whirlpool|[partiallytrapped]\n|upkeep\n|turn|19\n|\n|t:|1649361256\n|switch|p2a: Weezing|Weezing-Galar, M|75\/100\n|move|p1a: Tapu Fini|Moonblast|p2a: Weezing\n|-resisted|p2a: Weezing\n|-damage|p2a: Weezing|54\/100\n|\n|-heal|p2a: Weezing|60\/100|[from] item: Black Sludge\n|upkeep\n|turn|20\n|\n|t:|1649361275\n|switch|p1a: Serperior|Serperior, F|71\/100 tox\n|move|p2a: Weezing|Pain Split|p1a: Serperior\n|-sethp|p1a: Serperior|70\/100 tox|[from] move: Pain Split|[silent]\n|-sethp|p2a: Weezing|61\/100|[from] move: Pain Split\n|\n|-heal|p2a: Weezing|67\/100|[from] item: Black Sludge\n|-damage|p1a: Serperior|64\/100 tox|[from] psn\n|upkeep\n|turn|21\n|\n|t:|1649361283\n|move|p1a: Serperior|Glare|p2a: Weezing\n|-status|p2a: Weezing|par\n|move|p2a: Weezing|Sludge Bomb|p1a: Serperior\n|-supereffective|p1a: Serperior\n|-damage|p1a: Serperior|2\/100 tox\n|\n|-heal|p2a: Weezing|73\/100 par|[from] item: Black Sludge\n|-damage|p1a: Serperior|0 fnt|[from] psn\n|faint|p1a: Serperior\n|upkeep\n|\n|t:|1649361291\n|switch|p1a: Mewtwo|Mewtwo-Mega-Y|76\/100\n|turn|22\n|\n|t:|1649361298\n|switch|p2a: Ferrothorn|Ferrothorn, F|8\/100 par\n|move|p1a: Mewtwo|Substitute|p1a: Mewtwo\n|-start|p1a: Mewtwo|Substitute\n|-damage|p1a: Mewtwo|51\/100\n|\n|-heal|p2a: Ferrothorn|14\/100 par|[from] item: Leftovers\n|upkeep\n|turn|23\n|\n|t:|1649361300\n|move|p1a: Mewtwo|Nasty Plot|p1a: Mewtwo\n|-boost|p1a: Mewtwo|spa|2\n|move|p2a: Ferrothorn|Gyro Ball|p1a: Mewtwo\n|-end|p1a: Mewtwo|Substitute\n|\n|-heal|p2a: Ferrothorn|21\/100 par|[from] item: Leftovers\n|upkeep\n|turn|24\n|\n|t:|1649361304\n|move|p1a: Mewtwo|Substitute|p1a: Mewtwo\n|-start|p1a: Mewtwo|Substitute\n|-damage|p1a: Mewtwo|26\/100\n|move|p2a: Ferrothorn|Gyro Ball|p1a: Mewtwo\n|-end|p1a: Mewtwo|Substitute\n|\n|-heal|p2a: Ferrothorn|27\/100 par|[from] item: Leftovers\n|upkeep\n|turn|25\n|\n|t:|1649361310\n|move|p1a: Mewtwo|Substitute|p1a: Mewtwo\n|-start|p1a: Mewtwo|Substitute\n|-damage|p1a: Mewtwo|1\/100\n|move|p2a: Ferrothorn|Gyro Ball|p1a: Mewtwo\n|-end|p1a: Mewtwo|Substitute\n|\n|-heal|p2a: Ferrothorn|33\/100 par|[from] item: Leftovers\n|upkeep\n|turn|26\n|\n|t:|1649361315\n|move|p1a: Mewtwo|Psyshock|p2a: Ferrothorn\n|-resisted|p2a: Ferrothorn\n|-damage|p2a: Ferrothorn|0 fnt\n|faint|p2a: Ferrothorn\n|\n|upkeep\n|\n|t:|1649361321\n|switch|p2a: Lucario|Lucario, F|100\/100\n|turn|27\n|\n|t:|1649361325\n|switch|p1a: Talonflame|Talonflame, F|88\/100 psn\n|detailschange|p2a: Lucario|Lucario-Mega, F\n|-mega|p2a: Lucario|Lucario|Lucarionite\n|move|p2a: Lucario|Bullet Punch|p1a: Talonflame\n|-resisted|p1a: Talonflame\n|-damage|p1a: Talonflame|75\/100 psn\n|\n|-damage|p1a: Talonflame|63\/100 psn|[from] psn\n|upkeep\n|turn|28\n|\n|t:|1649361339\n|switch|p2a: Moltres|Moltres-Galar|51\/100\n|move|p1a: Talonflame|U-turn|p2a: Moltres\n|-damage|p2a: Moltres|39\/100\n|-ability|p2a: Moltres|Berserk|boost\n|-boost|p2a: Moltres|spa|1\n|\n|t:|1649361347\n|switch|p1a: Tapu Fini|Tapu Fini|100\/100|[from]move: U-turn\n|-fieldstart|move: Misty Terrain|[from] ability: Misty Surge|[of] p1a: Tapu Fini\n|\n|upkeep\n|turn|29\n|\n|t:|1649361350\n|move|p2a: Moltres|Rest|p2a: Moltres\n|-status|p2a: Moltres|slp|[from] move: Rest\n|-heal|p2a: Moltres|100\/100 slp|[silent]\n|-enditem|p2a: Moltres|Chesto Berry|[eat]\n|-curestatus|p2a: Moltres|slp|[msg]\n|move|p1a: Tapu Fini|Whirlpool|p2a: Moltres|[miss]\n|-miss|p1a: Tapu Fini|p2a: Moltres\n|\n|upkeep\n|turn|30\n|\n|t:|1649361358\n|move|p2a: Moltres|U-turn|p1a: Tapu Fini\n|-resisted|p1a: Tapu Fini\n|-damage|p1a: Tapu Fini|96\/100\n|\n|t:|1649361363\n|switch|p2a: Weezing|Weezing-Galar, M|73\/100 par|[from]move: U-turn\n|move|p1a: Tapu Fini|Whirlpool|p2a: Weezing\n|-damage|p2a: Weezing|57\/100 par\n|-activate|p2a: Weezing|move: Whirlpool|[of] p1a: Tapu Fini\n|\n|-heal|p1a: Tapu Fini|100\/100|[from] item: Leftovers\n|-heal|p2a: Weezing|63\/100 par|[from] item: Black Sludge\n|-damage|p2a: Weezing|50\/100 par|[from] move: Whirlpool|[partiallytrapped]\n|upkeep\n|turn|31\n|\n|t:|1649361376\n|move|p1a: Tapu Fini|Nature's Madness|p2a: Weezing\n|-damage|p2a: Weezing|26\/100 par\n|move|p2a: Weezing|Sludge Bomb|p1a: Tapu Fini\n|-supereffective|p1a: Tapu Fini\n|-damage|p1a: Tapu Fini|53\/100\n|\n|-heal|p1a: Tapu Fini|60\/100|[from] item: Leftovers\n|-heal|p2a: Weezing|32\/100 par|[from] item: Black Sludge\n|-damage|p2a: Weezing|19\/100 par|[from] move: Whirlpool|[partiallytrapped]\n|upkeep\n|turn|32\n|\n|t:|1649361390\n|move|p1a: Tapu Fini|Moonblast|p2a: Weezing\n|-resisted|p2a: Weezing\n|-damage|p2a: Weezing|0 fnt\n|faint|p2a: Weezing\n|\n|-heal|p1a: Tapu Fini|66\/100|[from] item: Leftovers\n|-fieldend|Misty Terrain\n|upkeep\n|\n|t:|1649361392\n|switch|p2a: Lucario|Lucario-Mega, F|100\/100\n|turn|33\n|\n|t:|1649361395\n|switch|p1a: Talonflame|Talonflame, F|63\/100 psn\n|move|p2a: Lucario|Meteor Mash|p1a: Talonflame\n|-resisted|p1a: Talonflame\n|-damage|p1a: Talonflame|36\/100 psn\n|-status|p2a: Lucario|brn|[from] ability: Flame Body|[of] p1a: Talonflame\n|\n|-damage|p1a: Talonflame|24\/100 psn|[from] psn\n|-damage|p2a: Lucario|94\/100 brn|[from] brn\n|upkeep\n|turn|34\n|\n|t:|1649361401\n|switch|p2a: Ursaring|Ursaring, F|100\/100\n|move|p1a: Talonflame|Roost|p1a: Talonflame\n|-heal|p1a: Talonflame|74\/100 psn\n|-singleturn|p1a: Talonflame|move: Roost\n|\n|-damage|p1a: Talonflame|62\/100 psn|[from] psn\n|-status|p2a: Ursaring|brn|[from] item: Flame Orb\n|upkeep\n|turn|35\n|\n|t:|1649361409\n|move|p1a: Talonflame|Roost|p1a: Talonflame\n|-heal|p1a: Talonflame|100\/100 psn\n|-singleturn|p1a: Talonflame|move: Roost\n|move|p2a: Ursaring|Facade|p1a: Talonflame\n|-damage|p1a: Talonflame|23\/100 psn\n|\n|-damage|p1a: Talonflame|11\/100 psn|[from] psn\n|-damage|p2a: Ursaring|94\/100 brn|[from] brn\n|upkeep\n|turn|36\n|c|\u2606Lumaris|Yeeees\n|\n|t:|1649361424\n|switch|p1a: Mewtwo|Mewtwo-Mega-Y|1\/100\n|move|p2a: Ursaring|Facade|p1a: Mewtwo\n|-damage|p1a: Mewtwo|0 fnt\n|faint|p1a: Mewtwo\n|\n|-damage|p2a: Ursaring|88\/100 brn|[from] brn\n|upkeep\n|\n|t:|1649361425\n|switch|p1a: Infernape|Infernape, F|100\/100\n|turn|37\n|c|\u2606LudwigFrog|one kill for bear\n|\n|t:|1649361441\n|switch|p1a: Talonflame|Talonflame, F|11\/100 psn\n|switch|p2a: Moltres|Moltres-Galar|100\/100\n|\n|-damage|p1a: Talonflame|0 fnt|[from] psn\n|faint|p1a: Talonflame\n|upkeep\n|\n|t:|1649361446\n|switch|p1a: Weavile|Weavile, M|100\/100\n|-ability|p1a: Weavile|Pressure\n|turn|38\n|\n|t:|1649361450\n|switch|p2a: Toxapex|Toxapex, F|96\/100 par\n|move|p1a: Weavile|Swords Dance|p1a: Weavile\n|-boost|p1a: Weavile|atk|2\n|\n|upkeep\n|turn|39\n|\n|t:|1649361453\n|move|p1a: Weavile|Psycho Cut|p2a: Toxapex\n|-supereffective|p2a: Toxapex\n|-damage|p2a: Toxapex|36\/100 par\n|move|p2a: Toxapex|Haze|p2a: Toxapex\n|-clearallboost\n|\n|upkeep\n|turn|40\n|\n|t:|1649361458\n|move|p1a: Weavile|Psycho Cut|p2a: Toxapex\n|-supereffective|p2a: Toxapex\n|-damage|p2a: Toxapex|7\/100 par\n|move|p2a: Toxapex|Toxic|p1a: Weavile\n|-status|p1a: Weavile|tox\n|\n|-damage|p1a: Weavile|94\/100 tox|[from] psn\n|upkeep\n|turn|41\n|\n|t:|1649361462\n|switch|p2a: Moltres|Moltres-Galar|100\/100\n|move|p1a: Weavile|Knock Off|p2a: Moltres\n|-resisted|p2a: Moltres\n|-damage|p2a: Moltres|85\/100\n|\n|-damage|p1a: Weavile|82\/100 tox|[from] psn\n|upkeep\n|turn|42\n|\n|t:|1649361474\n|switch|p2a: Lucario|Lucario-Mega, F|94\/100 brn\n|move|p1a: Weavile|Icicle Crash|p2a: Lucario|[miss]\n|-miss|p1a: Weavile|p2a: Lucario\n|\n|-damage|p1a: Weavile|64\/100 tox|[from] psn\n|-damage|p2a: Lucario|88\/100 brn|[from] brn\n|upkeep\n|turn|43\n|\n|t:|1649361478\n|switch|p1a: Infernape|Infernape, F|100\/100\n|move|p2a: Lucario|Swords Dance|p2a: Lucario\n|-boost|p2a: Lucario|atk|2\n|\n|-damage|p2a: Lucario|82\/100 brn|[from] brn\n|upkeep\n|turn|44\n|\n|t:|1649361483\n|move|p1a: Infernape|Mach Punch|p2a: Lucario\n|-supereffective|p2a: Lucario\n|-damage|p2a: Lucario|14\/100 brn\n|move|p2a: Lucario|Close Combat|p1a: Infernape\n|-damage|p1a: Infernape|0 fnt\n|-unboost|p2a: Lucario|def|1\n|-unboost|p2a: Lucario|spd|1\n|faint|p1a: Infernape\n|\n|-damage|p2a: Lucario|7\/100 brn|[from] brn\n|upkeep\n|\n|t:|1649361496\n|switch|p1a: Weavile|Weavile, M|64\/100 tox\n|-ability|p1a: Weavile|Pressure\n|turn|45\n|\n|t:|1649361508\n|move|p2a: Lucario|Bullet Punch|p1a: Weavile\n|-supereffective|p1a: Weavile\n|-damage|p1a: Weavile|0 fnt\n|faint|p1a: Weavile\n|\n|-damage|p2a: Lucario|1\/100 brn|[from] brn\n|upkeep\n|\n|t:|1649361510\n|switch|p1a: Tapu Fini|Tapu Fini|66\/100\n|-fieldstart|move: Misty Terrain|[from] ability: Misty Surge|[of] p1a: Tapu Fini\n|turn|46\n|\n|t:|1649361517\n|move|p2a: Lucario|Meteor Mash|p1a: Tapu Fini\n|-damage|p1a: Tapu Fini|24\/100\n|move|p1a: Tapu Fini|Moonblast|p2a: Lucario\n|-damage|p2a: Lucario|0 fnt\n|faint|p2a: Lucario\n|\n|-heal|p1a: Tapu Fini|30\/100|[from] item: Leftovers\n|upkeep\n|\n|t:|1649361520\n|switch|p2a: Ursaring|Ursaring, F|88\/100 brn\n|turn|47\n|c|\u2606LudwigFrog|The bear put in work im happy\n|\n|t:|1649361523\n|move|p1a: Tapu Fini|Moonblast|p2a: Ursaring\n|-damage|p2a: Ursaring|63\/100 brn\n|move|p2a: Ursaring|Facade|p1a: Tapu Fini\n|-damage|p1a: Tapu Fini|0 fnt\n|faint|p1a: Tapu Fini\n|\n|win|LudwigFrog\n","uploadtime":1649361525,"views":46,"p1id":"lumaris","p2id":"ludwigfrog","formatid":"gen8nationaldexlegacy","rating":0,"private":0,"password":null}