{"id":"sports-gen8bdspou-607605","p1":"Aeriodon","p2":"AsterJ","format":"gen8bdspou","log":"|j|\u2606Aeriodon\n|j|\u2606AsterJ\n|t:|1646612602\n|gametype|singles\n|player|p1|Aeriodon|aeriodon.png|\n|player|p2|AsterJ|asterj.png|\n|teamsize|p1|6\n|teamsize|p2|6\n|gen|8\n|tier|[Gen 8 BDSP] OU\n|rule|Sleep Clause Mod: Limit one foe put to sleep\n|rule|Species Clause: Limit one of each Pok\u00e9mon\n|rule|OHKO Clause: OHKO moves are banned\n|rule|Evasion Moves Clause: Evasion moves are banned\n|rule|Endless Battle Clause: Forcing endless battles is banned\n|rule|HP Percentage Mod: HP is shown in percentages\n|clearpoke\n|poke|p1|Sableye, M|\n|poke|p1|Miltank, F|\n|poke|p1|Milotic, F|\n|poke|p1|Lapras, M|\n|poke|p1|Breloom, M|\n|poke|p1|Steelix, M|\n|poke|p2|Vileplume, F|\n|poke|p2|Rotom-Wash|\n|poke|p2|Garchomp, F|\n|poke|p2|Swellow, M|\n|poke|p2|Tyranitar, F|\n|poke|p2|Dusknoir, M|\n|teampreview\n|html|<button name=\"send\" class=\"button\" value=\"\/timer ds\"><i class=\"fa fa-hourglass-start\"><\/i> DS Timer<\/button> <button name=\"send\" class=\"button\" value=\"\/timer smogon\"><i class=\"fa fa-hourglass-start\"><\/i> Smogon Timer<\/button>\n|c|\u2606AsterJ|Gl hf!\n|c|\u2606Aeriodon|hlgf!\n|c|\u2606Aeriodon|glhf**\n|j| PorygonTheBot\n|c| PorygonTheBot|Porygon has digitized into the match... booting up... successfully calibrating stats!\n|\n|t:|1646612694\n|start\n|switch|p1a: Breloom|Breloom, M|100\/100\n|switch|p2a: Swellow|Swellow, M, shiny|100\/100\n|turn|1\n|\n|t:|1646612722\n|switch|p1a: Steelix|Steelix, M|100\/100\n|move|p2a: Swellow|U-turn|p1a: Steelix\n|-resisted|p1a: Steelix\n|-damage|p1a: Steelix|96\/100\n|\n|t:|1646612729\n|switch|p2a: Rotom|Rotom-Wash|100\/100|[from]move: U-turn\n|\n|-heal|p1a: Steelix|100\/100|[from] item: Leftovers\n|upkeep\n|turn|2\n|\n|t:|1646612737\n|switch|p1a: Breloom|Breloom, M|100\/100\n|move|p2a: Rotom|Will-O-Wisp|p1a: Breloom\n|-status|p1a: Breloom|brn\n|-enditem|p1a: Breloom|Lum Berry|[eat]\n|-curestatus|p1a: Breloom|brn|[msg]\n|\n|upkeep\n|turn|3\n|\n|t:|1646612765\n|move|p2a: Rotom|Volt Switch|p1a: Breloom\n|-resisted|p1a: Breloom\n|-damage|p1a: Breloom|77\/100\n|\n|t:|1646612768\n|switch|p2a: Vileplume|Vileplume, F|100\/100|[from]move: Volt Switch\n|move|p1a: Breloom|Bullet Seed|p2a: Vileplume\n|-resisted|p2a: Vileplume\n|-damage|p2a: Vileplume|96\/100\n|-resisted|p2a: Vileplume\n|-damage|p2a: Vileplume|92\/100\n|-hitcount|p2a: Vileplume|2\n|\n|-heal|p2a: Vileplume|98\/100|[from] item: Black Sludge\n|upkeep\n|turn|4\n|\n|t:|1646612794\n|switch|p1a: Sableye|Sableye, M|100\/100\n|move|p2a: Vileplume|Moonblast|p1a: Sableye\n|-supereffective|p1a: Sableye\n|-damage|p1a: Sableye|31\/100\n|-unboost|p1a: Sableye|spa|1\n|\n|-heal|p1a: Sableye|36\/100|[from] item: Leftovers\n|-heal|p2a: Vileplume|100\/100|[from] item: Black Sludge\n|upkeep\n|turn|5\n|j| Diggletdreams\n|\n|t:|1646612824\n|switch|p2a: Tyranitar|Tyranitar, F|100\/100\n|-weather|Sandstorm|[from] ability: Sand Stream|[of] p2a: Tyranitar\n|move|p1a: Sableye|Recover|p1a: Sableye\n|-heal|p1a: Sableye|87\/100\n|\n|-weather|Sandstorm|[upkeep]\n|-damage|p1a: Sableye|81\/100|[from] Sandstorm\n|-heal|p1a: Sableye|87\/100|[from] item: Leftovers\n|upkeep\n|turn|6\n|\n|t:|1646612841\n|move|p2a: Tyranitar|Stealth Rock|p1a: Sableye\n|-sidestart|p1: Aeriodon|move: Stealth Rock\n|move|p1a: Sableye|Drain Punch|p2a: Tyranitar\n|-supereffective|p2a: Tyranitar\n|-damage|p2a: Tyranitar|60\/100\n|-heal|p1a: Sableye|100\/100|[from] drain|[of] p2a: Tyranitar\n|\n|-weather|Sandstorm|[upkeep]\n|-damage|p1a: Sableye|95\/100|[from] Sandstorm\n|-heal|p1a: Sableye|100\/100|[from] item: Leftovers\n|upkeep\n|turn|7\n|\n|t:|1646612851\n|switch|p2a: Vileplume|Vileplume, F|100\/100\n|move|p1a: Sableye|Drain Punch|p2a: Vileplume\n|-resisted|p2a: Vileplume\n|-crit|p2a: Vileplume\n|-damage|p2a: Vileplume|92\/100\n|\n|-weather|Sandstorm|[upkeep]\n|-damage|p1a: Sableye|95\/100|[from] Sandstorm\n|-damage|p2a: Vileplume|85\/100|[from] Sandstorm\n|-heal|p1a: Sableye|100\/100|[from] item: Leftovers\n|-heal|p2a: Vileplume|92\/100|[from] item: Black Sludge\n|upkeep\n|turn|8\n|\n|t:|1646612860\n|move|p1a: Sableye|Taunt|p2a: Vileplume\n|-start|p2a: Vileplume|move: Taunt\n|move|p2a: Vileplume|Moonblast|p1a: Sableye\n|-supereffective|p1a: Sableye\n|-damage|p1a: Sableye|19\/100\n|-unboost|p1a: Sableye|spa|1\n|\n|-weather|Sandstorm|[upkeep]\n|-damage|p1a: Sableye|13\/100|[from] Sandstorm\n|-damage|p2a: Vileplume|85\/100|[from] Sandstorm\n|-heal|p1a: Sableye|19\/100|[from] item: Leftovers\n|-heal|p2a: Vileplume|92\/100|[from] item: Black Sludge\n|upkeep\n|turn|9\n|\n|t:|1646612866\n|switch|p1a: Miltank|Miltank, F|100\/100\n|-damage|p1a: Miltank|88\/100|[from] Stealth Rock\n|move|p2a: Vileplume|Moonblast|p1a: Miltank\n|-damage|p1a: Miltank|62\/100\n|\n|-weather|none\n|-heal|p1a: Miltank|68\/100|[from] item: Leftovers\n|-heal|p2a: Vileplume|98\/100|[from] item: Black Sludge\n|upkeep\n|turn|10\n|l| Diggletdreams\n|\n|t:|1646612885\n|switch|p2a: Rotom|Rotom-Wash|100\/100\n|move|p1a: Miltank|Stealth Rock|p2a: Rotom\n|-sidestart|p2: AsterJ|move: Stealth Rock\n|\n|-heal|p1a: Miltank|75\/100|[from] item: Leftovers\n|upkeep\n|turn|11\n|\n|t:|1646612903\n|switch|p1a: Milotic|Milotic, F|100\/100\n|-damage|p1a: Milotic|88\/100|[from] Stealth Rock\n|move|p2a: Rotom|Will-O-Wisp|p1a: Milotic\n|-status|p1a: Milotic|brn\n|\n|-heal|p1a: Milotic|94\/100 brn|[from] item: Leftovers\n|-damage|p1a: Milotic|88\/100 brn|[from] brn\n|upkeep\n|turn|12\n|\n|t:|1646612918\n|switch|p1a: Breloom|Breloom, M|77\/100\n|-damage|p1a: Breloom|71\/100|[from] Stealth Rock\n|move|p2a: Rotom|Volt Switch|p1a: Breloom\n|-resisted|p1a: Breloom\n|-damage|p1a: Breloom|46\/100\n|\n|t:|1646612927\n|switch|p2a: Vileplume|Vileplume, F|98\/100|[from]move: Volt Switch\n|-damage|p2a: Vileplume|85\/100|[from] Stealth Rock\n|\n|-heal|p2a: Vileplume|92\/100|[from] item: Black Sludge\n|upkeep\n|turn|13\n|\n|t:|1646612952\n|move|p1a: Breloom|Rock Tomb|p2a: Vileplume|[miss]\n|-miss|p1a: Breloom|p2a: Vileplume\n|move|p2a: Vileplume|Moonblast|p1a: Breloom\n|-supereffective|p1a: Breloom\n|-damage|p1a: Breloom|0 fnt\n|faint|p1a: Breloom\n|\n|-heal|p2a: Vileplume|98\/100|[from] item: Black Sludge\n|upkeep\n|\n|t:|1646612970\n|switch|p1a: Steelix|Steelix, M|100\/100\n|-damage|p1a: Steelix|97\/100|[from] Stealth Rock\n|turn|14\n|\n|t:|1646612979\n|move|p2a: Vileplume|Grass Knot|p1a: Steelix\n|-damage|p1a: Steelix|39\/100\n|move|p1a: Steelix|Smack Down|p2a: Vileplume\n|-damage|p2a: Vileplume|89\/100\n|\n|-heal|p2a: Vileplume|96\/100|[from] item: Black Sludge\n|-heal|p1a: Steelix|45\/100|[from] item: Leftovers\n|upkeep\n|turn|15\n|\n|t:|1646613029\n|switch|p1a: Milotic|Milotic, F|88\/100 brn\n|-damage|p1a: Milotic|76\/100 brn|[from] Stealth Rock\n|move|p2a: Vileplume|Grass Knot|p1a: Milotic\n|-supereffective|p1a: Milotic\n|-damage|p1a: Milotic|29\/100 brn\n|\n|-heal|p1a: Milotic|35\/100 brn|[from] item: Leftovers\n|-heal|p2a: Vileplume|100\/100|[from] item: Black Sludge\n|-damage|p1a: Milotic|29\/100 brn|[from] brn\n|upkeep\n|turn|16\n|\n|t:|1646613042\n|move|p1a: Milotic|Recover|p1a: Milotic\n|-heal|p1a: Milotic|79\/100 brn\n|move|p2a: Vileplume|Grass Knot|p1a: Milotic\n|-supereffective|p1a: Milotic\n|-damage|p1a: Milotic|37\/100 brn\n|\n|-heal|p1a: Milotic|43\/100 brn|[from] item: Leftovers\n|-damage|p1a: Milotic|37\/100 brn|[from] brn\n|upkeep\n|turn|17\n|\n|t:|1646613053\n|move|p1a: Milotic|Recover|p1a: Milotic\n|-heal|p1a: Milotic|87\/100 brn\n|move|p2a: Vileplume|Grass Knot|p1a: Milotic\n|-supereffective|p1a: Milotic\n|-damage|p1a: Milotic|41\/100 brn\n|\n|-heal|p1a: Milotic|47\/100 brn|[from] item: Leftovers\n|-damage|p1a: Milotic|41\/100 brn|[from] brn\n|upkeep\n|turn|18\n|\n|t:|1646613060\n|move|p1a: Milotic|Recover|p1a: Milotic\n|-heal|p1a: Milotic|91\/100 brn\n|move|p2a: Vileplume|Grass Knot|p1a: Milotic\n|-supereffective|p1a: Milotic\n|-damage|p1a: Milotic|45\/100 brn\n|\n|-heal|p1a: Milotic|51\/100 brn|[from] item: Leftovers\n|-damage|p1a: Milotic|45\/100 brn|[from] brn\n|upkeep\n|turn|19\n|\n|t:|1646613065\n|move|p1a: Milotic|Recover|p1a: Milotic\n|-heal|p1a: Milotic|95\/100 brn\n|move|p2a: Vileplume|Grass Knot|p1a: Milotic\n|-supereffective|p1a: Milotic\n|-damage|p1a: Milotic|52\/100 brn\n|\n|-heal|p1a: Milotic|58\/100 brn|[from] item: Leftovers\n|-damage|p1a: Milotic|52\/100 brn|[from] brn\n|upkeep\n|turn|20\n|\n|t:|1646613073\n|move|p1a: Milotic|Ice Beam|p2a: Vileplume\n|-supereffective|p2a: Vileplume\n|-damage|p2a: Vileplume|59\/100\n|move|p2a: Vileplume|Grass Knot|p1a: Milotic\n|-supereffective|p1a: Milotic\n|-damage|p1a: Milotic|9\/100 brn\n|\n|-heal|p1a: Milotic|15\/100 brn|[from] item: Leftovers\n|-heal|p2a: Vileplume|65\/100|[from] item: Black Sludge\n|-damage|p1a: Milotic|9\/100 brn|[from] brn\n|upkeep\n|turn|21\n|\n|t:|1646613085\n|move|p1a: Milotic|Recover|p1a: Milotic\n|-heal|p1a: Milotic|59\/100 brn\n|move|p2a: Vileplume|Grass Knot|p1a: Milotic\n|-supereffective|p1a: Milotic\n|-damage|p1a: Milotic|17\/100 brn\n|\n|-heal|p1a: Milotic|23\/100 brn|[from] item: Leftovers\n|-heal|p2a: Vileplume|72\/100|[from] item: Black Sludge\n|-damage|p1a: Milotic|17\/100 brn|[from] brn\n|upkeep\n|turn|22\n|\n|t:|1646613094\n|move|p1a: Milotic|Recover|p1a: Milotic\n|-heal|p1a: Milotic|67\/100 brn\n|move|p2a: Vileplume|Grass Knot|p1a: Milotic\n|-supereffective|p1a: Milotic\n|-damage|p1a: Milotic|26\/100 brn\n|\n|-heal|p1a: Milotic|32\/100 brn|[from] item: Leftovers\n|-heal|p2a: Vileplume|78\/100|[from] item: Black Sludge\n|-damage|p1a: Milotic|26\/100 brn|[from] brn\n|upkeep\n|turn|23\n|\n|t:|1646613103\n|move|p1a: Milotic|Recover|p1a: Milotic\n|-heal|p1a: Milotic|76\/100 brn\n|move|p2a: Vileplume|Grass Knot|p1a: Milotic\n|-supereffective|p1a: Milotic\n|-damage|p1a: Milotic|30\/100 brn\n|\n|-heal|p1a: Milotic|36\/100 brn|[from] item: Leftovers\n|-heal|p2a: Vileplume|84\/100|[from] item: Black Sludge\n|-damage|p1a: Milotic|30\/100 brn|[from] brn\n|upkeep\n|turn|24\n|\n|t:|1646613109\n|move|p1a: Milotic|Recover|p1a: Milotic\n|-heal|p1a: Milotic|80\/100 brn\n|move|p2a: Vileplume|Grass Knot|p1a: Milotic\n|-supereffective|p1a: Milotic\n|-damage|p1a: Milotic|33\/100 brn\n|\n|-heal|p1a: Milotic|39\/100 brn|[from] item: Leftovers\n|-heal|p2a: Vileplume|90\/100|[from] item: Black Sludge\n|-damage|p1a: Milotic|33\/100 brn|[from] brn\n|upkeep\n|turn|25\n|\n|t:|1646613118\n|move|p1a: Milotic|Recover|p1a: Milotic\n|-heal|p1a: Milotic|83\/100 brn\n|move|p2a: Vileplume|Grass Knot|p1a: Milotic\n|-supereffective|p1a: Milotic\n|-damage|p1a: Milotic|38\/100 brn\n|\n|-heal|p1a: Milotic|44\/100 brn|[from] item: Leftovers\n|-heal|p2a: Vileplume|97\/100|[from] item: Black Sludge\n|-damage|p1a: Milotic|38\/100 brn|[from] brn\n|upkeep\n|turn|26\n|\n|t:|1646613124\n|move|p1a: Milotic|Recover|p1a: Milotic\n|-heal|p1a: Milotic|88\/100 brn\n|move|p2a: Vileplume|Grass Knot|p1a: Milotic\n|-supereffective|p1a: Milotic\n|-damage|p1a: Milotic|41\/100 brn\n|\n|-heal|p1a: Milotic|48\/100 brn|[from] item: Leftovers\n|-heal|p2a: Vileplume|100\/100|[from] item: Black Sludge\n|-damage|p1a: Milotic|41\/100 brn|[from] brn\n|upkeep\n|turn|27\n|\n|t:|1646613127\n|move|p1a: Milotic|Recover|p1a: Milotic\n|-heal|p1a: Milotic|92\/100 brn\n|move|p2a: Vileplume|Grass Knot|p1a: Milotic\n|-supereffective|p1a: Milotic\n|-damage|p1a: Milotic|51\/100 brn\n|\n|-heal|p1a: Milotic|57\/100 brn|[from] item: Leftovers\n|-damage|p1a: Milotic|51\/100 brn|[from] brn\n|upkeep\n|turn|28\n|\n|t:|1646613131\n|switch|p2a: Rotom|Rotom-Wash|100\/100\n|-damage|p2a: Rotom|88\/100|[from] Stealth Rock\n|move|p1a: Milotic|Ice Beam|p2a: Rotom\n|-resisted|p2a: Rotom\n|-damage|p2a: Rotom|79\/100\n|\n|-heal|p1a: Milotic|57\/100 brn|[from] item: Leftovers\n|-damage|p1a: Milotic|51\/100 brn|[from] brn\n|upkeep\n|turn|29\n|\n|t:|1646613151\n|move|p2a: Rotom|Volt Switch|p1a: Milotic\n|-supereffective|p1a: Milotic\n|-damage|p1a: Milotic|20\/100 brn\n|\n|t:|1646613156\n|switch|p2a: Dusknoir|Dusknoir, M, shiny|100\/100|[from]move: Volt Switch\n|-damage|p2a: Dusknoir|88\/100|[from] Stealth Rock\n|-ability|p2a: Dusknoir|Pressure\n|move|p1a: Milotic|Recover|p1a: Milotic\n|-heal|p1a: Milotic|70\/100 brn\n|\n|-heal|p1a: Milotic|77\/100 brn|[from] item: Leftovers\n|-heal|p2a: Dusknoir|94\/100|[from] item: Leftovers\n|-damage|p1a: Milotic|70\/100 brn|[from] brn\n|upkeep\n|turn|30\n|\n|t:|1646613164\n|move|p1a: Milotic|Scald|p2a: Dusknoir\n|-damage|p2a: Dusknoir|76\/100\n|move|p2a: Dusknoir|Night Shade|p1a: Milotic\n|-damage|p1a: Milotic|45\/100 brn\n|\n|-heal|p1a: Milotic|51\/100 brn|[from] item: Leftovers\n|-heal|p2a: Dusknoir|83\/100|[from] item: Leftovers\n|-damage|p1a: Milotic|45\/100 brn|[from] brn\n|upkeep\n|turn|31\n|\n|t:|1646613192\n|move|p1a: Milotic|Recover|p1a: Milotic\n|-heal|p1a: Milotic|95\/100 brn\n|move|p2a: Dusknoir|Night Shade|p1a: Milotic\n|-damage|p1a: Milotic|70\/100 brn\n|\n|-heal|p1a: Milotic|76\/100 brn|[from] item: Leftovers\n|-heal|p2a: Dusknoir|89\/100|[from] item: Leftovers\n|-damage|p1a: Milotic|70\/100 brn|[from] brn\n|upkeep\n|turn|32\n|\n|t:|1646613204\n|move|p1a: Milotic|Scald|p2a: Dusknoir\n|-damage|p2a: Dusknoir|71\/100\n|move|p2a: Dusknoir|Night Shade|p1a: Milotic\n|-damage|p1a: Milotic|44\/100 brn\n|\n|-heal|p1a: Milotic|50\/100 brn|[from] item: Leftovers\n|-heal|p2a: Dusknoir|77\/100|[from] item: Leftovers\n|-damage|p1a: Milotic|44\/100 brn|[from] brn\n|upkeep\n|turn|33\n|\n|t:|1646613210\n|move|p1a: Milotic|Recover|p1a: Milotic\n|-heal|p1a: Milotic|94\/100 brn\n|move|p2a: Dusknoir|Night Shade|p1a: Milotic\n|-damage|p1a: Milotic|69\/100 brn\n|\n|-heal|p1a: Milotic|75\/100 brn|[from] item: Leftovers\n|-heal|p2a: Dusknoir|84\/100|[from] item: Leftovers\n|-damage|p1a: Milotic|69\/100 brn|[from] brn\n|upkeep\n|turn|34\n|\n|t:|1646613219\n|move|p1a: Milotic|Scald|p2a: Dusknoir\n|-damage|p2a: Dusknoir|66\/100\n|-status|p2a: Dusknoir|brn\n|move|p2a: Dusknoir|Night Shade|p1a: Milotic\n|-damage|p1a: Milotic|44\/100 brn\n|\n|-heal|p1a: Milotic|50\/100 brn|[from] item: Leftovers\n|-heal|p2a: Dusknoir|72\/100 brn|[from] item: Leftovers\n|-damage|p1a: Milotic|44\/100 brn|[from] brn\n|-damage|p2a: Dusknoir|66\/100 brn|[from] brn\n|upkeep\n|turn|35\n|\n|t:|1646613228\n|move|p1a: Milotic|Recover|p1a: Milotic\n|-heal|p1a: Milotic|94\/100 brn\n|move|p2a: Dusknoir|Night Shade|p1a: Milotic\n|-damage|p1a: Milotic|68\/100 brn\n|\n|-heal|p1a: Milotic|74\/100 brn|[from] item: Leftovers\n|-heal|p2a: Dusknoir|72\/100 brn|[from] item: Leftovers\n|-damage|p1a: Milotic|68\/100 brn|[from] brn\n|-damage|p2a: Dusknoir|66\/100 brn|[from] brn\n|upkeep\n|turn|36\n|\n|t:|1646613232\n|switch|p1a: Miltank|Miltank, F|75\/100\n|-damage|p1a: Miltank|62\/100|[from] Stealth Rock\n|move|p2a: Dusknoir|Night Shade|p1a: Miltank\n|-immune|p1a: Miltank\n|\n|-heal|p1a: Miltank|68\/100|[from] item: Leftovers\n|-heal|p2a: Dusknoir|72\/100 brn|[from] item: Leftovers\n|-damage|p2a: Dusknoir|66\/100 brn|[from] brn\n|upkeep\n|turn|37\n|\n|t:|1646613243\n|move|p1a: Miltank|Milk Drink|p1a: Miltank\n|-heal|p1a: Miltank|100\/100\n|move|p2a: Dusknoir|Will-O-Wisp|p1a: Miltank\n|-status|p1a: Miltank|brn\n|\n|-heal|p2a: Dusknoir|72\/100 brn|[from] item: Leftovers\n|-damage|p1a: Miltank|94\/100 brn|[from] brn\n|-damage|p2a: Dusknoir|66\/100 brn|[from] brn\n|upkeep\n|turn|38\n|\n|t:|1646613266\n|switch|p1a: Steelix|Steelix, M|45\/100\n|-damage|p1a: Steelix|42\/100|[from] Stealth Rock\n|move|p2a: Dusknoir|Earthquake|p1a: Steelix\n|-supereffective|p1a: Steelix\n|-damage|p1a: Steelix|32\/100\n|\n|-heal|p2a: Dusknoir|72\/100 brn|[from] item: Leftovers\n|-heal|p1a: Steelix|38\/100|[from] item: Leftovers\n|-damage|p2a: Dusknoir|66\/100 brn|[from] brn\n|upkeep\n|turn|39\n|\n|t:|1646613278\n|move|p2a: Dusknoir|Night Shade|p1a: Steelix\n|-damage|p1a: Steelix|10\/100\n|move|p1a: Steelix|Ice Fang|p2a: Dusknoir\n|-damage|p2a: Dusknoir|54\/100 brn\n|\n|-heal|p2a: Dusknoir|60\/100 brn|[from] item: Leftovers\n|-heal|p1a: Steelix|16\/100|[from] item: Leftovers\n|-damage|p2a: Dusknoir|54\/100 brn|[from] brn\n|upkeep\n|turn|40\n|\n|t:|1646613285\n|move|p2a: Dusknoir|Night Shade|p1a: Steelix\n|-damage|p1a: Steelix|0 fnt\n|faint|p1a: Steelix\n|\n|-heal|p2a: Dusknoir|60\/100 brn|[from] item: Leftovers\n|-damage|p2a: Dusknoir|54\/100 brn|[from] brn\n|upkeep\n|\n|t:|1646613288\n|switch|p1a: Sableye|Sableye, M|19\/100\n|-damage|p1a: Sableye|7\/100|[from] Stealth Rock\n|turn|41\n|\n|t:|1646613297\n|switch|p2a: Vileplume|Vileplume, F|100\/100\n|-damage|p2a: Vileplume|88\/100|[from] Stealth Rock\n|move|p1a: Sableye|Recover|p1a: Sableye\n|-heal|p1a: Sableye|57\/100\n|\n|-heal|p1a: Sableye|63\/100|[from] item: Leftovers\n|-heal|p2a: Vileplume|94\/100|[from] item: Black Sludge\n|upkeep\n|turn|42\n|\n|t:|1646613315\n|move|p1a: Sableye|Shadow Sneak|p2a: Vileplume\n|-damage|p2a: Vileplume|85\/100\n|move|p2a: Vileplume|Moonblast|p1a: Sableye\n|-supereffective|p1a: Sableye\n|-damage|p1a: Sableye|0 fnt\n|faint|p1a: Sableye\n|\n|-heal|p2a: Vileplume|91\/100|[from] item: Black Sludge\n|upkeep\n|\n|t:|1646613321\n|switch|p1a: Lapras|Lapras, M|100\/100\n|-damage|p1a: Lapras|76\/100|[from] Stealth Rock\n|turn|43\n|\n|t:|1646613349\n|switch|p2a: Tyranitar|Tyranitar, F|60\/100\n|-damage|p2a: Tyranitar|47\/100|[from] Stealth Rock\n|-weather|Sandstorm|[from] ability: Sand Stream|[of] p2a: Tyranitar\n|move|p1a: Lapras|Freeze-Dry|p2a: Tyranitar\n|-damage|p2a: Tyranitar|35\/100\n|\n|-weather|Sandstorm|[upkeep]\n|-damage|p1a: Lapras|69\/100|[from] Sandstorm\n|upkeep\n|turn|44\n|\n|t:|1646613358\n|move|p1a: Lapras|Waterfall|p2a: Tyranitar\n|-supereffective|p2a: Tyranitar\n|-damage|p2a: Tyranitar|0 fnt\n|faint|p2a: Tyranitar\n|\n|-weather|Sandstorm|[upkeep]\n|-damage|p1a: Lapras|63\/100|[from] Sandstorm\n|upkeep\n|\n|t:|1646613363\n|switch|p2a: Rotom|Rotom-Wash|79\/100\n|-damage|p2a: Rotom|66\/100|[from] Stealth Rock\n|turn|45\n|\n|t:|1646613371\n|move|p2a: Rotom|Volt Switch|p1a: Lapras\n|-supereffective|p1a: Lapras\n|-damage|p1a: Lapras|17\/100\n|c|\u2606AsterJ|Speedy boy\n|\n|t:|1646613379\n|switch|p2a: Dusknoir|Dusknoir, M, shiny|54\/100 brn|[from]move: Volt Switch\n|-damage|p2a: Dusknoir|42\/100 brn|[from] Stealth Rock\n|-ability|p2a: Dusknoir|Pressure\n|move|p1a: Lapras|Freeze-Dry|p2a: Dusknoir\n|-damage|p2a: Dusknoir|25\/100 brn\n|\n|-weather|Sandstorm|[upkeep]\n|-damage|p1a: Lapras|10\/100|[from] Sandstorm\n|-damage|p2a: Dusknoir|18\/100 brn|[from] Sandstorm\n|-heal|p2a: Dusknoir|25\/100 brn|[from] item: Leftovers\n|-damage|p2a: Dusknoir|18\/100 brn|[from] brn\n|upkeep\n|turn|46\n|\n|t:|1646613395\n|move|p1a: Lapras|Waterfall|p2a: Dusknoir\n|-damage|p2a: Dusknoir|0 fnt\n|faint|p2a: Dusknoir\n|\n|-weather|Sandstorm|[upkeep]\n|-damage|p1a: Lapras|4\/100|[from] Sandstorm\n|upkeep\n|\n|t:|1646613398\n|switch|p2a: Swellow|Swellow, M, shiny|100\/100\n|-damage|p2a: Swellow|76\/100|[from] Stealth Rock\n|turn|47\n|\n|t:|1646613403\n|move|p1a: Lapras|Ice Shard|p2a: Swellow\n|-supereffective|p2a: Swellow\n|-damage|p2a: Swellow|18\/100\n|move|p2a: Swellow|Facade|p1a: Lapras\n|-damage|p1a: Lapras|0 fnt\n|faint|p1a: Lapras\n|\n|-weather|none\n|-status|p2a: Swellow|brn|[from] item: Flame Orb\n|upkeep\n|\n|t:|1646613415\n|switch|p1a: Milotic|Milotic, F|68\/100 brn\n|-damage|p1a: Milotic|56\/100 brn|[from] Stealth Rock\n|turn|48\n|\n|t:|1646613425\n|move|p2a: Swellow|Roost|p2a: Swellow\n|-heal|p2a: Swellow|68\/100 brn\n|-singleturn|p2a: Swellow|move: Roost\n|move|p1a: Milotic|Ice Beam|p2a: Swellow\n|-damage|p2a: Swellow|27\/100 brn\n|\n|-heal|p1a: Milotic|62\/100 brn|[from] item: Leftovers\n|-damage|p2a: Swellow|21\/100 brn|[from] brn\n|-damage|p1a: Milotic|56\/100 brn|[from] brn\n|upkeep\n|turn|49\n|\n|t:|1646613433\n|move|p2a: Swellow|Facade|p1a: Milotic\n|-damage|p1a: Milotic|0 fnt\n|faint|p1a: Milotic\n|\n|-damage|p2a: Swellow|15\/100 brn|[from] brn\n|upkeep\n|\n|t:|1646613439\n|switch|p1a: Miltank|Miltank, F|94\/100 brn\n|-damage|p1a: Miltank|82\/100 brn|[from] Stealth Rock\n|turn|50\n|\n|t:|1646613441\n|move|p2a: Swellow|Facade|p1a: Miltank\n|-damage|p1a: Miltank|23\/100 brn\n|move|p1a: Miltank|Body Slam|p2a: Swellow\n|-damage|p2a: Swellow|0 fnt\n|faint|p2a: Swellow\n|\n|-heal|p1a: Miltank|29\/100 brn|[from] item: Leftovers\n|-damage|p1a: Miltank|23\/100 brn|[from] brn\n|upkeep\n|\n|t:|1646613446\n|switch|p2a: Garchomp|Garchomp, F, shiny|100\/100\n|-damage|p2a: Garchomp|94\/100|[from] Stealth Rock\n|turn|51\n|\n|t:|1646613449\n|move|p2a: Garchomp|Outrage|p1a: Miltank\n|-damage|p1a: Miltank|0 fnt\n|faint|p1a: Miltank\n|\n|win|AsterJ\n|c|\u2606AsterJ|Gg\n|l| PorygonTheBot\n|c|\u2606Aeriodon|gg! no arc was tough, put a lot into that and lost my ability to break anything\n|l|\u2606Aeriodon\n","uploadtime":1646613450,"views":31,"p1id":"aeriodon","p2id":"asterj","formatid":"gen8bdspou","rating":0,"private":0,"password":null}