{"id":"sports-gen8nationaldexdlcdraft-404565","p1":"Ebastia12","p2":"DjezzeMwoan","format":"gen8nationaldexdlcdraft","log":"|j|\u2606Ebastia12\n|j|\u2606DjezzeMwoan\n|t:|1620514971\n|gametype|singles\n|player|p1|Ebastia12|169|\n|player|p2|DjezzeMwoan|52|\n|teamsize|p1|6\n|teamsize|p2|6\n|gen|8\n|tier|[Gen 8] National Dex DLC Draft\n|rule|Sleep Clause Mod: Limit one foe put to sleep\n|rule|OHKO Clause: OHKO moves are banned\n|rule|Evasion Moves Clause: Evasion moves are banned\n|rule|Endless Battle Clause: Forcing endless battles is banned\n|rule|HP Percentage Mod: HP is shown in percentages\n|clearpoke\n|poke|p1|Snorlax, F|\n|poke|p1|Swampert, F|\n|poke|p1|Yveltal|\n|poke|p1|Infernape, F|\n|poke|p1|Mew|\n|poke|p1|Mawile, M|\n|poke|p2|Ho-Oh|\n|poke|p2|Zygarde|\n|poke|p2|Scizor, F|\n|poke|p2|Rotom-Frost|\n|poke|p2|Dusclops, M|\n|poke|p2|Cresselia, F|\n|rule|Dynamax Clause: You cannot dynamax\n|teampreview\n|html|<button name=\"send\" class=\"button\" value=\"\/timer ds\"><i class=\"fa fa-hourglass-start\"><\/i> DS Timer<\/button> <button name=\"send\" class=\"button\" value=\"\/timer smogon\"><i class=\"fa fa-hourglass-start\"><\/i> Smogon Timer<\/button>\n|c|\u2606DjezzeMwoan|dw lol\n|c|\u2606DjezzeMwoan|glhf\n|c|\u2606DjezzeMwoan|ugh\n|c|\u2606DjezzeMwoan|i knew what u were gonna bring\n|c|\u2606DjezzeMwoan|and its still not good looking\n|c|\u2606Ebastia12|Lmao yeah\n|c|\u2606Ebastia12|gl hf\n|c|\u2606DjezzeMwoan|u2 man\n|\n|t:|1620515052\n|start\n|switch|p1a: Swampert|Swampert, F|100\/100\n|switch|p2a: Matchup|Rotom-Frost|100\/100\n|turn|1\n|\n|t:|1620515083\n|switch|p2a: Kut|Scizor, F|100\/100\n|move|p1a: Swampert|Stealth Rock|p2a: Kut\n|-sidestart|p2: DjezzeMwoan|move: Stealth Rock\n|\n|upkeep\n|turn|2\n|\n|t:|1620515093\n|detailschange|p2a: Kut|Scizor-Mega, F\n|-mega|p2a: Kut|Scizor|Scizorite\n|move|p2a: Kut|Knock Off|p1a: Swampert\n|-damage|p1a: Swampert|72\/100\n|-damage|p2a: Kut|84\/100|[from] item: Rocky Helmet|[of] p1a: Swampert\n|-enditem|p1a: Swampert|Rocky Helmet|[from] move: Knock Off|[of] p2a: Kut\n|move|p1a: Swampert|Scald|p2a: Kut\n|-damage|p2a: Kut|59\/100\n|-status|p2a: Kut|brn\n|\n|-damage|p2a: Kut|53\/100 brn|[from] brn\n|upkeep\n|turn|3\n|c|\u2606DjezzeMwoan|this is rip\n|\n|t:|1620515108\n|move|p2a: Kut|U-turn|p1a: Swampert\n|-damage|p1a: Swampert|58\/100\n|\n|t:|1620515118\n|switch|p2a: Een|Zygarde|100\/100|[from]move: U-turn\n|-damage|p2a: Een|94\/100|[from] Stealth Rock\n|-ability|p2a: Een|Aura Break\n|move|p1a: Swampert|Flip Turn|p2a: Een\n|-damage|p2a: Een|84\/100\n|\n|t:|1620515198\n|switch|p1a: Mawile|Mawile, M|100\/100|[from]move: Flip Turn\n|-ability|p1a: Mawile|Intimidate|boost\n|-unboost|p2a: Een|atk|1\n|\n|-heal|p2a: Een|90\/100|[from] item: Leftovers\n|upkeep\n|turn|4\n|\n|t:|1620515228\n|switch|p2a: Wat|Ho-Oh|100\/100\n|-damage|p2a: Wat|50\/100|[from] Stealth Rock\n|detailschange|p1a: Mawile|Mawile-Mega, M\n|-mega|p1a: Mawile|Mawile|Mawilite\n|move|p1a: Mawile|Substitute|p1a: Mawile\n|-start|p1a: Mawile|Substitute\n|-damage|p1a: Mawile|75\/100\n|\n|upkeep\n|turn|5\n|\n|t:|1620515244\n|move|p2a: Wat|Sacred Fire|p1a: Mawile\n|-supereffective|p1a: Mawile\n|-end|p1a: Mawile|Substitute\n|-damage|p2a: Wat|41\/100|[from] item: Life Orb\n|move|p1a: Mawile|Knock Off|p2a: Wat\n|-damage|p2a: Wat|0 fnt\n|-enditem|p2a: Wat|Life Orb|[from] move: Knock Off|[of] p1a: Mawile\n|faint|p2a: Wat\n|\n|upkeep\n|c|\u2606DjezzeMwoan|this is cringe\n|c|\u2606DjezzeMwoan|ye gg lmfao\n|\n|t:|1620515257\n|switch|p2a: Een|Zygarde|90\/100\n|-damage|p2a: Een|84\/100|[from] Stealth Rock\n|-ability|p2a: Een|Aura Break\n|turn|6\n|\n|t:|1620515267\n|move|p2a: Een|Thousand Arrows|p1a: Mawile\n|-supereffective|p1a: Mawile\n|-damage|p1a: Mawile|20\/100\n|move|p1a: Mawile|Play Rough|p2a: Een\n|-supereffective|p2a: Een\n|-damage|p2a: Een|0 fnt\n|faint|p2a: Een\n|\n|upkeep\n|\n|t:|1620515271\n|switch|p2a: Matchup|Rotom-Frost|100\/100\n|-damage|p2a: Matchup|75\/100|[from] Stealth Rock\n|turn|7\n|\n|t:|1620515311\n|move|p2a: Matchup|Blizzard|p1a: Mawile|[miss]\n|-miss|p2a: Matchup|p1a: Mawile\n|move|p1a: Mawile|Play Rough|p2a: Matchup\n|-damage|p2a: Matchup|0 fnt\n|faint|p2a: Matchup\n|\n|upkeep\n|\n|t:|1620515319\n|switch|p2a: Kut|Scizor-Mega, F|53\/100 brn\n|-damage|p2a: Kut|41\/100 brn|[from] Stealth Rock\n|turn|8\n|c|\u2606Ebastia12|Sorry about that \n|\n|t:|1620515322\n|move|p2a: Kut|Bullet Punch|p1a: Mawile\n|-damage|p1a: Mawile|3\/100\n|move|p1a: Mawile|Fire Fang|p2a: Kut\n|-supereffective|p2a: Kut\n|-damage|p2a: Kut|0 fnt\n|faint|p2a: Kut\n|\n|upkeep\n|\n|t:|1620515326\n|switch|p2a: Is|Dusclops, M|100\/100\n|-damage|p2a: Is|88\/100|[from] Stealth Rock\n|-ability|p2a: Is|Pressure\n|turn|9\n|\n|t:|1620515335\n|move|p1a: Mawile|Knock Off|p2a: Is\n|-supereffective|p2a: Is\n|-damage|p2a: Is|23\/100\n|-enditem|p2a: Is|Eviolite|[from] move: Knock Off|[of] p1a: Mawile\n|move|p2a: Is|Destiny Bond|p2a: Is\n|-singlemove|p2a: Is|Destiny Bond\n|\n|upkeep\n|turn|10\n|c|\u2606DjezzeMwoan|i litteraly cant win\n|c|\u2606DjezzeMwoan|im out of attacking moves\n|c|\u2606DjezzeMwoan|hahaha\n|c|\u2606Ebastia12|Stall moment\n|c|\u2606DjezzeMwoan|well so far for my run in ifc\n|c|\u2606DjezzeMwoan|lmfao\n|\n|t:|1620515365\n|switch|p1a: Yveltal|Yveltal|100\/100\n|-ability|p1a: Yveltal|Dark Aura\n|move|p2a: Is|Counter||[still]\n|-fail|p2a: Is\n|\n|upkeep\n|turn|11\n|c|\u2606DjezzeMwoan|tbf i lost to yveltal anyways\n|\n|t:|1620515372\n|move|p1a: Yveltal|Knock Off|p2a: Is\n|-supereffective|p2a: Is\n|-damage|p2a: Is|0 fnt\n|faint|p2a: Is\n|\n|upkeep\n|\n|t:|1620515376\n|switch|p2a: Dit|Cresselia, F|100\/100\n|-damage|p2a: Dit|88\/100|[from] Stealth Rock\n|turn|12\n|c|\u2606Ebastia12|Yeah my mu was p good\n|c|\u2606DjezzeMwoan|dont attack\n|\n|t:|1620515386\n|move|p1a: Yveltal|Defog|p2a: Dit\n|-unboost|p2a: Dit|evasion|1\n|-sideend|p2: DjezzeMwoan|Stealth Rock|[from] move: Defog|[of] p1a: Yveltal\n|move|p2a: Dit|Lunar Dance||[still]\n|-fail|p2a: Dit\n|\n|upkeep\n|turn|13\n|c|\u2606DjezzeMwoan|what\n|c|\u2606DjezzeMwoan|cringe\n|c|\u2606DjezzeMwoan|where suicide\n|c|\u2606Ebastia12|I guess you have to have something in the back lol\n|c|\u2606Ebastia12|gg\n|\n|t:|1620515407\n|move|p1a: Yveltal|Knock Off|p2a: Dit\n|-supereffective|p2a: Dit\n|-enditem|p2a: Dit|Colbur Berry|[eat]\n|-enditem|p2a: Dit|Colbur Berry|[weaken]\n|-damage|p2a: Dit|52\/100\n|move|p2a: Dit|Reflect|p2a: Dit\n|-sidestart|p2: DjezzeMwoan|Reflect\n|\n|upkeep\n|turn|14\n|c|\u2606DjezzeMwoan|dw ill just pp stall then\n|\n|t:|1620515414\n|switch|p1a: Mew|Mew|100\/100\n|move|p2a: Dit|Trick Room|p2a: Dit\n|-fieldstart|move: Trick Room|[of] p2a: Dit\n|\n|upkeep\n|turn|15\n|\n|t:|1620515419\n|move|p2a: Dit|Light Screen|p2a: Dit\n|-sidestart|p2: DjezzeMwoan|move: Light Screen\n|move|p1a: Mew|Taunt|p2a: Dit\n|-start|p2a: Dit|move: Taunt\n|\n|upkeep\n|turn|16\n|\n|t:|1620515424\n|-activate|p2a: Dit|move: Struggle\n|move|p2a: Dit|Struggle|p1a: Mew\n|-damage|p1a: Mew|95\/100\n|-damage|p2a: Dit|27\/100|[from] recoil\n|move|p1a: Mew|Night Shade|p2a: Dit\n|-damage|p2a: Dit|4\/100\n|\n|-heal|p1a: Mew|100\/100|[from] item: Leftovers\n|upkeep\n|turn|17\n|c|\u2606DjezzeMwoan|lol\n|c|\u2606Ebastia12|LMAO\n|\n|t:|1620515433\n|-activate|p2a: Dit|move: Struggle\n|move|p2a: Dit|Struggle|p1a: Mew\n|-damage|p1a: Mew|95\/100\n|-damage|p2a: Dit|0 fnt|[from] recoil\n|faint|p2a: Dit\n|\n|win|Ebastia12\n|c|\u2606Ebastia12|gg\n|c|\u2606DjezzeMwoan|ye idk what i was thinking with the trick room hooh idea\n|c|\u2606DjezzeMwoan|gg\n|c|\u2606DjezzeMwoan|but like\n|c|\u2606Ebastia12|Oh that\n|c|\u2606DjezzeMwoan|where yveltal counter\n|c|\u2606DjezzeMwoan|knock off\n|c|\u2606DjezzeMwoan|oblivion wing\n|c|\u2606DjezzeMwoan|dark pulse\n|c|\u2606DjezzeMwoan|6-0\n|c|\u2606Ebastia12|Yveltal counter isn't in the game yeah\\\n|c|\u2606DjezzeMwoan|my counter was dusclops clikcing counter on a knock off\n|c|\u2606DjezzeMwoan|i eman u clicked knock off\n|c|\u2606DjezzeMwoan|dusclops was just already dead\n|c|\u2606DjezzeMwoan|ggs\n|c|\u2606DjezzeMwoan|can u save replay\n|l|\u2606DjezzeMwoan\n","uploadtime":1620515501,"views":16,"p1id":"ebastia12","p2id":"djezzemwoan","formatid":"gen8nationaldexdlcdraft","rating":0,"private":0,"password":null}