{"id":"sports-gen5customgame-310350","p1":"TNI Jake M","p2":"GeniusX","format":"gen5customgame","log":"|j|\u2606TNI Jake M\n|j|\u2606GeniusX\n|t:|1609694613\n|player|p1|TNI Jake M|winona-gen3|\n|player|p2|GeniusX|geniusx.gif|\n|teamsize|p1|6\n|teamsize|p2|6\n|gametype|singles\n|gen|5\n|tier|[Gen 5] Custom Game\n|bigerror|Warning: One player isn't adhering to a 510 EV limit, and the other player is.\n|html|<button name=\"send\" class=\"button\" value=\"\/timer ds\"><i class=\"fa fa-hourglass-start\"><\/i> DS Timer<\/button> <button name=\"send\" class=\"button\" value=\"\/timer smogon\"><i class=\"fa fa-hourglass-start\"><\/i> Smogon Timer<\/button>\n|\n|t:|1609694613\n|start\n|switch|p1a: Damos W|Graveler, L38, F|122\/122\n|switch|p2a: Ishi|Steelix, L38, M|120\/120\n|turn|1\n|j| BasedTech\n|j| RCV Deadbolt\n|\n|t:|1609694626\n|move|p1a: Damos W|Bulldoze|p2a: Ishi\n|-supereffective|p2a: Ishi\n|-damage|p2a: Ishi|78\/120\n|-unboost|p2a: Ishi|spe|1\n|move|p2a: Ishi|Stealth Rock|p1a: Damos W\n|-sidestart|p1: TNI Jake M|move: Stealth Rock\n|\n|upkeep\n|turn|2\n|j| john w\n|j| Specs KING\n|j| CRAM iPro\n|j| le xrn\n|\n|t:|1609694634\n|switch|p2a: Tora|Swampert, L38, F|134\/134\n|move|p1a: Damos W|Stealth Rock|p2a: Tora\n|-sidestart|p2: GeniusX|move: Stealth Rock\n|\n|upkeep\n|turn|3\n|j| l2p goofy\n|c| le xrn|GOAT\n|\n|t:|1609694655\n|switch|p1a: slime|Milotic, L38, F|137\/137\n|-damage|p1a: slime|120\/137|[from] Stealth Rock\n|move|p2a: Tora|Muddy Water|p1a: slime|[miss]\n|-miss|p2a: Tora|p1a: slime\n|\n|-heal|p1a: slime|128\/137|[from] item: Leftovers\n|upkeep\n|turn|4\n|\n|t:|1609694662\n|move|p1a: slime|Hydro Pump|p2a: Tora\n|-damage|p2a: Tora|80\/134\n|move|p2a: Tora|Yawn|p1a: slime\n|-start|p1a: slime|move: Yawn|[of] p2a: Tora\n|\n|-heal|p1a: slime|136\/137|[from] item: Leftovers\n|upkeep\n|turn|5\n|c| john w|graveler....\n|c|\u2606TNI Jake M|LOL\n|c| l2p goofy|YAWN virgin -moonie\n|j| Shadowblast\n|\n|t:|1609694679\n|move|p1a: slime|Hydro Pump|p2a: Tora\n|-damage|p2a: Tora|19\/134\n|move|p2a: Tora|Muddy Water|p1a: slime|[miss]\n|-miss|p2a: Tora|p1a: slime\n|\n|-heal|p1a: slime|137\/137|[from] item: Leftovers\n|-end|p1a: slime|move: Yawn|[silent]\n|-status|p1a: slime|slp\n|upkeep\n|turn|6\n|c| l2p goofy|goat\n|c| le xrn|slime\n|c| john w|who tf is l2p goofy\n|c| john w|.\n|c| le xrn|sky\n|c| l2p goofy|keegan\n|c| l2p goofy|retard\n|c| le xrn|def sky\n|\n|t:|1609694698\n|switch|p1a: Buccaneer|Scizor, L38, M|109\/109\n|-damage|p1a: Buccaneer|96\/109|[from] Stealth Rock\n|move|p2a: Tora|Rest|p2a: Tora\n|-status|p2a: Tora|slp|[from] move: Rest\n|-heal|p2a: Tora|134\/134 slp|[silent]\n|-enditem|p2a: Tora|Chesto Berry|[eat]\n|-curestatus|p2a: Tora|slp|[msg]\n|\n|upkeep\n|turn|7\n|c| john w|ur retarded keegoon\n|\n|t:|1609694704\n|move|p2a: Tora|Muddy Water|p1a: Buccaneer\n|-damage|p1a: Buccaneer|41\/109\n|move|p1a: Buccaneer|X-Scissor|p2a: Tora\n|debug|Base Power: 80\n|-damage|p2a: Tora|83\/134\n|\n|upkeep\n|turn|8\n|c| l2p goofy|l2p \n|c|\u2606TNI Jake M|why am i\n|c|\u2606TNI Jake M|slower\n|c| john w|holy\n|c|\u2606TNI Jake M|sciz sucks\n|c| le xrn|scizor is so bad\n|c| le xrn|LOL\n|c| john w|LOL\n|c| Shadowblast|wtf is that damage\n|c| Shadowblast|.\n|c|\u2606TNI Jake M|doesnt help im bod\n|c|\u2606TNI Jake M|bold\n|c|\u2606TNI Jake M|KEK\n|c| l2p goofy|its a pkhex mon jake\n|c| l2p goofy|ofc its faster\n|c|\u2606GeniusX|im 63 speed\n|c| l2p goofy|KEK\n|\n|t:|1609694727\n|switch|p1a: slime|Milotic, L38, F|137\/137 slp\n|-damage|p1a: slime|120\/137 slp|[from] Stealth Rock\n|move|p2a: Tora|Muddy Water|p1a: slime\n|-resisted|p1a: slime\n|-damage|p1a: slime|106\/137 slp\n|\n|-heal|p1a: slime|114\/137 slp|[from] item: Leftovers\n|upkeep\n|turn|9\n|c| le xrn|wtf does scizor have this gym\n|c| le xrn|mono xscissor\n|c|\u2606TNI Jake M|well its a scizor\n|\n|t:|1609694738\n|switch|p2a: Kabutoshi|Heracross, L38, F|123\/123\n|-damage|p2a: Kabutoshi|108\/123|[from] Stealth Rock\n|cant|p1a: slime|slp\n|\n|-heal|p1a: slime|122\/137 slp|[from] item: Leftovers\n|upkeep\n|turn|10\n|c|\u2606TNI Jake M|best typing in mons\n|\n|t:|1609694748\n|switch|p1a: Damos W|Graveler, L38, F|122\/122\n|-damage|p1a: Damos W|115\/122|[from] Stealth Rock\n|move|p2a: Kabutoshi|Work Up|p2a: Kabutoshi\n|-boost|p2a: Kabutoshi|atk|1\n|-boost|p2a: Kabutoshi|spa|1\n|\n|upkeep\n|turn|11\n|c| le xrn|xings a fucking hacker for this mon\n|c|\u2606TNI Jake M|Goat\n|c| le xrn|btw\n|\n|t:|1609694758\n|move|p2a: Kabutoshi|Close Combat|p1a: Damos W\n|-supereffective|p1a: Damos W\n|-damage|p1a: Damos W|13\/122\n|-unboost|p2a: Kabutoshi|def|1\n|-unboost|p2a: Kabutoshi|spd|1\n|move|p1a: Damos W|Rock Blast|p2a: Kabutoshi\n|debug|brightpowder - decreasing accuracy\n|-damage|p2a: Kabutoshi|77\/123\n|-damage|p2a: Kabutoshi|47\/123\n|-damage|p2a: Kabutoshi|16\/123\n|-damage|p2a: Kabutoshi|0 fnt\n|-hitcount|p2a: Kabutoshi|4\n|faint|p2a: Kabutoshi\n|\n|upkeep\n|c|\u2606GeniusX|yea\n|c|\u2606TNI Jake M|LMFAO\n|c| john w|xing\n|c|\u2606GeniusX|modest\n|c| le xrn|xings fucking stupid\n|c|\u2606GeniusX|heracross\n|c| john w|why not cc\n|c| john w|dumbass\n|c| l2p goofy|LOL\n|c| john w|breh\n|c|\u2606GeniusX|fucking\n|c|\u2606GeniusX|modest\n|c|\u2606GeniusX|heracross\n|c|\u2606GeniusX|i swear to god\n|c|\u2606TNI Jake M|then cc\n|c|\u2606TNI Jake M|goofy\n|c|\u2606GeniusX|i did cc\n|c|\u2606TNI Jake M|get graveler'd\n|c| l2p goofy|jake predicted modest heracross\n|c| CRAM iPro|he did cc\n|c| l2p goofy|on another planet\n|\n|t:|1609694789\n|switch|p2a: Mamoru|Sigilyph, L38, F|117\/117\n|debug|damage event failed\n|turn|12\n|c|\u2606TNI Jake M|the turn b4\n|c| john w|u heracross on milo matey\n|c| john w|oh shit\n|\n|t:|1609694793\n|move|p2a: Mamoru|Psyshock|p1a: Damos W\n|-damage|p1a: Damos W|0 fnt\n|debug|damage event failed\n|faint|p1a: Damos W\n|\n|upkeep\n|c| john w|SIGI\n|c| Specs KING|why is jakes team chipped this hard wtf\n|c| Specs KING|how\n|c| RCV Deadbolt|gg it's sigi\n|j| Demon Ves\n|c| le xrn|sig in\n|c|\u2606GeniusX|i hate my naturez\n|c|\u2606GeniusX|they're alll so garbage\n|c| BasedTech|hows everyone pulling up with heracross\n|c| Specs KING|I didnt kek\n|\n|t:|1609694842\n|switch|p1a: fabio.|Ampharos, L38, F|147\/147\n|-damage|p1a: fabio.|129\/147|[from] Stealth Rock\n|turn|13\n|c|\u2606GeniusX|xrn should we tell them\n|c| le xrn|hmm\n|c| RCV Deadbolt|nah, fuck em\n|c| RCV Deadbolt|KEK\n|c| le xrn|well speki has hof luck\n|\n|t:|1609694855\n|switch|p2a: Ishi|Steelix, L38, M|78\/120\n|-damage|p2a: Ishi|75\/120|[from] Stealth Rock\n|switch|p1a: HikersMilkies|Nidoqueen, L38, F|146\/146\n|-damage|p1a: HikersMilkies|137\/146|[from] Stealth Rock\n|\n|-heal|p1a: HikersMilkies|146\/146|[from] item: Leftovers\n|upkeep\n|turn|14\n|c| le xrn|ur a fucking cheater\n|c| john w|,\n|c| BasedTech|speki didnt get a heracross\n|c| Specs KING|^\n|c| le xrn|oh \n|\n|t:|1609694866\n|switch|p2a: Mamoru|Sigilyph, L38, F|117\/117\n|debug|damage event failed\n|move|p1a: HikersMilkies|Toxic Spikes|p2a: Mamoru\n|-sidestart|p2: GeniusX|move: Toxic Spikes\n|\n|upkeep\n|turn|15\n|c| Specs KING|I was trolling\n|c| john w|pick\n|c| john w|PICK\n|c| Specs KING|I lost my encounter there iirc\n|c| RCV Deadbolt|PICk\n|c|\u2606GeniusX|u got ur honckrow\n|c|\u2606GeniusX|there\n|c|\u2606GeniusX|wym\n|c| BasedTech|no shot if u had honchkrow\n|c|\u2606TNI Jake M|mighty perd\n|c| Specs KING|oh it was route b4\n|c| Specs KING|the one with the fuckin licky\n|inactive|Battle timer is ON: inactive players will automatically lose when time's up. (requested by GeniusX)\n|\n|t:|1609694915\n|switch|p1a: Buccaneer|Scizor, L38, M|41\/109\n|-damage|p1a: Buccaneer|28\/109|[from] Stealth Rock\n|move|p2a: Mamoru|Psyshock|p1a: Buccaneer\n|-resisted|p1a: Buccaneer\n|-damage|p1a: Buccaneer|3\/109\n|debug|damage event failed\n|\n|upkeep\n|turn|16\n|c| Specs KING|timerd\n|\n|t:|1609694919\n|move|p2a: Mamoru|Psyshock|p1a: Buccaneer\n|-resisted|p1a: Buccaneer\n|-crit|p1a: Buccaneer\n|-damage|p1a: Buccaneer|0 fnt\n|debug|damage event failed\n|faint|p1a: Buccaneer\n|\n|upkeep\n|c| Specs KING|lmao\n|\n|t:|1609694924\n|switch|p1a: fabio.|Ampharos, L38, F|129\/147\n|-damage|p1a: fabio.|111\/147|[from] Stealth Rock\n|turn|17\n|c|\u2606TNI Jake M|shouldve brought maractus\n|c|\u2606TNI Jake M|over sciz\n|c|\u2606TNI Jake M|...\n|c|\u2606TNI Jake M|fuck\n|c| le xrn|.\n|c| RCV Deadbolt|maractus\n|c| RCV Deadbolt|lmao\n|c| Specs KING|wouldnt have helped vs this thing\n|c| Specs KING|LOL\n|c|\u2606GeniusX|how woulld maractus have helped\n|c|\u2606GeniusX|lmao\n|c|\u2606TNI Jake M|Well\n|c|\u2606TNI Jake M|vs pert\n|c|\u2606TNI Jake M|and it learns spikse\n|c| john w|.\n|c|\u2606TNI Jake M|Basically\n|inactive|TNI Jake M has 270 seconds left.\n|c|\u2606TNI Jake M|sciz is trash\n|c| le xrn|how does everyone have hazards\n|c| le xrn|wtf\n|\n|t:|1609694960\n|switch|p2a: Ishi|Steelix, L38, M|75\/120\n|-damage|p2a: Ishi|72\/120|[from] Stealth Rock\n|switch|p1a: Ignacio|Infernape, L38, M|109\/109\n|-damage|p1a: Ignacio|96\/109|[from] Stealth Rock\n|\n|upkeep\n|turn|18\n|c| l2p goofy|play the game jake\n|c| le xrn|IGNACIO\n|c| Specs KING|IN\n|c|\u2606GeniusX|oh u lose to sigiplyh\n|c|\u2606TNI Jake M|Correct\n|c| RCV Deadbolt|.\n|inactive|GeniusX has 270 seconds left.\n|\n|t:|1609694991\n|switch|p2a: Tora|Swampert, L38, F|83\/134\n|-status|p2a: Tora|psn\n|-damage|p2a: Tora|75\/134 psn|[from] Stealth Rock\n|move|p1a: Ignacio|Close Combat|p2a: Tora\n|-damage|p2a: Tora|0 fnt\n|-unboost|p1a: Ignacio|def|1\n|-unboost|p1a: Ignacio|spd|1\n|-damage|p1a: Ignacio|86\/109|[from] item: Life Orb\n|faint|p2a: Tora\n|\n|upkeep\n|\n|t:|1609694994\n|switch|p2a: Mamoru|Sigilyph, L38, F|117\/117\n|debug|damage event failed\n|turn|19\n|c| Specs KING|BACK\n|c| RCV Deadbolt|PICK\n|c| Demon Ves|jake youre too honest\n|inactive|TNI Jake M has 270 seconds left.\n|c| Demon Ves|you should cheat more\n|c| john w|this kills\n|c| john w|as fuck\n|c| john w|LOL\n|c| CRAM iPro|we dont know how to pkhex like xing\n|c| Specs KING|with what\n|c| Specs KING|fkn flame wheel?\n|c| john w|flare blitz\n|inactive|TNI Jake M has 240 seconds left.\n|c| Specs KING|doesnt learn\n|c|\u2606GeniusX|rock tomb crit oml\n|\n|t:|1609695045\n|switch|p1a: slime|Milotic, L38, F|122\/137 slp\n|-damage|p1a: slime|105\/137 slp|[from] Stealth Rock\n|move|p2a: Mamoru|Psyshock|p1a: slime\n|-damage|p1a: slime|57\/137 slp\n|debug|damage event failed\n|\n|-heal|p1a: slime|65\/137 slp|[from] item: Leftovers\n|upkeep\n|turn|20\n|c| john w|..\n|c| Demon Ves|blast burn\n|\n|t:|1609695051\n|move|p2a: Mamoru|Psyshock|p1a: slime\n|-damage|p1a: slime|18\/137 slp\n|debug|damage event failed\n|cant|p1a: slime|slp\n|\n|-heal|p1a: slime|26\/137 slp|[from] item: Leftovers\n|upkeep\n|turn|21\n|c| john w|gen 5 sleep baby\n|c| Specs KING|it learns blitz later\n|\n|t:|1609695056\n|move|p2a: Mamoru|Reflect|p2a: Mamoru\n|-sidestart|p2: GeniusX|Reflect\n|-curestatus|p1a: slime|slp|[msg]\n|move|p1a: slime|Hydro Pump|p2a: Mamoru\n|-crit|p2a: Mamoru\n|-damage|p2a: Mamoru|0 fnt\n|faint|p2a: Mamoru\n|\n|-heal|p1a: slime|34\/137|[from] item: Leftovers\n|upkeep\n|c|\u2606TNI Jake M|hof\n|c|\u2606GeniusX|.\n|c|\u2606GeniusX|.\n|c| john w|XING\n|c|\u2606GeniusX|.\n|c|\u2606GeniusX|.\n|c| Demon Ves|LOL\n|c|\u2606GeniusX|.\n|c| john w|R U FUCKING\n|c| BasedTech|CHOKE\n|c| Specs KING|...\n|c|\u2606GeniusX|.\n|c| john w|STUPID\n|c|\u2606GeniusX|.\n|c|\u2606GeniusX|.\n|c| Specs KING|GENIUSBHEWBRFV F\n|c| RCV Deadbolt|XING YOU RETARD\n|c| Specs KING|GENIUS\n|c| le xrn|xing\n|c| Specs KING|JUST KILL\n|c| john w|xing\n|c| john w|dude\n|c| Specs KING|DUMBAS\n|c| john w|what the fuck\n|c|\u2606GeniusX|i thought gen 5 sleep\n|c|\u2606GeniusX|was always 2 turns\n|c|\u2606GeniusX|wtf\n|c| l2p goofy|LOL\n|c| john w|no\n|c| RCV Deadbolt|.\n|c| le xrn|..\n|c| john w|omg\n|c|\u2606TNI Jake M|What\n|inactive|GeniusX has 270 seconds left.\n|c| john w|you serious dude\n|c| le xrn|you dont die\n|c| le xrn|to flame wheel\n|c| l2p goofy|jake hacked the mainframe\n|c|\u2606TNI Jake M|L2P\n|c| john w|........\n|c| l2p goofy|goat\n|c| l2p goofy|l2p\n|c|\u2606TNI Jake M|i still prob\n|c|\u2606TNI Jake M|lose\n|c|\u2606TNI Jake M|ngl\n|c| Specs KING|Holy shit this is actually just a self int\n|c| Specs KING|F\n|c|\u2606GeniusX|ok i need to calc\n|c|\u2606TNI Jake M|i couldntve rested tho\n|c| le xrn|trying to remember the rest of xings team\n|inactive|GeniusX has 240 seconds left.\n|c| le xrn|its close\n|c|\u2606TNI Jake M|the marvel scale was clutch\n|c|\u2606TNI Jake M|tho\n|inactive|GeniusX has 210 seconds left.\n|\n|t:|1609695154\n|switch|p2a: Ryu|Gyarados, L38, M|143\/143\n|-damage|p2a: Ryu|108\/143|[from] Stealth Rock\n|-ability|p2a: Ryu|Intimidate|boost\n|-unboost|p1a: slime|atk|1\n|turn|22\n|\n|t:|1609695162\n|move|p1a: slime|Rest|p1a: slime\n|-status|p1a: slime|slp|[from] move: Rest\n|-heal|p1a: slime|137\/137 slp|[silent]\n|move|p2a: Ryu|Return|p1a: slime\n|-crit|p1a: slime\n|-damage|p1a: slime|70\/137 slp\n|\n|-heal|p1a: slime|78\/137 slp|[from] item: Leftovers\n|-heal|p2a: Ryu|116\/143|[from] item: Leftovers\n|upkeep\n|turn|23\n|\n|t:|1609695168\n|cant|p1a: slime|slp\n|move|p2a: Ryu|Return|p1a: slime\n|-crit|p1a: slime\n|-damage|p1a: slime|8\/137 slp\n|\n|-heal|p1a: slime|16\/137 slp|[from] item: Leftovers\n|-heal|p2a: Ryu|124\/143|[from] item: Leftovers\n|upkeep\n|turn|24\n|c| le xrn|ok we got hof luck\n|c|\u2606TNI Jake M|...\n|c|\u2606GeniusX|u crit hydro\n|c| john w|LOL\n|c|\u2606GeniusX|stfu\n|\n|t:|1609695178\n|cant|p1a: slime|slp\n|move|p2a: Ryu|Return|p1a: slime\n|-damage|p1a: slime|0 fnt\n|faint|p1a: slime\n|\n|-heal|p2a: Ryu|132\/143|[from] item: Leftovers\n|upkeep\n|\n|t:|1609695180\n|switch|p1a: fabio.|Ampharos, L38, F|111\/147\n|-damage|p1a: fabio.|93\/147|[from] Stealth Rock\n|turn|25\n|c| CRAM iPro|why isnt it\n|c| CRAM iPro|recover\n|inactive|GeniusX has 240 seconds left.\n|c| CRAM iPro|?????\n|c| CRAM iPro|????????\n|c| john w|it is\n|inactive|TNI Jake M has 270 seconds left.\n|c|\u2606TNI Jake M|i thought hed bounce\n|c|\u2606TNI Jake M|Kek\n|c| CRAM iPro|whyd this goofy click rest \n|c| CRAM iPro|why woul\n|c| CRAM iPro|.\n|c| CRAM iPro|u get to a 100\n|c| RCV Deadbolt|choke for choke\n|c|\u2606TNI Jake M|bruh return doesnt kill\n|c| RCV Deadbolt|KEK\n|c| CRAM iPro|with recover\n|inactive|TNI Jake M has 240 seconds left.\n|c|\u2606GeniusX|also\n|c|\u2606GeniusX|-speed gyara\n|c|\u2606GeniusX|strikes\n|c|\u2606GeniusX|again\n|c|\u2606GeniusX|to be slower\n|c|\u2606GeniusX|than milo\n|\n|t:|1609695259\n|switch|p2a: Ishi|Steelix, L38, M|72\/120\n|-damage|p2a: Ishi|69\/120|[from] Stealth Rock\n|move|p1a: fabio.|Rest|p1a: fabio.\n|-status|p1a: fabio.|slp|[from] move: Rest\n|-heal|p1a: fabio.|147\/147 slp|[silent]\n|-enditem|p1a: fabio.|Chesto Berry|[eat]\n|-curestatus|p1a: fabio.|slp|[msg]\n|\n|-sideend|p2: GeniusX|Reflect\n|upkeep\n|turn|26\n|\n|t:|1609695266\n|switch|p1a: HikersMilkies|Nidoqueen, L38, F|146\/146\n|-damage|p1a: HikersMilkies|137\/146|[from] Stealth Rock\n|move|p2a: Ishi|Bulldoze|p1a: HikersMilkies\n|-supereffective|p1a: HikersMilkies\n|-damage|p1a: HikersMilkies|95\/146\n|-unboost|p1a: HikersMilkies|spe|1\n|\n|-heal|p1a: HikersMilkies|104\/146|[from] item: Leftovers\n|upkeep\n|turn|27\n|c| john w|eq.\n|c| le xrn|eq.\n|c| john w|bulldoze...\n|inactive|GeniusX has 240 seconds left.\n|\n|t:|1609695278\n|switch|p2a: Ryu|Gyarados, L38, M|132\/143\n|-damage|p2a: Ryu|97\/143|[from] Stealth Rock\n|-ability|p2a: Ryu|Intimidate|boost\n|-unboost|p1a: HikersMilkies|atk|1\n|move|p1a: HikersMilkies|Bulldoze|p2a: Ryu\n|-immune|p2a: Ryu\n|\n|-heal|p2a: Ryu|105\/143|[from] item: Leftovers\n|-heal|p1a: HikersMilkies|113\/146|[from] item: Leftovers\n|upkeep\n|turn|28\n|c| CRAM iPro|ep ohkos cuh\n|\n|t:|1609695285\n|switch|p1a: fabio.|Ampharos, L38, F|147\/147\n|-damage|p1a: fabio.|129\/147|[from] Stealth Rock\n|move|p2a: Ryu|Aqua Tail|p1a: fabio.\n|-damage|p1a: fabio.|77\/147\n|\n|-heal|p2a: Ryu|113\/143|[from] item: Leftovers\n|upkeep\n|turn|29\n|c| le xrn|bulldoze..\n|c| john w|chipski\n|inactive|GeniusX has 240 seconds left.\n|\n|t:|1609695327\n|switch|p2a: Ishi|Steelix, L38, M|69\/120\n|-damage|p2a: Ishi|66\/120|[from] Stealth Rock\n|switch|p1a: HikersMilkies|Nidoqueen, L38, F|113\/146\n|-damage|p1a: HikersMilkies|104\/146|[from] Stealth Rock\n|\n|-heal|p1a: HikersMilkies|113\/146|[from] item: Leftovers\n|upkeep\n|turn|30\n|c| john w|imagine\n|\n|t:|1609695345\n|switch|p2a: Ryu|Gyarados, L38, M|113\/143\n|-damage|p2a: Ryu|78\/143|[from] Stealth Rock\n|-ability|p2a: Ryu|Intimidate|boost\n|-unboost|p1a: HikersMilkies|atk|1\n|move|p1a: HikersMilkies|Super Fang|p2a: Ryu\n|-damage|p2a: Ryu|39\/143\n|\n|-heal|p1a: HikersMilkies|122\/146|[from] item: Leftovers\n|-heal|p2a: Ryu|47\/143|[from] item: Leftovers\n|upkeep\n|turn|31\n|c| le xrn|super fang..\n|c| john w|pick.\n|inactive|TNI Jake M has 210 seconds left.\n|\n|t:|1609695367\n|switch|p1a: fabio.|Ampharos, L38, F|77\/147\n|-damage|p1a: fabio.|59\/147|[from] Stealth Rock\n|move|p2a: Ryu|Aqua Tail|p1a: fabio.\n|-damage|p1a: fabio.|10\/147\n|-status|p2a: Ryu|par|[from] ability: Static|[of] p1a: fabio.\n|\n|-heal|p2a: Ryu|55\/143 par|[from] item: Leftovers\n|upkeep\n|turn|32\n|inactive|GeniusX has 240 seconds left.\n|c|\u2606GeniusX|bruh\n|c| john w|nevermind\n|c| john w|xing bruh u threw\n|c| john w|sigi...\n|c| le xrn|jake threw if no static para\n|c|\u2606TNI Jake M|nah\n|c|\u2606TNI Jake M|ttp\n|c| le xrn|but xing def tossed harder\n|c| john w|Kinda fax\n|c| BasedTech|winnable\n|inactive|GeniusX has 210 seconds left.\n|\n|t:|1609695408\n|switch|p2a: Ishi|Steelix, L38, M|66\/120\n|-damage|p2a: Ishi|63\/120|[from] Stealth Rock\n|move|p1a: fabio.|Power Gem|p2a: Ishi\n|-resisted|p2a: Ishi\n|-damage|p2a: Ishi|50\/120\n|\n|upkeep\n|turn|33\n|inactive|GeniusX has 210 seconds left.\n|\n|t:|1609695417\n|move|p1a: fabio.|Power Gem|p2a: Ishi\n|-resisted|p2a: Ishi\n|-damage|p2a: Ishi|38\/120\n|move|p2a: Ishi|Rest|p2a: Ishi\n|-status|p2a: Ishi|slp|[from] move: Rest\n|-heal|p2a: Ishi|120\/120 slp|[silent]\n|-enditem|p2a: Ishi|Chesto Berry|[eat]\n|-curestatus|p2a: Ishi|slp|[msg]\n|\n|upkeep\n|turn|34\n|\n|t:|1609695420\n|move|p1a: fabio.|Power Gem|p2a: Ishi\n|-resisted|p2a: Ishi\n|-damage|p2a: Ishi|108\/120\n|move|p2a: Ishi|Bulldoze|p1a: fabio.\n|-supereffective|p1a: fabio.\n|-damage|p1a: fabio.|0 fnt\n|faint|p1a: fabio.\n|\n|upkeep\n|c| le xrn|ttp\n|c|\u2606TNI Jake M|Hmm\n|inactive|TNI Jake M has 210 seconds left.\n|c| Shadowblast|xing gonna reveal last mon scarf drill\n|inactive|TNI Jake M has 180 seconds left.\n|c| le xrn|xings last mon? crazy\n|inactive|TNI Jake M has 150 seconds left.\n|c|\u2606GeniusX|jake spending more time on a elimlocke turn than on an entire dpl game\n|\n|t:|1609695522\n|switch|p1a: Ignacio|Infernape, L38, M|86\/109\n|-damage|p1a: Ignacio|73\/109|[from] Stealth Rock\n|turn|35\n|c| john w|live\n|\n|t:|1609695527\n|move|p1a: Ignacio|Close Combat|p2a: Ishi\n|-supereffective|p2a: Ishi\n|-damage|p2a: Ishi|14\/120\n|-unboost|p1a: Ignacio|def|1\n|-unboost|p1a: Ignacio|spd|1\n|-damage|p1a: Ignacio|63\/109|[from] item: Life Orb\n|move|p2a: Ishi|Bulldoze|p1a: Ignacio\n|-supereffective|p1a: Ignacio\n|-damage|p1a: Ignacio|0 fnt\n|faint|p1a: Ignacio\n|\n|upkeep\n|c| john w|mr. eat\n|\n|t:|1609695530\n|switch|p1a: HikersMilkies|Nidoqueen, L38, F|122\/146\n|-damage|p1a: HikersMilkies|113\/146|[from] Stealth Rock\n|turn|36\n|c|\u2606GeniusX|gg\n|c| john w|MR. EAT\n|c| RCV Deadbolt|GANHAMOS\n|inactive|GeniusX has 240 seconds left.\n|\n|t:|1609695535\n|move|p1a: HikersMilkies|Bulldoze|p2a: Ishi\n|-supereffective|p2a: Ishi\n|-damage|p2a: Ishi|0 fnt\n|faint|p2a: Ishi\n|\n|-heal|p1a: HikersMilkies|122\/146|[from] item: Leftovers\n|upkeep\n|l| CRAM iPro\n|inactive|GeniusX has 240 seconds left.\n|\n|t:|1609695546\n|switch|p2a: Ryu|Gyarados, L38, M|55\/143 par\n|-damage|p2a: Ryu|20\/143 par|[from] Stealth Rock\n|-ability|p2a: Ryu|Intimidate|boost\n|-unboost|p1a: HikersMilkies|atk|1\n|turn|37\n|\n|t:|1609695549\n|move|p1a: HikersMilkies|Venoshock|p2a: Ryu\n|-damage|p2a: Ryu|0 fnt\n|faint|p2a: Ryu\n|\n|-heal|p1a: HikersMilkies|131\/146|[from] item: Leftovers\n|upkeep\n|c| john w|...\n|\n|t:|1609695552\n|switch|p2a: Gobon|Snorlax, L38, M|191\/191\n|-status|p2a: Gobon|psn\n|-damage|p2a: Gobon|168\/191 psn|[from] Stealth Rock\n|turn|38\n|c| Shadowblast|LOL\n|c| BasedTech|LOL\n|c| john w|noo\n|\n|t:|1609695556\n|move|p1a: HikersMilkies|Super Fang|p2a: Gobon\n|-damage|p2a: Gobon|84\/191 psn\n|move|p2a: Gobon|Rest|p2a: Gobon\n|-status|p2a: Gobon|slp|[from] move: Rest\n|-heal|p2a: Gobon|191\/191 slp|[silent]\n|\n|-heal|p1a: HikersMilkies|140\/146|[from] item: Leftovers\n|upkeep\n|turn|39\n|c| Specs KING|there we go\n|c| Specs KING|lol\n|\n|t:|1609695560\n|move|p1a: HikersMilkies|Super Fang|p2a: Gobon\n|-damage|p2a: Gobon|96\/191 slp\n|cant|p2a: Gobon|slp\n|move|p2a: Gobon|Sleep Talk|p2a: Gobon\n|move|p2a: Gobon|Body Slam|p1a: HikersMilkies|[from]move: Sleep Talk\n|-damage|p1a: HikersMilkies|107\/146\n|\n|-heal|p1a: HikersMilkies|116\/146|[from] item: Leftovers\n|-heal|p2a: Gobon|107\/191 slp|[from] item: Leftovers\n|upkeep\n|turn|40\n|c| BasedTech|thats actually\n|c| BasedTech|classic\n|c|\u2606GeniusX|yo\n|c| Shadowblast|wait this loses\n|c|\u2606GeniusX|modest lax\n|c|\u2606GeniusX|damage\n|c|\u2606GeniusX|goated\n|c| Specs KING|we lose\n|c| john w|lool\n|\n|t:|1609695574\n|move|p1a: HikersMilkies|Super Fang|p2a: Gobon\n|-damage|p2a: Gobon|54\/191 slp\n|cant|p2a: Gobon|slp\n|move|p2a: Gobon|Sleep Talk|p2a: Gobon\n|move|p2a: Gobon|Body Slam|p1a: HikersMilkies|[from]move: Sleep Talk\n|-damage|p1a: HikersMilkies|82\/146\n|-status|p1a: HikersMilkies|par\n|\n|-heal|p2a: Gobon|65\/191 slp|[from] item: Leftovers\n|-heal|p1a: HikersMilkies|91\/146 par|[from] item: Leftovers\n|upkeep\n|turn|41\n|c| Specs KING|yep\n|c| Shadowblast|nvm\n|c| john w|goat\n|c| Specs KING|Oh nice\n|\n|t:|1609695586\n|-curestatus|p2a: Gobon|slp|[msg]\n|move|p2a: Gobon|Rest|p2a: Gobon\n|-status|p2a: Gobon|slp|[from] move: Rest\n|-heal|p2a: Gobon|191\/191 slp|[silent]\n|move|p1a: HikersMilkies|Super Fang|p2a: Gobon\n|-damage|p2a: Gobon|96\/191 slp\n|\n|-heal|p2a: Gobon|107\/191 slp|[from] item: Leftovers\n|-heal|p1a: HikersMilkies|100\/146 par|[from] item: Leftovers\n|upkeep\n|turn|42\n|inactive|TNI Jake M has 210 seconds left.\n|c|\u2606TNI Jake M|thought youd be last mon crobat\n|c|\u2606TNI Jake M|gg\n|c|\u2606GeniusX|gg\n|c|\u2606TNI Jake M|literalyl was a guessing game\n|c|\u2606TNI Jake M|kek\n|c|\u2606TNI Jake M|crobat or ampharos\n|c|\u2606GeniusX|u rly thought\n|\n|t:|1609695618\n|cant|p2a: Gobon|slp\n|move|p2a: Gobon|Sleep Talk|p2a: Gobon\n|move|p2a: Gobon|Rest||[from]move: Sleep Talk|[still]\n|-fail|p2a: Gobon\n|move|p1a: HikersMilkies|Super Fang|p2a: Gobon\n|-damage|p2a: Gobon|54\/191 slp\n|\n|-heal|p2a: Gobon|65\/191 slp|[from] item: Leftovers\n|-heal|p1a: HikersMilkies|109\/146 par|[from] item: Leftovers\n|upkeep\n|turn|43\n|c|\u2606GeniusX|i would have bought\n|c|\u2606GeniusX|overcoat\n|c|\u2606GeniusX|ampharos\n|c|\u2606TNI Jake M|Ig\n|\n|t:|1609695629\n|cant|p2a: Gobon|slp\n|move|p2a: Gobon|Sleep Talk|p2a: Gobon\n|move|p2a: Gobon|Work Up|p2a: Gobon|[from]move: Sleep Talk\n|-boost|p2a: Gobon|atk|1\n|-boost|p2a: Gobon|spa|1\n|move|p1a: HikersMilkies|Venoshock|p2a: Gobon\n|-damage|p2a: Gobon|31\/191 slp\n|\n|-heal|p2a: Gobon|42\/191 slp|[from] item: Leftovers\n|-heal|p1a: HikersMilkies|118\/146 par|[from] item: Leftovers\n|upkeep\n|turn|44\n|c| john w|its not over\n|c| john w|lol\n|c| Specs KING|never is\n|c| john w|critski\n|inactive|TNI Jake M has 180 seconds left.\n|c|\u2606TNI Jake M|does this kill\n|\n|t:|1609695649\n|-curestatus|p2a: Gobon|slp|[msg]\n|move|p2a: Gobon|Rest|p2a: Gobon\n|-status|p2a: Gobon|slp|[from] move: Rest\n|-heal|p2a: Gobon|191\/191 slp|[silent]\n|move|p1a: HikersMilkies|Bulldoze|p2a: Gobon\n|-damage|p2a: Gobon|152\/191 slp\n|\n|-heal|p2a: Gobon|163\/191 slp|[from] item: Leftovers\n|-heal|p1a: HikersMilkies|127\/146 par|[from] item: Leftovers\n|upkeep\n|turn|45\n|c| le xrn|no\n|\n|t:|1609695654\n|cant|p2a: Gobon|slp\n|move|p2a: Gobon|Sleep Talk|p2a: Gobon\n|move|p2a: Gobon|Body Slam|p1a: HikersMilkies|[from]move: Sleep Talk\n|-damage|p1a: HikersMilkies|79\/146 par\n|debug|move failed because it did nothing\n|move|p1a: HikersMilkies|Bulldoze|p2a: Gobon\n|-damage|p2a: Gobon|123\/191 slp\n|\n|-heal|p2a: Gobon|134\/191 slp|[from] item: Leftovers\n|-heal|p1a: HikersMilkies|88\/146 par|[from] item: Leftovers\n|upkeep\n|turn|46\n|\n|t:|1609695660\n|cant|p2a: Gobon|slp\n|move|p2a: Gobon|Sleep Talk|p2a: Gobon\n|move|p2a: Gobon|Body Slam|p1a: HikersMilkies|[from]move: Sleep Talk\n|-damage|p1a: HikersMilkies|37\/146 par\n|cant|p1a: HikersMilkies|par\n|\n|-heal|p2a: Gobon|145\/191 slp|[from] item: Leftovers\n|-heal|p1a: HikersMilkies|46\/146 par|[from] item: Leftovers\n|upkeep\n|turn|47\n|c|\u2606GeniusX|why is my speed not lowering\n|c| le xrn|ganhamos\n|c| le xrn|sf\n|c|\u2606TNI Jake M|.\n|\n|t:|1609695668\n|-curestatus|p2a: Gobon|slp|[msg]\n|move|p2a: Gobon|Body Slam|p1a: HikersMilkies\n|-crit|p1a: HikersMilkies\n|-damage|p1a: HikersMilkies|0 fnt\n|faint|p1a: HikersMilkies\n|\n|win|GeniusX\n|c| RCV Deadbolt|sheer force\n|c|\u2606GeniusX|o\n|c|\u2606TNI Jake M|gg\n|c|\u2606GeniusX|gg\n","uploadtime":1609695677,"views":45,"p1id":"tnijakem","p2id":"geniusx","formatid":"gen5customgame","rating":0,"private":0,"password":null}