{"id":"sports-gen8nationaldexdraft-626815","p1":"Xaye Karuber","p2":"DjezzeMwoan","format":"gen8nationaldexdraft","log":"|j|\u2606Xaye Karuber\n|j|\u2606DjezzeMwoan\n|t:|1649094807\n|gametype|singles\n|player|p1|Xaye Karuber|petrel|\n|player|p2|DjezzeMwoan|169|\n|teamsize|p1|6\n|teamsize|p2|6\n|gen|8\n|tier|[Gen 8] National Dex Draft\n|rule|Sleep Clause Mod: Limit one foe put to sleep\n|rule|OHKO Clause: OHKO moves are banned\n|rule|Evasion Moves Clause: Evasion moves are banned\n|rule|Endless Battle Clause: Forcing endless battles is banned\n|rule|HP Percentage Mod: HP is shown in percentages\n|rule|Dynamax Clause: You cannot dynamax\n|clearpoke\n|poke|p1|Incineroar, M|\n|poke|p1|Urshifu-*, F|\n|poke|p1|Drapion, F|\n|poke|p1|Crawdaunt, M|\n|poke|p1|Hydreigon, M|\n|poke|p1|Absol, M|\n|poke|p2|Excadrill, F|\n|poke|p2|Scizor, F|\n|poke|p2|Celesteela|\n|poke|p2|Skarmory, M|\n|poke|p2|Heatran, F|\n|poke|p2|Bisharp, M|\n|teampreview\n|html|<button name=\"send\" class=\"button\" value=\"\/timer ds\"><i class=\"fa fa-hourglass-start\"><\/i> DS Timer<\/button> <button name=\"send\" class=\"button\" value=\"\/timer smogon\"><i class=\"fa fa-hourglass-start\"><\/i> Smogon Timer<\/button>\n|c|\u2606Xaye Karuber|gl hf\n|c|\u2606DjezzeMwoan|\/log DjezzeMwoan made this room public.\n|\n|t:|1649094861\n|start\n|switch|p1a: O-01-45|Absol, M|100\/100\n|switch|p2a: Rhazior|Scizor, F|100\/100\n|turn|1\n|\n|t:|1649094876\n|detailschange|p1a: O-01-45|Absol-Mega, M\n|-mega|p1a: O-01-45|Absol|Absolite\n|detailschange|p2a: Rhazior|Scizor-Mega, F\n|-mega|p2a: Rhazior|Scizor|Scizorite\n|move|p1a: O-01-45|Swords Dance|p1a: O-01-45\n|-boost|p1a: O-01-45|atk|2\n|move|p2a: Rhazior|U-turn|p1a: O-01-45\n|-supereffective|p1a: O-01-45\n|-damage|p1a: O-01-45|0 fnt\n|faint|p1a: O-01-45\n|\n|t:|1649094890\n|switch|p2a: Webs defender|Bisharp, M|100\/100|[from]move: U-turn\n|\n|upkeep\n|\n|t:|1649094912\n|switch|p1a: D-01-110|Urshifu, F|100\/100\n|turn|2\n|\n|t:|1649094921\n|move|p2a: Webs defender|Brick Break|p1a: D-01-110\n|-supereffective|p1a: D-01-110\n|-damage|p1a: D-01-110|48\/100\n|move|p1a: D-01-110|Close Combat|p2a: Webs defender\n|-supereffective|p2a: Webs defender\n|-damage|p2a: Webs defender|0 fnt\n|-unboost|p1a: D-01-110|def|1\n|-unboost|p1a: D-01-110|spd|1\n|faint|p2a: Webs defender\n|\n|upkeep\n|\n|t:|1649094942\n|switch|p2a: Buurman Mol|Excadrill, F|100\/100\n|-ability|p2a: Buurman Mol|Mold Breaker\n|turn|3\n|\n|t:|1649094951\n|move|p2a: Buurman Mol|Earthquake|p1a: D-01-110\n|-damage|p1a: D-01-110|0 fnt\n|faint|p1a: D-01-110\n|\n|upkeep\n|\n|t:|1649094963\n|switch|p1a: T-01-75|Hydreigon, M|100\/100\n|turn|4\n|\n|t:|1649094978\n|switch|p2a: Rhazior|Scizor-Mega, F|100\/100\n|move|p1a: T-01-75|Focus Blast|p2a: Rhazior|[miss]\n|-miss|p1a: T-01-75|p2a: Rhazior\n|\n|upkeep\n|turn|5\n|\n|t:|1649094990\n|move|p2a: Rhazior|Bullet Punch|p1a: T-01-75\n|-damage|p1a: T-01-75|68\/100\n|move|p1a: T-01-75|U-turn|p2a: Rhazior\n|-resisted|p2a: Rhazior\n|-damage|p2a: Rhazior|96\/100\n|\n|t:|1649095003\n|switch|p1a: T-09-77|Incineroar, M|100\/100|[from]move: U-turn\n|-ability|p1a: T-09-77|Intimidate|boost\n|-unboost|p2a: Rhazior|atk|1\n|\n|upkeep\n|turn|6\n|\n|t:|1649095013\n|move|p2a: Rhazior|U-turn|p1a: T-09-77\n|-damage|p1a: T-09-77|84\/100\n|\n|t:|1649095016\n|switch|p2a: Hiertran|Heatran, F|100\/100|[from]move: U-turn\n|-item|p2a: Hiertran|Air Balloon\n|move|p1a: T-09-77|Parting Shot|p2a: Hiertran\n|-unboost|p2a: Hiertran|atk|1\n|-unboost|p2a: Hiertran|spa|1\n|\n|t:|1649095026\n|switch|p1a: Ryan's dad|Crawdaunt, M|100\/100|[from]move: Parting Shot\n|\n|upkeep\n|turn|7\n|\n|t:|1649095042\n|switch|p2a: Rhazior|Scizor-Mega, F|96\/100\n|move|p1a: Ryan's dad|Crabhammer|p2a: Rhazior\n|-damage|p2a: Rhazior|58\/100\n|\n|upkeep\n|turn|8\n|\n|t:|1649095053\n|move|p1a: Ryan's dad|Crabhammer|p2a: Rhazior\n|-damage|p2a: Rhazior|18\/100\n|move|p2a: Rhazior|Roost|p2a: Rhazior\n|-heal|p2a: Rhazior|68\/100\n|-singleturn|p2a: Rhazior|move: Roost\n|\n|upkeep\n|turn|9\n|\n|t:|1649095068\n|switch|p1a: T-09-77|Incineroar, M|84\/100\n|-ability|p1a: T-09-77|Intimidate|boost\n|-unboost|p2a: Rhazior|atk|1\n|move|p2a: Rhazior|Roost|p2a: Rhazior\n|-heal|p2a: Rhazior|100\/100\n|-singleturn|p2a: Rhazior|move: Roost\n|\n|-heal|p1a: T-09-77|90\/100|[from] item: Leftovers\n|upkeep\n|turn|10\n|\n|t:|1649095079\n|switch|p2a: Hiertran|Heatran, F|100\/100\n|-item|p2a: Hiertran|Air Balloon\n|move|p1a: T-09-77|Flare Blitz|p2a: Hiertran\n|-start|p2a: Hiertran|ability: Flash Fire\n|\n|-heal|p1a: T-09-77|96\/100|[from] item: Leftovers\n|upkeep\n|turn|11\n|\n|t:|1649095088\n|move|p2a: Hiertran|Magma Storm|p1a: T-09-77\n|-resisted|p1a: T-09-77\n|-damage|p1a: T-09-77|59\/100\n|-activate|p1a: T-09-77|move: Magma Storm|[of] p2a: Hiertran\n|move|p1a: T-09-77|Parting Shot|p2a: Hiertran\n|-unboost|p2a: Hiertran|atk|1\n|-unboost|p2a: Hiertran|spa|1\n|\n|t:|1649095097\n|switch|p1a: Ryan's dad|Crawdaunt, M|100\/100|[from]move: Parting Shot\n|\n|upkeep\n|turn|12\n|\n|t:|1649095103\n|-end|p2a: Hiertran|ability: Flash Fire|[silent]\n|switch|p2a: Rhazior|Scizor-Mega, F|100\/100\n|move|p1a: Ryan's dad|Knock Off|p2a: Rhazior\n|-damage|p2a: Rhazior|78\/100\n|\n|upkeep\n|turn|13\n|c|\u2606Xaye Karuber|i forgor\n|\n|t:|1649095121\n|switch|p1a: T-09-77|Incineroar, M|59\/100\n|-ability|p1a: T-09-77|Intimidate|boost\n|-unboost|p2a: Rhazior|atk|1\n|move|p2a: Rhazior|Superpower|p1a: T-09-77\n|-supereffective|p1a: T-09-77\n|-damage|p1a: T-09-77|22\/100\n|-unboost|p2a: Rhazior|atk|1\n|-unboost|p2a: Rhazior|def|1\n|\n|-heal|p1a: T-09-77|28\/100|[from] item: Leftovers\n|upkeep\n|turn|14\n|c|\u2606DjezzeMwoan|:skull:\n|\n|t:|1649095135\n|move|p2a: Rhazior|U-turn|p1a: T-09-77\n|-damage|p1a: T-09-77|16\/100\n|\n|t:|1649095138\n|switch|p2a: Hiertran|Heatran, F|100\/100|[from]move: U-turn\n|-item|p2a: Hiertran|Air Balloon\n|move|p1a: T-09-77|Parting Shot|p2a: Hiertran\n|-unboost|p2a: Hiertran|atk|1\n|-unboost|p2a: Hiertran|spa|1\n|\n|t:|1649095151\n|switch|p1a: Ryan's dad|Crawdaunt, M|100\/100|[from]move: Parting Shot\n|\n|upkeep\n|turn|15\n|c|\u2606Xaye Karuber|the loop\n|\n|t:|1649095159\n|switch|p2a: Vogelman|Skarmory, M|100\/100\n|move|p1a: Ryan's dad|Close Combat|p2a: Vogelman\n|-damage|p2a: Vogelman|79\/100\n|-unboost|p1a: Ryan's dad|def|1\n|-unboost|p1a: Ryan's dad|spd|1\n|\n|upkeep\n|turn|16\n|c|\u2606DjezzeMwoan|hey ive seen this one\n|\n|t:|1649095175\n|switch|p1a: T-01-75|Hydreigon, M|68\/100\n|move|p2a: Vogelman|Stealth Rock|p1a: T-01-75\n|-sidestart|p1: Xaye Karuber|move: Stealth Rock\n|\n|-heal|p1a: T-01-75|74\/100|[from] item: Leftovers\n|upkeep\n|turn|17\n|c|\u2606Xaye Karuber|u fool\n|\n|t:|1649095186\n|switch|p2a: Rhazior|Scizor-Mega, F|78\/100\n|move|p1a: T-01-75|Defog|p2a: Rhazior\n|-unboost|p2a: Rhazior|evasion|1\n|-sideend|p1: Xaye Karuber|Stealth Rock|[from] move: Defog|[of] p1a: T-01-75\n|\n|-heal|p1a: T-01-75|80\/100|[from] item: Leftovers\n|upkeep\n|turn|18\n|c|\u2606DjezzeMwoan|nah\n|\n|t:|1649095196\n|move|p1a: T-01-75|Flamethrower|p2a: Rhazior\n|-supereffective|p2a: Rhazior\n|-damage|p2a: Rhazior|0 fnt\n|faint|p2a: Rhazior\n|\n|-heal|p1a: T-01-75|87\/100|[from] item: Leftovers\n|upkeep\n|c|\u2606DjezzeMwoan|you fool\n|c|\u2606DjezzeMwoan|me fool\n|\n|t:|1649095202\n|switch|p2a: stall man|Celesteela|100\/100\n|turn|19\n|c|\u2606Xaye Karuber|you said?\n|c|\u2606DjezzeMwoan|me fool\n|\n|t:|1649095211\n|move|p1a: T-01-75|Flamethrower|p2a: stall man\n|-supereffective|p2a: stall man\n|-damage|p2a: stall man|42\/100\n|-status|p2a: stall man|brn\n|-enditem|p2a: stall man|Weakness Policy\n|-boost|p2a: stall man|atk|2|[from] item: Weakness Policy\n|-boost|p2a: stall man|spa|2|[from] item: Weakness Policy\n|move|p2a: stall man|Autotomize|p2a: stall man\n|-boost|p2a: stall man|spe|2\n|-start|p2a: stall man|Autotomize\n|\n|-heal|p1a: T-01-75|93\/100|[from] item: Leftovers\n|-damage|p2a: stall man|35\/100 brn|[from] brn\n|upkeep\n|turn|20\n|c|\u2606DjezzeMwoan|nooo\n|c|\u2606Xaye Karuber|i fool\n|c|\u2606DjezzeMwoan|no\n|c|\u2606DjezzeMwoan|me fool\n|\n|t:|1649095227\n|move|p2a: stall man|Megahorn|p1a: T-01-75\n|-supereffective|p1a: T-01-75\n|-damage|p1a: T-01-75|10\/100\n|move|p1a: T-01-75|Flamethrower|p2a: stall man\n|-supereffective|p2a: stall man\n|-damage|p2a: stall man|0 fnt\n|faint|p2a: stall man\n|\n|-heal|p1a: T-01-75|16\/100|[from] item: Leftovers\n|upkeep\n|\n|t:|1649095231\n|switch|p2a: Buurman Mol|Excadrill, F|100\/100\n|-ability|p2a: Buurman Mol|Mold Breaker\n|turn|21\n|c|\u2606Xaye Karuber|you indeed\n|\n|t:|1649095245\n|switch|p1a: D-01-106|Drapion, F|100\/100\n|move|p2a: Buurman Mol|Earthquake|p1a: D-01-106\n|-supereffective|p1a: D-01-106\n|-crit|p1a: D-01-106\n|-damage|p1a: D-01-106|0 fnt\n|faint|p1a: D-01-106\n|\n|upkeep\n|c|\u2606Xaye Karuber|i fool\n|\n|t:|1649095255\n|switch|p1a: T-01-75|Hydreigon, M|16\/100\n|turn|22\n|\n|t:|1649095259\n|move|p2a: Buurman Mol|Earthquake|p1a: T-01-75\n|-damage|p1a: T-01-75|0 fnt\n|faint|p1a: T-01-75\n|\n|upkeep\n|c|\u2606DjezzeMwoan|defenitly you fool\n|c|\u2606Xaye Karuber|o forgor\n|c|\u2606Xaye Karuber|again\n|\n|t:|1649095271\n|switch|p1a: T-09-77|Incineroar, M|16\/100\n|-ability|p1a: T-09-77|Intimidate|boost\n|-unboost|p2a: Buurman Mol|atk|1\n|turn|23\n|\n|t:|1649095287\n|move|p1a: T-09-77|Fake Out|p2a: Buurman Mol\n|-resisted|p2a: Buurman Mol\n|-damage|p2a: Buurman Mol|94\/100\n|cant|p2a: Buurman Mol|flinch\n|\n|-heal|p1a: T-09-77|23\/100|[from] item: Leftovers\n|upkeep\n|turn|24\n|\n|t:|1649095299\n|move|p2a: Buurman Mol|Earthquake|p1a: T-09-77\n|-supereffective|p1a: T-09-77\n|-damage|p1a: T-09-77|0 fnt\n|faint|p1a: T-09-77\n|\n|upkeep\n|\n|t:|1649095304\n|switch|p1a: Ryan's dad|Crawdaunt, M|100\/100\n|turn|25\n|\n|t:|1649095314\n|switch|p2a: Vogelman|Skarmory, M|79\/100\n|move|p1a: Ryan's dad|Crabhammer|p2a: Vogelman\n|-damage|p2a: Vogelman|42\/100\n|\n|upkeep\n|turn|26\n|\n|t:|1649095319\n|move|p1a: Ryan's dad|Crabhammer|p2a: Vogelman\n|-damage|p2a: Vogelman|6\/100\n|move|p2a: Vogelman|Roost|p2a: Vogelman\n|-heal|p2a: Vogelman|56\/100\n|-singleturn|p2a: Vogelman|move: Roost\n|\n|upkeep\n|turn|27\n|\n|t:|1649095326\n|move|p1a: Ryan's dad|Crabhammer|p2a: Vogelman|[miss]\n|-miss|p1a: Ryan's dad|p2a: Vogelman\n|move|p2a: Vogelman|Roost|p2a: Vogelman\n|-heal|p2a: Vogelman|100\/100\n|-singleturn|p2a: Vogelman|move: Roost\n|\n|upkeep\n|turn|28\n|\n|t:|1649095333\n|move|p1a: Ryan's dad|Crabhammer|p2a: Vogelman\n|-damage|p2a: Vogelman|60\/100\n|move|p2a: Vogelman|Body Press|p1a: Ryan's dad\n|-supereffective|p1a: Ryan's dad\n|-damage|p1a: Ryan's dad|0 fnt\n|faint|p1a: Ryan's dad\n|\n|win|DjezzeMwoan\n|c|\u2606DjezzeMwoan|gg\n|c|\u2606DjezzeMwoan|wp\n|c|\u2606Xaye Karuber|gg\n","uploadtime":1649095342,"views":15,"p1id":"xayekaruber","p2id":"djezzemwoan","formatid":"gen8nationaldexdraft","rating":0,"private":0,"password":null}