{"id":"sports-gen8nationaldexdlclegacy-303316","p1":"TehranTyphlosions","p2":"ALPHABETB0Y","format":"gen8nationaldexdlclegacy","log":"|j|\u2606TehranTyphlosions\n|j|\u2606ALPHABETB0Y\n|t:|1608527873\n|player|p1|TehranTyphlosions|clair|\n|player|p2|ALPHABETB0Y|alphabetb0y.png|\n|teamsize|p1|6\n|teamsize|p2|6\n|gametype|singles\n|gen|8\n|tier|[Gen 8] National Dex DLC Legacy\n|rule|Sleep Clause Mod: Limit one foe put to sleep\n|rule|OHKO Clause: OHKO moves are banned\n|rule|Evasion Moves Clause: Evasion moves are banned\n|rule|Endless Battle Clause: Forcing endless battles is banned\n|rule|HP Percentage Mod: HP is shown in percentages\n|clearpoke\n|poke|p1|Drifblim, F|\n|poke|p1|Charizard, F|\n|poke|p1|Hoopa-Unbound|\n|poke|p1|Melmetal|\n|poke|p1|Claydol|\n|poke|p1|Tapu Koko|\n|poke|p2|Zeraora|\n|poke|p2|Nidoking, M|\n|poke|p2|Porygon2|\n|poke|p2|Crawdaunt, M|\n|poke|p2|Moltres|\n|poke|p2|Mew|\n|rule|Dynamax Clause: You cannot dynamax\n|teampreview\n|html|<button name=\"send\" class=\"button\" value=\"\/timer ds\"><i class=\"fa fa-hourglass-start\"><\/i> DS Timer<\/button> <button name=\"send\" class=\"button\" value=\"\/timer smogon\"><i class=\"fa fa-hourglass-start\"><\/i> Smogon Timer<\/button>\n|j| EGALombres\n|c|\u2606ALPHABETB0Y|glhf\n|j| EGADrifblims\n|c|\u2606TehranTyphlosions|u2\n|j| Bananacrazy111\n|\n|t:|1608527895\n|start\n|switch|p1a: Hoopa|Hoopa-Unbound|100\/100\n|switch|p2a: Moltres|Moltres|100\/100\n|turn|1\n|c| EGALombres|b00t slayer :monkaS:\n|\n|t:|1608527913\n|move|p1a: Hoopa|Hyperspace Fury|p2a: Moltres\n|-damage|p2a: Moltres|46\/100\n|-unboost|p1a: Hoopa|def|1\n|move|p2a: Moltres|Toxic|p1a: Hoopa\n|-status|p1a: Hoopa|tox\n|\n|-damage|p1a: Hoopa|95\/100 tox|[from] psn\n|upkeep\n|turn|2\n|\n|t:|1608527923\n|switch|p2a: Porygon2|Porygon2|100\/100\n|-ability|p2a: Porygon2|Magician|[from] ability: Trace|[of] p1a: Hoopa\n|move|p1a: Hoopa|Hyperspace Fury|p2a: Porygon2\n|-damage|p2a: Porygon2|71\/100\n|-unboost|p1a: Hoopa|def|1\n|\n|-damage|p1a: Hoopa|83\/100 tox|[from] psn\n|upkeep\n|turn|3\n|\n|t:|1608527939\n|switch|p1a: Claydol|Claydol|100\/100\n|move|p2a: Porygon2|Teleport|p2a: Porygon2\n|c| EGALombres|in\n|\n|t:|1608527945\n|switch|p2a: Moltres|Moltres|46\/100|[from]move: Teleport\n|\n|upkeep\n|turn|4\n|\n|t:|1608527966\n|move|p2a: Moltres|Substitute|p2a: Moltres\n|-start|p2a: Moltres|Substitute\n|-damage|p2a: Moltres|21\/100\n|move|p1a: Claydol|Stealth Rock|p2a: Moltres\n|-sidestart|p2: ALPHABETB0Y|move: Stealth Rock\n|\n|upkeep\n|turn|5\n|\n|t:|1608527978\n|move|p2a: Moltres|Toxic|p1a: Claydol\n|-status|p1a: Claydol|tox\n|move|p1a: Claydol|Shadow Ball|p2a: Moltres\n|-activate|p2a: Moltres|move: Substitute|[damage]\n|\n|-damage|p1a: Claydol|94\/100 tox|[from] psn\n|upkeep\n|turn|6\n|\n|t:|1608527985\n|switch|p1a: Hoopa|Hoopa-Unbound|83\/100 tox\n|move|p2a: Moltres|Roost|p2a: Moltres\n|-heal|p2a: Moltres|71\/100\n|-singleturn|p2a: Moltres|move: Roost\n|\n|-damage|p1a: Hoopa|77\/100 tox|[from] psn\n|upkeep\n|turn|7\n|\n|t:|1608528025\n|move|p1a: Hoopa|Hyperspace Fury|p2a: Moltres\n|-damage|p2a: Moltres|20\/100\n|-unboost|p1a: Hoopa|def|1\n|move|p2a: Moltres|Substitute|p2a: Moltres\n|-fail|p2a: Moltres|move: Substitute\n|\n|-damage|p1a: Hoopa|65\/100 tox|[from] psn\n|upkeep\n|turn|8\n|c|\u2606ALPHABETB0Y|waitlhfjkfh\n|c|\u2606ALPHABETB0Y|hfdkljfd\n|c|\u2606TehranTyphlosions|lmao\n|c|\u2606ALPHABETB0Y|im good\n|c| EGALombres|oh no\n|\n|t:|1608528054\n|switch|p1a: Melmetal|Melmetal|100\/100\n|switch|p2a: Crawdaunt|Crawdaunt, M|100\/100\n|-damage|p2a: Crawdaunt|88\/100|[from] Stealth Rock\n|\n|upkeep\n|turn|9\n|j| Rozzi\n|l| Rozzi\n|\n|t:|1608528089\n|switch|p2a: Moltres|Moltres|20\/100\n|move|p1a: Melmetal|Earthquake|p2a: Moltres\n|-immune|p2a: Moltres\n|\n|upkeep\n|turn|10\n|\n|t:|1608528123\n|switch|p1a: Tapu Koko|Tapu Koko|100\/100\n|-fieldstart|move: Electric Terrain|[from] ability: Electric Surge|[of] p1a: Tapu Koko\n|move|p2a: Moltres|Flamethrower|p1a: Tapu Koko\n|-damage|p1a: Tapu Koko|42\/100\n|\n|upkeep\n|turn|11\n|\n|t:|1608528150\n|switch|p2a: Zeraora|Zeraora|100\/100\n|-damage|p2a: Zeraora|88\/100|[from] Stealth Rock\n|move|p1a: Tapu Koko|Thunderbolt|p2a: Zeraora\n|-heal|p2a: Zeraora|100\/100|[from] ability: Volt Absorb|[of] p1a: Tapu Koko\n|\n|upkeep\n|turn|12\n|\n|t:|1608528162\n|move|p1a: Tapu Koko|Reflect|p1a: Tapu Koko\n|-sidestart|p1: TehranTyphlosions|Reflect\n|move|p2a: Zeraora|Knock Off|p1a: Tapu Koko\n|-resisted|p1a: Tapu Koko\n|-damage|p1a: Tapu Koko|33\/100\n|-enditem|p1a: Tapu Koko|Shuca Berry|[from] move: Knock Off|[of] p2a: Zeraora\n|\n|upkeep\n|turn|13\n|\n|t:|1608528169\n|move|p1a: Tapu Koko|U-turn|p2a: Zeraora\n|-damage|p2a: Zeraora|76\/100\n|\n|t:|1608528174\n|switch|p1a: Claydol|Claydol|94\/100 tox|[from]move: U-turn\n|move|p2a: Zeraora|Toxic|p1a: Claydol\n|-fail|p1a: Claydol|tox\n|\n|-heal|p2a: Zeraora|82\/100|[from] item: Leftovers\n|-heal|p1a: Claydol|100\/100 tox|[from] item: Leftovers\n|-damage|p1a: Claydol|94\/100 tox|[from] psn\n|upkeep\n|turn|14\n|\n|t:|1608528180\n|switch|p2a: Moltres|Moltres|20\/100\n|move|p1a: Claydol|Earth Power|p2a: Moltres\n|-immune|p2a: Moltres\n|\n|-heal|p1a: Claydol|100\/100 tox|[from] item: Leftovers\n|-damage|p1a: Claydol|88\/100 tox|[from] psn\n|-fieldend|move: Electric Terrain\n|upkeep\n|turn|15\n|\n|t:|1608528189\n|move|p2a: Moltres|Roost|p2a: Moltres\n|-heal|p2a: Moltres|70\/100\n|-singleturn|p2a: Moltres|move: Roost\n|move|p1a: Claydol|Shadow Ball|p2a: Moltres\n|-damage|p2a: Moltres|55\/100\n|\n|-heal|p1a: Claydol|94\/100 tox|[from] item: Leftovers\n|-damage|p1a: Claydol|76\/100 tox|[from] psn\n|upkeep\n|turn|16\n|j| ASword6\n|\n|t:|1608528195\n|move|p2a: Moltres|Substitute|p2a: Moltres\n|-start|p2a: Moltres|Substitute\n|-damage|p2a: Moltres|30\/100\n|move|p1a: Claydol|Explosion|p2a: Moltres\n|-end|p2a: Moltres|Substitute\n|faint|p1a: Claydol\n|\n|-sideend|p1: TehranTyphlosions|Reflect\n|upkeep\n|\n|t:|1608528218\n|switch|p1a: Hoopa|Hoopa-Unbound|65\/100 tox\n|turn|17\n|c| EGALombres|claydol really been on a downwards spiral since THT\n|\n|t:|1608528248\n|switch|p2a: Porygon2|Porygon2|71\/100\n|-damage|p2a: Porygon2|59\/100|[from] Stealth Rock\n|-ability|p2a: Porygon2|Magician|[from] ability: Trace|[of] p1a: Hoopa\n|move|p1a: Hoopa|Hyperspace Fury|p2a: Porygon2\n|-damage|p2a: Porygon2|30\/100\n|-unboost|p1a: Hoopa|def|1\n|\n|-damage|p1a: Hoopa|59\/100 tox|[from] psn\n|upkeep\n|turn|18\n|\n|t:|1608528288\n|switch|p1a: Melmetal|Melmetal|100\/100\n|move|p2a: Porygon2|Recover|p2a: Porygon2\n|-heal|p2a: Porygon2|80\/100\n|\n|upkeep\n|turn|19\n|\n|t:|1608528308\n|move|p1a: Melmetal|Double Iron Bash|p2a: Porygon2\n|-damage|p2a: Porygon2|59\/100\n|-damage|p2a: Porygon2|40\/100\n|-hitcount|p2a: Porygon2|2\n|cant|p2a: Porygon2|flinch\n|\n|upkeep\n|turn|20\n|c| EGALombres|yo\n|c| EGALombres|do that again\n|\n|t:|1608528321\n|move|p2a: Porygon2|Recover|p2a: Porygon2\n|-heal|p2a: Porygon2|90\/100\n|move|p1a: Melmetal|Double Iron Bash|p2a: Porygon2\n|-damage|p2a: Porygon2|71\/100\n|-damage|p2a: Porygon2|49\/100\n|-hitcount|p2a: Porygon2|2\n|\n|upkeep\n|turn|21\n|c|\u2606ALPHABETB0Y|zont zo dat\n|c| EGALombres|speed tie\n|c| Bananacrazy111|speed tie :O\n|\n|t:|1608528340\n|move|p2a: Porygon2|Recover|p2a: Porygon2\n|-heal|p2a: Porygon2|99\/100\n|move|p1a: Melmetal|Double Iron Bash|p2a: Porygon2\n|-damage|p2a: Porygon2|79\/100\n|-damage|p2a: Porygon2|60\/100\n|-hitcount|p2a: Porygon2|2\n|\n|upkeep\n|turn|22\n|\n|t:|1608528349\n|switch|p1a: Charizard|Charizard, F|100\/100\n|move|p2a: Porygon2|Recover|p2a: Porygon2\n|-heal|p2a: Porygon2|100\/100\n|\n|upkeep\n|turn|23\n|\n|t:|1608528357\n|move|p1a: Charizard|Dragon Dance|p1a: Charizard\n|-boost|p1a: Charizard|atk|1\n|-boost|p1a: Charizard|spe|1\n|move|p2a: Porygon2|Tri Attack|p1a: Charizard\n|-damage|p1a: Charizard|63\/100\n|\n|upkeep\n|turn|24\n|\n|t:|1608528366\n|detailschange|p1a: Charizard|Charizard-Mega-X, F\n|-mega|p1a: Charizard|Charizard|Charizardite X\n|move|p1a: Charizard|Dragon Dance|p1a: Charizard\n|-boost|p1a: Charizard|atk|1\n|-boost|p1a: Charizard|spe|1\n|move|p2a: Porygon2|Trick Room|p2a: Porygon2\n|-fieldstart|move: Trick Room|[of] p2a: Porygon2\n|\n|upkeep\n|turn|25\n|\n|t:|1608528369\n|move|p1a: Charizard|Roost|p1a: Charizard\n|-heal|p1a: Charizard|100\/100\n|-singleturn|p1a: Charizard|move: Roost\n|move|p2a: Porygon2|Teleport|p2a: Porygon2\n|\n|t:|1608528458\n|switch|p2a: Crawdaunt|Crawdaunt, M|88\/100|[from]move: Teleport\n|-damage|p2a: Crawdaunt|76\/100|[from] Stealth Rock\n|\n|upkeep\n|turn|26\n|\n|t:|1608528472\n|move|p2a: Crawdaunt|Crabhammer|p1a: Charizard\n|-damage|p1a: Charizard|0 fnt\n|faint|p1a: Charizard\n|\n|upkeep\n|\n|t:|1608528480\n|switch|p1a: Melmetal|Melmetal|100\/100\n|turn|27\n|\n|t:|1608528494\n|move|p1a: Melmetal|Double Iron Bash|p2a: Crawdaunt\n|-resisted|p2a: Crawdaunt\n|-damage|p2a: Crawdaunt|52\/100\n|-resisted|p2a: Crawdaunt\n|-damage|p2a: Crawdaunt|27\/100\n|-hitcount|p2a: Crawdaunt|2\n|move|p2a: Crawdaunt|Crabhammer|p1a: Melmetal\n|-damage|p1a: Melmetal|38\/100\n|\n|upkeep\n|turn|28\n|\n|t:|1608528500\n|switch|p2a: Porygon2|Porygon2|100\/100\n|-damage|p2a: Porygon2|88\/100|[from] Stealth Rock\n|-ability|p2a: Porygon2|Iron Fist|[from] ability: Trace|[of] p1a: Melmetal\n|move|p1a: Melmetal|Double Iron Bash|p2a: Porygon2\n|-damage|p2a: Porygon2|70\/100\n|-damage|p2a: Porygon2|49\/100\n|-hitcount|p2a: Porygon2|2\n|\n|-fieldend|move: Trick Room\n|upkeep\n|turn|29\n|\n|t:|1608528505\n|switch|p1a: Drifblim|Drifblim, F|100\/100\n|move|p2a: Porygon2|Recover|p2a: Porygon2\n|-heal|p2a: Porygon2|99\/100\n|\n|upkeep\n|turn|30\n|\n|t:|1608528517\n|move|p1a: Drifblim|Psychic|p2a: Porygon2\n|-damage|p2a: Porygon2|87\/100\n|move|p2a: Porygon2|Trick Room|p2a: Porygon2\n|-fieldstart|move: Trick Room|[of] p2a: Porygon2\n|\n|upkeep\n|turn|31\n|c| EGALombres|yo p2 don't fist me \n|\n|t:|1608528525\n|move|p1a: Drifblim|Shadow Ball|p2a: Porygon2\n|-immune|p2a: Porygon2\n|move|p2a: Porygon2|Teleport|p2a: Porygon2\n|c| ASword6|Hard reads\n|\n|t:|1608528543\n|switch|p2a: Crawdaunt|Crawdaunt, M|27\/100|[from]move: Teleport\n|-damage|p2a: Crawdaunt|15\/100|[from] Stealth Rock\n|\n|upkeep\n|turn|32\n|c|\u2606TehranTyphlosions|yo i think im down bad ngl\n|\n|t:|1608528549\n|move|p2a: Crawdaunt|Knock Off|p1a: Drifblim\n|-supereffective|p1a: Drifblim\n|-damage|p1a: Drifblim|0 fnt\n|-enditem|p1a: Drifblim|Assault Vest|[from] move: Knock Off|[of] p2a: Crawdaunt\n|faint|p1a: Drifblim\n|\n|upkeep\n|c| EGALombres|perhaps\n|\n|t:|1608528563\n|switch|p1a: Tapu Koko|Tapu Koko|33\/100\n|-fieldstart|move: Electric Terrain|[from] ability: Electric Surge|[of] p1a: Tapu Koko\n|turn|33\n|c|\u2606ALPHABETB0Y|wheres that 7ybot clown\n|\n|t:|1608528567\n|move|p2a: Crawdaunt|Knock Off|p1a: Tapu Koko\n|-resisted|p1a: Tapu Koko\n|-damage|p1a: Tapu Koko|0 fnt\n|faint|p1a: Tapu Koko\n|\n|upkeep\n|\n|t:|1608528569\n|switch|p1a: Melmetal|Melmetal|38\/100\n|turn|34\n|\n|t:|1608528575\n|switch|p2a: Porygon2|Porygon2|87\/100\n|-damage|p2a: Porygon2|75\/100|[from] Stealth Rock\n|-ability|p2a: Porygon2|Iron Fist|[from] ability: Trace|[of] p1a: Melmetal\n|move|p1a: Melmetal|Double Iron Bash|p2a: Porygon2\n|-damage|p2a: Porygon2|54\/100\n|-damage|p2a: Porygon2|34\/100\n|-hitcount|p2a: Porygon2|2\n|\n|-fieldend|move: Trick Room\n|upkeep\n|turn|35\n|\n|t:|1608528578\n|move|p2a: Porygon2|Recover|p2a: Porygon2\n|-heal|p2a: Porygon2|84\/100\n|move|p1a: Melmetal|Double Iron Bash|p2a: Porygon2\n|-damage|p2a: Porygon2|65\/100\n|-damage|p2a: Porygon2|46\/100\n|-hitcount|p2a: Porygon2|2\n|\n|upkeep\n|turn|36\n|\n|t:|1608528582\n|move|p2a: Porygon2|Recover|p2a: Porygon2\n|-heal|p2a: Porygon2|96\/100\n|move|p1a: Melmetal|Thunder Punch|p2a: Porygon2\n|-damage|p2a: Porygon2|74\/100\n|-status|p2a: Porygon2|par\n|\n|upkeep\n|turn|37\n|\n|t:|1608528593\n|move|p1a: Melmetal|Double Iron Bash|p2a: Porygon2\n|-damage|p2a: Porygon2|53\/100 par\n|-damage|p2a: Porygon2|33\/100 par\n|-hitcount|p2a: Porygon2|2\n|cant|p2a: Porygon2|flinch\n|\n|-fieldend|move: Electric Terrain\n|upkeep\n|turn|38\n|c| EGALombres|GOAT\n|\n|t:|1608528600\n|move|p1a: Melmetal|Earthquake|p2a: Porygon2\n|-damage|p2a: Porygon2|16\/100 par\n|move|p2a: Porygon2|Teleport|p2a: Porygon2\n|\n|t:|1608528604\n|switch|p2a: Nidoking|Nidoking, M|100\/100|[from]move: Teleport\n|-damage|p2a: Nidoking|94\/100|[from] Stealth Rock\n|\n|upkeep\n|turn|39\n|\n|t:|1608528607\n|move|p2a: Nidoking|Earth Power|p1a: Melmetal\n|-supereffective|p1a: Melmetal\n|-damage|p1a: Melmetal|0 fnt\n|faint|p1a: Melmetal\n|\n|upkeep\n|\n|t:|1608528608\n|switch|p1a: Hoopa|Hoopa-Unbound|59\/100 tox\n|turn|40\n|\n|t:|1608528612\n|move|p1a: Hoopa|Hyperspace Fury|p2a: Nidoking\n|-damage|p2a: Nidoking|14\/100\n|-unboost|p1a: Hoopa|def|1\n|move|p2a: Nidoking|Sludge Wave|p1a: Hoopa\n|-damage|p1a: Hoopa|0 fnt\n|faint|p1a: Hoopa\n|\n|win|ALPHABETB0Y\n|c|\u2606TehranTyphlosions|yea gg\n|c|\u2606ALPHABETB0Y|gg\n","uploadtime":1608528619,"views":15,"p1id":"tehrantyphlosions","p2id":"alphabetb0y","formatid":"gen8nationaldexdlclegacy","rating":0,"private":0,"password":null}