{"id":"sports-gen8nationaldexdlc2draft-136423","p1":"geniusx","p2":"100percentpureheat","format":"gen8nationaldexdlc2draft","log":"|j|\u2606geniusx\n|j|\u203d100percentpureheat\n|player|p1|geniusx|geniusx.gif|\n|player|p2|100percentpureheat|100percentpureheat.png|\n|teamsize|p1|6\n|teamsize|p2|6\n|gametype|singles\n|gen|8\n|tier|[Gen 8] National Dex DLC2 Draft\n|rule|Sleep Clause Mod: Limit one foe put to sleep\n|rule|OHKO Clause: OHKO moves are banned\n|rule|Evasion Moves Clause: Evasion moves are banned\n|rule|Endless Battle Clause: Forcing endless battles is banned\n|rule|HP Percentage Mod: HP is shown in percentages\n|clearpoke\n|poke|p1|Diancie|\n|poke|p1|Weavile, M|\n|poke|p1|Garchomp, M|\n|poke|p1|Toxapex, F|\n|poke|p1|Rotom-Fan|\n|poke|p1|Ferrothorn, F|\n|poke|p2|Nidoqueen, F|\n|poke|p2|Kartana|\n|poke|p2|Aggron, F|\n|poke|p2|Tornadus-Therian, M|\n|poke|p2|Hydreigon, M|\n|poke|p2|Arcanine, F|\n|rule|Dynamax Clause: You cannot dynamax\n|teampreview\n|html|<button name=\"send\" class=\"button\" value=\"\/timer ds\"><i class=\"fa fa-hourglass-start\"><\/i> DS Timer<\/button> <button name=\"send\" class=\"button\" value=\"\/timer smogon\"><i class=\"fa fa-hourglass-start\"><\/i> Smogon Timer<\/button>\n|c|\u2606geniusx|hf\n|inactive|Battle timer is ON: inactive players will automatically lose when time's up. (requested by geniusx)\n|\n|start\n|switch|p1a: Rotom|Rotom-Fan|100\/100\n|switch|p2a: Nidoqueen|Nidoqueen, F|100\/100\n|turn|1\n|\n|switch|p1a: Weavile|Weavile, M|100\/100\n|-ability|p1a: Weavile|Pressure\n|move|p2a: Nidoqueen|Ice Beam|p1a: Weavile\n|-resisted|p1a: Weavile\n|-damage|p1a: Weavile|80\/100\n|\n|upkeep\n|turn|2\n|\n|switch|p1a: Rotom|Rotom-Fan|100\/100\n|switch|p2a: Arcanine|Arcanine, F|100\/100\n|-ability|p2a: Arcanine|Intimidate|boost\n|-unboost|p1a: Rotom|atk|1\n|\n|upkeep\n|turn|3\n|\n|move|p1a: Rotom|Volt Switch|p2a: Arcanine\n|-crit|p2a: Arcanine\n|-damage|p2a: Arcanine|59\/100\n|j| big dick dra15\n|\n|switch|p1a: Garchomp|Garchomp, M|100\/100|[from]move: Volt Switch\n|move|p2a: Arcanine|Teleport|p2a: Arcanine\n|\n|switch|p2a: Nidoqueen|Nidoqueen, F|100\/100|[from]move: Teleport\n|\n|upkeep\n|turn|4\n|\n|move|p1a: Garchomp|Earthquake|p2a: Nidoqueen\n|-supereffective|p2a: Nidoqueen\n|-enditem|p2a: Nidoqueen|Shuca Berry|[eat]\n|-enditem|p2a: Nidoqueen|Shuca Berry|[weaken]\n|-damage|p2a: Nidoqueen|40\/100\n|move|p2a: Nidoqueen|Stealth Rock|p1a: Garchomp\n|-sidestart|p1: geniusx|move: Stealth Rock\n|\n|upkeep\n|turn|5\n|inactive|geniusx has 270 seconds left.\n|\n|switch|p2a: Tornadus|Tornadus-Therian, M|100\/100\n|move|p1a: Garchomp|Dragon Claw|p2a: Tornadus\n|-damage|p2a: Tornadus|51\/100\n|\n|upkeep\n|turn|6\n|inactive|100percentpureheat has 270 seconds left.\n|\n|move|p2a: Tornadus|Icy Wind|p1a: Garchomp\n|-supereffective|p1a: Garchomp\n|-enditem|p1a: Garchomp|Yache Berry|[eat]\n|-enditem|p1a: Garchomp|Yache Berry|[weaken]\n|-damage|p1a: Garchomp|69\/100\n|-unboost|p1a: Garchomp|spe|1\n|move|p1a: Garchomp|Stone Edge|p2a: Tornadus\n|-supereffective|p2a: Tornadus\n|-damage|p2a: Tornadus|0 fnt\n|faint|p2a: Tornadus\n|\n|upkeep\n|\n|switch|p2a: Kartana|Kartana|100\/100\n|turn|7\n|\n|switch|p1a: Ferrothorn|Ferrothorn, F|100\/100\n|-damage|p1a: Ferrothorn|94\/100|[from] Stealth Rock\n|move|p2a: Kartana|Leaf Blade|p1a: Ferrothorn\n|-resisted|p1a: Ferrothorn\n|-crit|p1a: Ferrothorn\n|-damage|p1a: Ferrothorn|77\/100\n|-damage|p2a: Kartana|88\/100|[from] ability: Iron Barbs|[of] p1a: Ferrothorn\n|-damage|p2a: Kartana|78\/100|[from] item: Life Orb\n|\n|-heal|p1a: Ferrothorn|83\/100|[from] item: Leftovers\n|upkeep\n|turn|8\n|inactive|100percentpureheat has 270 seconds left.\n|\n|move|p2a: Kartana|Sacred Sword|p1a: Ferrothorn\n|-supereffective|p1a: Ferrothorn\n|-damage|p1a: Ferrothorn|20\/100\n|-damage|p2a: Kartana|66\/100|[from] ability: Iron Barbs|[of] p1a: Ferrothorn\n|-damage|p2a: Kartana|56\/100|[from] item: Life Orb\n|move|p1a: Ferrothorn|Body Press|p2a: Kartana\n|-supereffective|p2a: Kartana\n|-damage|p2a: Kartana|0 fnt\n|faint|p2a: Kartana\n|\n|-heal|p1a: Ferrothorn|26\/100|[from] item: Leftovers\n|upkeep\n|inactive|100percentpureheat has 270 seconds left.\n|\n|switch|p2a: Hydreigon|Hydreigon, M|100\/100\n|turn|9\n|\n|move|p2a: Hydreigon|Flamethrower|p1a: Ferrothorn\n|-supereffective|p1a: Ferrothorn\n|-damage|p1a: Ferrothorn|0 fnt\n|faint|p1a: Ferrothorn\n|\n|upkeep\n|\n|switch|p1a: Diancie|Diancie|100\/100\n|-damage|p1a: Diancie|88\/100|[from] Stealth Rock\n|turn|10\n|\n|switch|p2a: Nidoqueen|Nidoqueen, F|40\/100\n|detailschange|p1a: Diancie|Diancie-Mega\n|-mega|p1a: Diancie|Diancie|Diancite\n|move|p1a: Diancie|Substitute|p1a: Diancie\n|-start|p1a: Diancie|Substitute\n|-damage|p1a: Diancie|63\/100\n|\n|upkeep\n|turn|11\n|\n|move|p1a: Diancie|Earth Power|p2a: Nidoqueen\n|-supereffective|p2a: Nidoqueen\n|-damage|p2a: Nidoqueen|0 fnt\n|faint|p2a: Nidoqueen\n|\n|upkeep\n|\n|switch|p2a: Aggron|Aggron, F|100\/100\n|turn|12\n|\n|detailschange|p2a: Aggron|Aggron-Mega, F\n|-mega|p2a: Aggron|Aggron|Aggronite\n|move|p1a: Diancie|Earth Power|p2a: Aggron\n|-supereffective|p2a: Aggron\n|-damage|p2a: Aggron|46\/100\n|move|p2a: Aggron|Earthquake|p1a: Diancie\n|-supereffective|p1a: Diancie\n|-end|p1a: Diancie|Substitute\n|\n|upkeep\n|turn|13\n|-message|100percentpureheat forfeited.\n|\n|win|geniusx\n|c|\u2606geniusx|gg\n","uploadtime":1597023199,"views":153,"p1id":"geniusx","p2id":"100percentpureheat","formatid":"gen8nationaldexdlc2draft","rating":0,"private":0,"password":null}