{"id":"sports-gen8nationaldexdlc2draft-130259","p1":"Geniusx","p2":"IAaronTheBaronI","format":"gen8nationaldexdlc2draft","log":"|j|\u2606Geniusx\n|j|\u2606IAaronTheBaronI\n|player|p1|Geniusx|geniusx.gif|\n|player|p2|IAaronTheBaronI|iaaronthebaroni.png|\n|teamsize|p1|6\n|teamsize|p2|6\n|gametype|singles\n|gen|8\n|tier|[Gen 8] National Dex DLC2 Draft\n|rule|Sleep Clause Mod: Limit one foe put to sleep\n|rule|OHKO Clause: OHKO moves are banned\n|rule|Evasion Moves Clause: Evasion moves are banned\n|rule|Endless Battle Clause: Forcing endless battles is banned\n|rule|HP Percentage Mod: HP is shown in percentages\n|clearpoke\n|poke|p1|Diancie|\n|poke|p1|Garchomp, F|\n|poke|p1|Weavile, M|\n|poke|p1|Musharna, F|\n|poke|p1|Toxapex, F|\n|poke|p1|Rotom-Fan|\n|poke|p2|Scizor, F|\n|poke|p2|Dracovish|\n|poke|p2|Nidoqueen, F|\n|poke|p2|Cinderace, F|\n|poke|p2|Silvally-*|\n|poke|p2|Celebi|\n|rule|Dynamax Clause: You cannot dynamax\n|teampreview\n|html|<button name=\"send\" class=\"button\" value=\"\/timer ds\"><i class=\"fa fa-hourglass-start\"><\/i> DS Timer<\/button> <button name=\"send\" class=\"button\" value=\"\/timer smogon\"><i class=\"fa fa-hourglass-start\"><\/i> Smogon Timer<\/button>\n|c|\u2606Geniusx|Hf\n|c|\u2606IAaronTheBaronI|you too!\n|j| Starrk01\n|inactive|Battle timer is ON: inactive players will automatically lose when time's up. (requested by Geniusx)\n|\n|start\n|switch|p1a: Weavile|Weavile, M|100\/100\n|switch|p2a: Celebi|Celebi|100\/100\n|-ability|p1a: Weavile|Pressure\n|turn|1\n|\n|move|p2a: Celebi|Aura Sphere|p1a: Weavile\n|-supereffective|p1a: Weavile\n|-damage|p1a: Weavile|0 fnt\n|faint|p1a: Weavile\n|\n|upkeep\n|\n|switch|p1a: Garchomp|Garchomp, F|100\/100\n|turn|2\n|inactive|IAaronTheBaronI has 90 seconds left.\n|\n|switch|p2a: Dracovish|Dracovish, shiny|100\/100\n|move|p1a: Garchomp|Swords Dance|p1a: Garchomp\n|-boost|p1a: Garchomp|atk|2\n|\n|upkeep\n|turn|3\n|\n|switch|p1a: Toxapex|Toxapex, F|100\/100\n|move|p2a: Dracovish|Fishious Rend|p1a: Toxapex\n|-resisted|p1a: Toxapex\n|-damage|p1a: Toxapex|71\/100\n|-damage|p2a: Dracovish|84\/100|[from] item: Rocky Helmet|[of] p1a: Toxapex\n|\n|upkeep\n|turn|4\n|j| Da Starfeesh\n|inactive|IAaronTheBaronI has 90 seconds left.\n|\n|switch|p2a: Nidoqueen|Nidoqueen, F|100\/100\n|move|p1a: Toxapex|Recover|p1a: Toxapex\n|-heal|p1a: Toxapex|100\/100\n|\n|upkeep\n|turn|5\n|inactive|IAaronTheBaronI has 90 seconds left.\n|c| Da Starfeesh|trick house?\n|c|\u2606IAaronTheBaronI|yeah\n|\n|switch|p2a: Celebi|Celebi|100\/100\n|move|p1a: Toxapex|Scald|p2a: Celebi\n|-resisted|p2a: Celebi\n|-crit|p2a: Celebi\n|-damage|p2a: Celebi|90\/100\n|\n|upkeep\n|turn|6\n|inactive|IAaronTheBaronI has 90 seconds left.\n|\n|move|p1a: Toxapex|Baneful Bunker|p1a: Toxapex\n|-singleturn|p1a: Toxapex|move: Protect\n|move|p2a: Celebi|Trick|p1a: Toxapex\n|-activate|p1a: Toxapex|move: Protect\n|\n|upkeep\n|turn|7\n|inactive|IAaronTheBaronI has 90 seconds left.\n|\n|switch|p2a: Scizor|Scizor, F|100\/100\n|switch|p1a: Diancie|Diancie|100\/100\n|\n|upkeep\n|turn|8\n|inactive|IAaronTheBaronI has 90 seconds left.\n|\n|switch|p1a: Toxapex|Toxapex, F|100\/100\n|detailschange|p2a: Scizor|Scizor-Mega, F\n|-mega|p2a: Scizor|Scizor|Scizorite\n|move|p2a: Scizor|Bug Bite|p1a: Toxapex\n|-resisted|p1a: Toxapex\n|-damage|p1a: Toxapex|85\/100\n|-damage|p2a: Scizor|84\/100|[from] item: Rocky Helmet|[of] p1a: Toxapex\n|\n|upkeep\n|turn|9\n|inactive|IAaronTheBaronI has 90 seconds left.\n|\n|switch|p2a: Celebi|Celebi|90\/100\n|move|p1a: Toxapex|Scald|p2a: Celebi\n|-resisted|p2a: Celebi\n|-damage|p2a: Celebi|83\/100\n|-status|p2a: Celebi|brn\n|\n|-damage|p2a: Celebi|77\/100 brn|[from] brn\n|upkeep\n|turn|10\n|\n|move|p1a: Toxapex|Baneful Bunker|p1a: Toxapex\n|-singleturn|p1a: Toxapex|move: Protect\n|move|p2a: Celebi|Psychic|p1a: Toxapex\n|-activate|p1a: Toxapex|move: Protect\n|\n|-damage|p2a: Celebi|71\/100 brn|[from] brn\n|upkeep\n|turn|11\n|inactive|IAaronTheBaronI has 90 seconds left.\n|\n|switch|p2a: Dracovish|Dracovish, shiny|84\/100\n|move|p1a: Toxapex|Recover|p1a: Toxapex\n|-heal|p1a: Toxapex|100\/100\n|\n|upkeep\n|turn|12\n|\n|switch|p2a: Celebi|Celebi|71\/100\n|move|p1a: Toxapex|Scald|p2a: Celebi\n|-resisted|p2a: Celebi\n|-damage|p2a: Celebi|64\/100\n|\n|upkeep\n|turn|13\n|\n|move|p1a: Toxapex|Baneful Bunker|p1a: Toxapex\n|-singleturn|p1a: Toxapex|move: Protect\n|move|p2a: Celebi|Psychic|p1a: Toxapex\n|-activate|p1a: Toxapex|move: Protect\n|\n|upkeep\n|turn|14\n|\n|switch|p1a: Musharna|Musharna, F|100\/100\n|-activate|p1a: Musharna|ability: Forewarn|Leaf Storm|[of] p2a: Celebi\n|move|p2a: Celebi|Psychic|p1a: Musharna\n|-resisted|p1a: Musharna\n|-damage|p1a: Musharna|89\/100\n|\n|-heal|p1a: Musharna|95\/100|[from] item: Leftovers\n|upkeep\n|turn|15\n|inactive|IAaronTheBaronI has 90 seconds left.\n|\n|switch|p2a: Cinderace|Cinderace, F|100\/100\n|move|p1a: Musharna|Baton Pass|p1a: Musharna\n|\n|switch|p1a: Garchomp|Garchomp, F|100\/100|[from]move: Baton Pass\n|\n|upkeep\n|turn|16\n|j|%Venoxio\n|inactive|IAaronTheBaronI has 90 seconds left.\n|inactive|Geniusx has 90 seconds left.\n|j| PlatDog\n|c| PlatDog|Let's go Aaron\n|\n|move|p2a: Cinderace|Iron Head|p1a: Garchomp\n|-damage|p1a: Garchomp|82\/100\n|-damage|p2a: Cinderace|88\/100|[from] ability: Rough Skin|[of] p1a: Garchomp\n|move|p1a: Garchomp|Swords Dance|p1a: Garchomp\n|-boost|p1a: Garchomp|atk|2\n|\n|-heal|p1a: Garchomp|88\/100|[from] item: Leftovers\n|upkeep\n|turn|17\n|\n|move|p2a: Cinderace|Pyro Ball|p1a: Garchomp\n|-resisted|p1a: Garchomp\n|-crit|p1a: Garchomp\n|-damage|p1a: Garchomp|55\/100\n|move|p1a: Garchomp|Dragon Claw|p2a: Cinderace\n|-damage|p2a: Cinderace|0 fnt\n|faint|p2a: Cinderace\n|\n|-heal|p1a: Garchomp|61\/100|[from] item: Leftovers\n|upkeep\n|inactive|IAaronTheBaronI has 90 seconds left.\n|\n|switch|p2a: Dracovish|Dracovish, shiny|84\/100\n|turn|18\n|\n|switch|p1a: Toxapex|Toxapex, F|100\/100\n|move|p2a: Dracovish|Fishious Rend|p1a: Toxapex\n|-resisted|p1a: Toxapex\n|-damage|p1a: Toxapex|70\/100\n|-damage|p2a: Dracovish|68\/100|[from] item: Rocky Helmet|[of] p1a: Toxapex\n|\n|upkeep\n|turn|19\n|\n|switch|p2a: Celebi|Celebi|64\/100\n|move|p1a: Toxapex|Scald|p2a: Celebi\n|-resisted|p2a: Celebi\n|-damage|p2a: Celebi|57\/100\n|-status|p2a: Celebi|brn\n|\n|-damage|p2a: Celebi|51\/100 brn|[from] brn\n|upkeep\n|turn|20\n|j| jeam20\n|\n|move|p1a: Toxapex|Baneful Bunker|p1a: Toxapex\n|-singleturn|p1a: Toxapex|move: Protect\n|move|p2a: Celebi|Psychic|p1a: Toxapex\n|-activate|p1a: Toxapex|move: Protect\n|\n|-damage|p2a: Celebi|44\/100 brn|[from] brn\n|upkeep\n|turn|21\n|inactive|Geniusx has 90 seconds left.\n|\n|-curestatus|p2a: Celebi|brn|[from] ability: Natural Cure\n|switch|p2a: Scizor|Scizor-Mega, F|84\/100\n|switch|p1a: Musharna|Musharna, F|95\/100\n|-activate|p1a: Musharna|ability: Forewarn|Psycho Cut|[of] p2a: Scizor\n|\n|-heal|p1a: Musharna|100\/100|[from] item: Leftovers\n|upkeep\n|turn|22\n|\n|switch|p1a: Toxapex|Toxapex, F|100\/100\n|move|p2a: Scizor|Swords Dance|p2a: Scizor\n|-boost|p2a: Scizor|atk|2\n|\n|upkeep\n|turn|23\n|\n|move|p2a: Scizor|Psycho Cut|p1a: Toxapex\n|-supereffective|p1a: Toxapex\n|-damage|p1a: Toxapex|41\/100\n|move|p1a: Toxapex|Haze|p1a: Toxapex\n|-clearallboost\n|\n|upkeep\n|turn|24\n|\n|switch|p1a: Rotom|Rotom-Fan|100\/100\n|move|p2a: Scizor|Swords Dance|p2a: Scizor\n|-boost|p2a: Scizor|atk|2\n|\n|upkeep\n|turn|25\n|\n|switch|p2a: Nidoqueen|Nidoqueen, F|100\/100\n|move|p1a: Rotom|Will-O-Wisp|p2a: Nidoqueen\n|-status|p2a: Nidoqueen|brn\n|\n|-damage|p2a: Nidoqueen|94\/100 brn|[from] brn\n|upkeep\n|turn|26\n|inactive|Geniusx has 90 seconds left.\n|inactive|IAaronTheBaronI has 90 seconds left.\n|inactive|IAaronTheBaronI has 60 seconds left.\n|j| galarian frog\n|\n|switch|p1a: Musharna|Musharna, F|100\/100\n|-activate|p1a: Musharna|ability: Forewarn|Fire Blast|[of] p2a: Nidoqueen\n|move|p2a: Nidoqueen|Earth Power|p1a: Musharna\n|-damage|p1a: Musharna|70\/100\n|\n|-heal|p1a: Musharna|76\/100|[from] item: Leftovers\n|-damage|p2a: Nidoqueen|88\/100 brn|[from] brn\n|upkeep\n|turn|27\n|inactive|Geniusx has 90 seconds left.\n|inactive|IAaronTheBaronI has 90 seconds left.\n|\n|switch|p2a: Celebi|Celebi|44\/100\n|move|p1a: Musharna|Baton Pass|p1a: Musharna\n|\n|switch|p1a: Rotom|Rotom-Fan|100\/100|[from]move: Baton Pass\n|\n|upkeep\n|turn|28\n|\n|move|p2a: Celebi|Psychic|p1a: Rotom\n|-damage|p1a: Rotom|48\/100\n|move|p1a: Rotom|Air Slash|p2a: Celebi\n|-supereffective|p2a: Celebi\n|-damage|p2a: Celebi|0 fnt\n|faint|p2a: Celebi\n|\n|upkeep\n|inactive|IAaronTheBaronI has 90 seconds left.\n|\n|switch|p2a: Dracovish|Dracovish, shiny|68\/100\n|turn|29\n|\n|switch|p2a: Silvally|Silvally-Psychic|100\/100\n|switch|p1a: Toxapex|Toxapex, F|74\/100\n|\n|upkeep\n|turn|30\n|inactive|IAaronTheBaronI has 90 seconds left.\n|inactive|Geniusx has 90 seconds left.\n|\n|move|p2a: Silvally|Swords Dance|p2a: Silvally\n|-boost|p2a: Silvally|atk|2\n|move|p1a: Toxapex|Scald|p2a: Silvally\n|-damage|p2a: Silvally|85\/100\n|-status|p2a: Silvally|brn\n|\n|-damage|p2a: Silvally|79\/100 brn|[from] brn\n|upkeep\n|turn|31\n|\n|move|p2a: Silvally|Swords Dance|p2a: Silvally\n|-boost|p2a: Silvally|atk|2\n|move|p1a: Toxapex|Haze|p1a: Toxapex\n|-clearallboost\n|\n|-damage|p2a: Silvally|73\/100 brn|[from] brn\n|upkeep\n|turn|32\n|\n|move|p2a: Silvally|Flame Charge|p1a: Toxapex\n|-resisted|p1a: Toxapex\n|-damage|p1a: Toxapex|72\/100\n|-boost|p2a: Silvally|spe|1\n|-damage|p2a: Silvally|56\/100 brn|[from] item: Rocky Helmet|[of] p1a: Toxapex\n|move|p1a: Toxapex|Recover|p1a: Toxapex\n|-heal|p1a: Toxapex|100\/100\n|\n|-damage|p2a: Silvally|50\/100 brn|[from] brn\n|upkeep\n|turn|33\n|\n|move|p2a: Silvally|Multi-Attack|p1a: Toxapex\n|-supereffective|p1a: Toxapex\n|-damage|p1a: Toxapex|68\/100\n|-damage|p2a: Silvally|33\/100 brn|[from] item: Rocky Helmet|[of] p1a: Toxapex\n|move|p1a: Toxapex|Haze|p1a: Toxapex\n|-clearallboost\n|\n|-damage|p2a: Silvally|27\/100 brn|[from] brn\n|upkeep\n|turn|34\n|\n|move|p2a: Silvally|Multi-Attack|p1a: Toxapex\n|-supereffective|p1a: Toxapex\n|-damage|p1a: Toxapex|36\/100\n|-damage|p2a: Silvally|11\/100 brn|[from] item: Rocky Helmet|[of] p1a: Toxapex\n|move|p1a: Toxapex|Recover|p1a: Toxapex\n|-heal|p1a: Toxapex|86\/100\n|\n|-damage|p2a: Silvally|5\/100 brn|[from] brn\n|upkeep\n|turn|35\n|\n|move|p2a: Silvally|Multi-Attack|p1a: Toxapex\n|-supereffective|p1a: Toxapex\n|-damage|p1a: Toxapex|52\/100\n|-damage|p2a: Silvally|0 fnt|[from] item: Rocky Helmet|[of] p1a: Toxapex\n|faint|p2a: Silvally\n|move|p1a: Toxapex|Recover|p1a: Toxapex\n|-heal|p1a: Toxapex|100\/100\n|\n|upkeep\n|\n|switch|p2a: Nidoqueen|Nidoqueen, F|88\/100 brn\n|turn|36\n|\n|switch|p2a: Scizor|Scizor-Mega, F|84\/100\n|switch|p1a: Musharna|Musharna, F|76\/100\n|-activate|p1a: Musharna|ability: Forewarn|Psycho Cut|[of] p2a: Scizor\n|\n|-heal|p1a: Musharna|82\/100|[from] item: Leftovers\n|upkeep\n|turn|37\n|\n|switch|p1a: Rotom|Rotom-Fan|48\/100\n|move|p2a: Scizor|Swords Dance|p2a: Scizor\n|-boost|p2a: Scizor|atk|2\n|\n|upkeep\n|turn|38\n|inactive|IAaronTheBaronI has 90 seconds left.\n|\n|switch|p2a: Nidoqueen|Nidoqueen, F|88\/100 brn\n|move|p1a: Rotom|Will-O-Wisp|p2a: Nidoqueen\n|-fail|p2a: Nidoqueen|brn\n|\n|-damage|p2a: Nidoqueen|82\/100 brn|[from] brn\n|upkeep\n|turn|39\n|\n|switch|p1a: Musharna|Musharna, F|82\/100\n|-activate|p1a: Musharna|ability: Forewarn|Fire Blast|[of] p2a: Nidoqueen\n|switch|p2a: Dracovish|Dracovish, shiny|68\/100\n|\n|-heal|p1a: Musharna|88\/100|[from] item: Leftovers\n|upkeep\n|turn|40\n|inactive|IAaronTheBaronI has 90 seconds left.\n|\n|switch|p2a: Nidoqueen|Nidoqueen, F|82\/100 brn\n|switch|p1a: Toxapex|Toxapex, F|100\/100\n|\n|-damage|p2a: Nidoqueen|76\/100 brn|[from] brn\n|upkeep\n|turn|41\n|\n|switch|p1a: Musharna|Musharna, F|88\/100\n|-activate|p1a: Musharna|ability: Forewarn|Fire Blast|[of] p2a: Nidoqueen\n|move|p2a: Nidoqueen|Earth Power|p1a: Musharna\n|-damage|p1a: Musharna|55\/100\n|\n|-heal|p1a: Musharna|62\/100|[from] item: Leftovers\n|-damage|p2a: Nidoqueen|70\/100 brn|[from] brn\n|upkeep\n|turn|42\n|\n|move|p2a: Nidoqueen|Earth Power|p1a: Musharna\n|-damage|p1a: Musharna|32\/100\n|move|p1a: Musharna|Baton Pass|p1a: Musharna\n|\n|switch|p1a: Diancie|Diancie|100\/100|[from]move: Baton Pass\n|\n|-damage|p2a: Nidoqueen|64\/100 brn|[from] brn\n|upkeep\n|turn|43\n|inactive|Geniusx has 90 seconds left.\n|inactive|IAaronTheBaronI has 90 seconds left.\n|\n|switch|p2a: Dracovish|Dracovish, shiny|68\/100\n|detailschange|p1a: Diancie|Diancie-Mega\n|-mega|p1a: Diancie|Diancie|Diancite\n|move|p1a: Diancie|Earth Power|p2a: Dracovish\n|-damage|p2a: Dracovish|18\/100\n|\n|upkeep\n|turn|44\n|\n|switch|p2a: Nidoqueen|Nidoqueen, F|64\/100 brn\n|switch|p1a: Toxapex|Toxapex, F|100\/100\n|\n|-damage|p2a: Nidoqueen|58\/100 brn|[from] brn\n|upkeep\n|turn|45\n|inactive|Geniusx has 90 seconds left.\n|\n|switch|p1a: Rotom|Rotom-Fan|48\/100\n|move|p2a: Nidoqueen|Substitute|p2a: Nidoqueen\n|-start|p2a: Nidoqueen|Substitute\n|-damage|p2a: Nidoqueen|33\/100 brn\n|\n|-damage|p2a: Nidoqueen|27\/100 brn|[from] brn\n|upkeep\n|turn|46\n|inactive|Geniusx has 90 seconds left.\n|\n|switch|p1a: Toxapex|Toxapex, F|100\/100\n|move|p2a: Nidoqueen|Ice Beam|p1a: Toxapex\n|-resisted|p1a: Toxapex\n|-damage|p1a: Toxapex|85\/100\n|\n|-damage|p2a: Nidoqueen|21\/100 brn|[from] brn\n|upkeep\n|turn|47\n|\n|move|p1a: Toxapex|Baneful Bunker|p1a: Toxapex\n|-singleturn|p1a: Toxapex|move: Protect\n|move|p2a: Nidoqueen|Earth Power|p1a: Toxapex\n|-activate|p1a: Toxapex|move: Protect\n|\n|-damage|p2a: Nidoqueen|15\/100 brn|[from] brn\n|upkeep\n|turn|48\n|inactive|IAaronTheBaronI has 90 seconds left.\n|\n|switch|p1a: Musharna|Musharna, F|32\/100\n|-activate|p1a: Musharna|ability: Forewarn|Fire Blast|[of] p2a: Nidoqueen\n|move|p2a: Nidoqueen|Earth Power|p1a: Musharna\n|-damage|p1a: Musharna|1\/100\n|\n|-heal|p1a: Musharna|7\/100|[from] item: Leftovers\n|-damage|p2a: Nidoqueen|9\/100 brn|[from] brn\n|upkeep\n|turn|49\n|inactive|IAaronTheBaronI has 90 seconds left.\n|\n|move|p2a: Nidoqueen|Ice Beam|p1a: Musharna\n|-damage|p1a: Musharna|0 fnt\n|faint|p1a: Musharna\n|\n|-damage|p2a: Nidoqueen|3\/100 brn|[from] brn\n|upkeep\n|\n|switch|p1a: Toxapex|Toxapex, F|100\/100\n|turn|50\n|inactive|IAaronTheBaronI has 90 seconds left.\n|\n|switch|p2a: Scizor|Scizor-Mega, F|84\/100\n|move|p1a: Toxapex|Baneful Bunker||[still]\n|-fail|p1a: Toxapex\n|\n|upkeep\n|turn|51\n|\n|switch|p2a: Nidoqueen|Nidoqueen, F|3\/100 brn\n|move|p1a: Toxapex|Scald|p2a: Nidoqueen\n|-supereffective|p2a: Nidoqueen\n|-damage|p2a: Nidoqueen|0 fnt\n|faint|p2a: Nidoqueen\n|\n|upkeep\n|\n|switch|p2a: Dracovish|Dracovish, shiny|18\/100\n|turn|52\n|\n|move|p1a: Toxapex|Baneful Bunker|p1a: Toxapex\n|-singleturn|p1a: Toxapex|move: Protect\n|move|p2a: Dracovish|Super Fang|p1a: Toxapex\n|-activate|p1a: Toxapex|move: Protect\n|-status|p2a: Dracovish|psn\n|\n|-damage|p2a: Dracovish|6\/100 psn|[from] psn\n|upkeep\n|turn|53\n|\n|move|p2a: Dracovish|Super Fang|p1a: Toxapex\n|-damage|p1a: Toxapex|51\/100\n|-damage|p2a: Dracovish|0 fnt|[from] item: Rocky Helmet|[of] p1a: Toxapex\n|faint|p2a: Dracovish\n|move|p1a: Toxapex|Recover|p1a: Toxapex\n|-heal|p1a: Toxapex|100\/100\n|\n|upkeep\n|\n|switch|p2a: Scizor|Scizor-Mega, F|84\/100\n|turn|54\n|\n|move|p2a: Scizor|Swords Dance|p2a: Scizor\n|-boost|p2a: Scizor|atk|2\n|move|p1a: Toxapex|Scald|p2a: Scizor\n|-damage|p2a: Scizor|71\/100\n|-status|p2a: Scizor|brn\n|\n|-damage|p2a: Scizor|65\/100 brn|[from] brn\n|upkeep\n|turn|55\n|c|\u2606Geniusx|Gg\n|\n|move|p2a: Scizor|Psycho Cut|p1a: Toxapex\n|-supereffective|p1a: Toxapex\n|-damage|p1a: Toxapex|72\/100\n|move|p1a: Toxapex|Haze|p1a: Toxapex\n|-clearallboost\n|\n|-damage|p2a: Scizor|59\/100 brn|[from] brn\n|upkeep\n|turn|56\n|c|\u2606IAaronTheBaronI|ggg\n|l| galarian frog\n|\n|move|p2a: Scizor|Swords Dance|p2a: Scizor\n|-boost|p2a: Scizor|atk|2\n|move|p1a: Toxapex|Haze|p1a: Toxapex\n|-clearallboost\n|\n|-damage|p2a: Scizor|52\/100 brn|[from] brn\n|upkeep\n|turn|57\n|\n|move|p2a: Scizor|Psycho Cut|p1a: Toxapex\n|-supereffective|p1a: Toxapex\n|-damage|p1a: Toxapex|58\/100\n|move|p1a: Toxapex|Haze|p1a: Toxapex\n|-clearallboost\n|\n|-damage|p2a: Scizor|46\/100 brn|[from] brn\n|upkeep\n|turn|58\n|\n|move|p2a: Scizor|Psycho Cut|p1a: Toxapex\n|-supereffective|p1a: Toxapex\n|-damage|p1a: Toxapex|43\/100\n|move|p1a: Toxapex|Recover|p1a: Toxapex\n|-heal|p1a: Toxapex|94\/100\n|\n|-damage|p2a: Scizor|40\/100 brn|[from] brn\n|upkeep\n|turn|59\n|\n|move|p2a: Scizor|Psycho Cut|p1a: Toxapex\n|-supereffective|p1a: Toxapex\n|-damage|p1a: Toxapex|79\/100\n|move|p1a: Toxapex|Haze|p1a: Toxapex\n|-clearallboost\n|\n|-damage|p2a: Scizor|34\/100 brn|[from] brn\n|upkeep\n|turn|60\n|\n|move|p2a: Scizor|Psycho Cut|p1a: Toxapex\n|-supereffective|p1a: Toxapex\n|-damage|p1a: Toxapex|62\/100\n|move|p1a: Toxapex|Scald|p2a: Scizor\n|-damage|p2a: Scizor|21\/100 brn\n|\n|-damage|p2a: Scizor|15\/100 brn|[from] brn\n|upkeep\n|turn|61\n|l| PlatDog\n|c| Starrk01|Every scald burned lol\n|\n|move|p2a: Scizor|Psycho Cut|p1a: Toxapex\n|-supereffective|p1a: Toxapex\n|-damage|p1a: Toxapex|46\/100\n|move|p1a: Toxapex|Scald|p2a: Scizor\n|-damage|p2a: Scizor|2\/100 brn\n|\n|-damage|p2a: Scizor|0 fnt|[from] brn\n|faint|p2a: Scizor\n|\n|win|Geniusx\n|upkeep\n|l|\u2606IAaronTheBaronI\n|l| Da Starfeesh\n","uploadtime":1596380270,"views":76,"p1id":"geniusx","p2id":"iaaronthebaroni","formatid":"gen8nationaldexdlc2draft","rating":0,"private":0,"password":null}