{"id":"sports-gen8nationaldexunrestricted-703606","p1":"Th3Fri3dChick3n","p2":"Elon Musk Rusk","format":"gen8nationaldexunrestricted","log":"|j|\u2606Th3Fri3dChick3n\n|j|\u2606Elon Musk Rusk\n|t:|1659888162\n|gametype|singles\n|player|p1|Th3Fri3dChick3n|102|\n|player|p2|Elon Musk Rusk|169|\n|teamsize|p1|6\n|teamsize|p2|6\n|gen|8\n|tier|[Gen 8] National Dex Unrestricted\n|rule|Sleep Clause Mod: Limit one foe put to sleep\n|rule|OHKO Clause: OHKO moves are banned\n|rule|Evasion Moves Clause: Evasion moves are banned\n|rule|Endless Battle Clause: Forcing endless battles is banned\n|rule|HP Percentage Mod: HP is shown in percentages\n|clearpoke\n|poke|p1|Delphox, F|\n|poke|p1|Diancie|\n|poke|p1|Armaldo, M|\n|poke|p1|Krookodile, F|\n|poke|p1|Celesteela|\n|poke|p1|Druddigon, F|\n|poke|p2|Kommo-o, M|\n|poke|p2|Cinderace, F|\n|poke|p2|Steelix, M|\n|poke|p2|Suicune|\n|poke|p2|Xurkitree|\n|poke|p2|Arceus-*|\n|teampreview\n|html|<button name=\"send\" class=\"button\" value=\"\/timer ds\"><i class=\"fa fa-hourglass-start\"><\/i> DS Timer<\/button> <button name=\"send\" class=\"button\" value=\"\/timer smogon\"><i class=\"fa fa-hourglass-start\"><\/i> Smogon Timer<\/button>\n|c|\u2606Th3Fri3dChick3n|glhf\n|\n|t:|1659888185\n|start\n|switch|p1a: Druddigon|Druddigon, F|100\/100\n|switch|p2a: Cinderace|Cinderace, F|100\/100\n|turn|1\n|\n|t:|1659888193\n|move|p2a: Cinderace|U-turn|p1a: Druddigon\n|-start|p2a: Cinderace|typechange|Bug|[from] ability: Libero\n|-damage|p1a: Druddigon|76\/100\n|-damage|p2a: Cinderace|88\/100|[from] ability: Rough Skin|[of] p1a: Druddigon\n|-damage|p2a: Cinderace|72\/100|[from] item: Rocky Helmet|[of] p1a: Druddigon\n|c|\u2606Th3Fri3dChick3n|chip\n|\n|t:|1659888202\n|switch|p2a: Kommo-o|Kommo-o, M|100\/100|[from]move: U-turn\n|move|p1a: Druddigon|Glare|p2a: Kommo-o\n|-status|p2a: Kommo-o|par\n|\n|upkeep\n|turn|2\n|\n|t:|1659888219\n|move|p1a: Druddigon|Stealth Rock|p2a: Kommo-o\n|-sidestart|p2: Elon Musk Rusk|move: Stealth Rock\n|move|p2a: Kommo-o|Toxic|p1a: Druddigon|[miss]\n|-miss|p2a: Kommo-o|p1a: Druddigon\n|\n|upkeep\n|turn|3\n|\n|t:|1659888227\n|switch|p1a: Celesteela|Celesteela|100\/100\n|move|p2a: Kommo-o|Dragon Tail|p1a: Celesteela\n|-resisted|p1a: Celesteela\n|-damage|p1a: Celesteela|91\/100\n|drag|p1a: Diancie|Diancie|100\/100\n|\n|upkeep\n|turn|4\n|\n|t:|1659888240\n|switch|p2a: Steelix|Steelix, M|100\/100\n|-damage|p2a: Steelix|97\/100|[from] Stealth Rock\n|detailschange|p1a: Diancie|Diancie-Mega\n|-mega|p1a: Diancie|Diancie|Diancite\n|move|p1a: Diancie|Rock Polish|p1a: Diancie\n|-boost|p1a: Diancie|spe|2\n|\n|upkeep\n|turn|5\n|\n|t:|1659888265\n|switch|p1a: Druddigon|Druddigon, F|76\/100\n|detailschange|p2a: Steelix|Steelix-Mega, M\n|-mega|p2a: Steelix|Steelix|Steelixite\n|move|p2a: Steelix|Smack Down|p1a: Druddigon\n|-damage|p1a: Druddigon|64\/100\n|\n|upkeep\n|turn|6\n|\n|t:|1659888275\n|move|p1a: Druddigon|Life Dew|p1a: Druddigon\n|-heal|p1a: Druddigon|89\/100\n|move|p2a: Steelix|Earthquake|p1a: Druddigon\n|-damage|p1a: Druddigon|51\/100\n|\n|upkeep\n|turn|7\n|\n|t:|1659888289\n|move|p1a: Druddigon|Glare|p2a: Steelix\n|-status|p2a: Steelix|par\n|move|p2a: Steelix|Earthquake|p1a: Druddigon\n|-damage|p1a: Druddigon|13\/100\n|\n|upkeep\n|turn|8\n|\n|t:|1659888302\n|switch|p1a: Celesteela|Celesteela|91\/100\n|move|p2a: Steelix|Earthquake|p1a: Celesteela\n|-immune|p1a: Celesteela\n|\n|-heal|p1a: Celesteela|97\/100|[from] item: Leftovers\n|upkeep\n|turn|9\n|\n|t:|1659888317\n|move|p1a: Celesteela|Leech Seed|p2a: Steelix\n|-start|p2a: Steelix|move: Leech Seed\n|move|p2a: Steelix|Smack Down|p1a: Celesteela\n|-damage|p1a: Celesteela|85\/100\n|-start|p1a: Celesteela|Smack Down\n|\n|-heal|p1a: Celesteela|91\/100|[from] item: Leftovers\n|-damage|p2a: Steelix|85\/100 par|[from] Leech Seed|[of] p1a: Celesteela\n|-heal|p1a: Celesteela|100\/100|[silent]\n|upkeep\n|turn|10\n|\n|t:|1659888367\n|move|p1a: Celesteela|Iron Defense|p1a: Celesteela\n|-boost|p1a: Celesteela|def|2\n|cant|p2a: Steelix|par\n|\n|-damage|p2a: Steelix|72\/100 par|[from] Leech Seed|[of] p1a: Celesteela\n|upkeep\n|turn|11\n|\n|t:|1659888375\n|switch|p2a: Xurkitree|Xurkitree|100\/100\n|-damage|p2a: Xurkitree|88\/100|[from] Stealth Rock\n|move|p1a: Celesteela|Iron Defense|p1a: Celesteela\n|-boost|p1a: Celesteela|def|2\n|\n|upkeep\n|turn|12\n|\n|t:|1659888382\n|switch|p1a: Krookodile|Krookodile, F|100\/100\n|-ability|p1a: Krookodile|Intimidate|boost\n|-unboost|p2a: Xurkitree|atk|1\n|move|p2a: Xurkitree|Thunderbolt|p1a: Krookodile\n|-immune|p1a: Krookodile\n|\n|upkeep\n|turn|13\n|\n|t:|1659888390\n|switch|p2a: Kommo-o|Kommo-o, M|100\/100 par\n|-damage|p2a: Kommo-o|94\/100 par|[from] Stealth Rock\n|move|p1a: Krookodile|Knock Off|p2a: Kommo-o\n|-resisted|p2a: Kommo-o\n|-damage|p2a: Kommo-o|82\/100 par\n|-damage|p1a: Krookodile|88\/100|[from] ability: Rough Skin|[of] p2a: Kommo-o\n|-damage|p1a: Krookodile|71\/100|[from] item: Rocky Helmet|[of] p2a: Kommo-o\n|-enditem|p2a: Kommo-o|Rocky Helmet|[from] move: Knock Off|[of] p1a: Krookodile\n|\n|-heal|p1a: Krookodile|78\/100|[from] item: Leftovers\n|upkeep\n|turn|14\n|\n|t:|1659888411\n|switch|p1a: Celesteela|Celesteela|100\/100\n|move|p2a: Kommo-o|Body Press|p1a: Celesteela\n|-damage|p1a: Celesteela|68\/100\n|\n|-heal|p1a: Celesteela|74\/100|[from] item: Leftovers\n|upkeep\n|turn|15\n|\n|t:|1659888420\n|switch|p2a: Cinderace|Cinderace, F|72\/100\n|move|p1a: Celesteela|Air Slash|p2a: Cinderace\n|-damage|p2a: Cinderace|32\/100\n|\n|-heal|p1a: Celesteela|80\/100|[from] item: Leftovers\n|upkeep\n|turn|16\n|\n|t:|1659888428\n|switch|p1a: Druddigon|Druddigon, F|13\/100\n|move|p2a: Cinderace|Pyro Ball|p1a: Druddigon\n|-resisted|p1a: Druddigon\n|-damage|p1a: Druddigon|0 fnt\n|faint|p1a: Druddigon\n|\n|upkeep\n|\n|t:|1659888436\n|switch|p1a: Armaldo|Armaldo, M|100\/100\n|turn|17\n|\n|t:|1659888441\n|move|p1a: Armaldo|Accelerock|p2a: Cinderace\n|-supereffective|p2a: Cinderace\n|-damage|p2a: Cinderace|0 fnt\n|faint|p2a: Cinderace\n|\n|upkeep\n|\n|t:|1659888451\n|switch|p2a: Steelix|Steelix-Mega, M|72\/100 par\n|-damage|p2a: Steelix|69\/100 par|[from] Stealth Rock\n|turn|18\n|\n|t:|1659888471\n|move|p1a: Armaldo|U-turn|p2a: Steelix\n|-resisted|p2a: Steelix\n|-damage|p2a: Steelix|58\/100 par\n|\n|t:|1659888476\n|switch|p1a: Celesteela|Celesteela|80\/100|[from]move: U-turn\n|move|p2a: Steelix|Shore Up|p2a: Steelix\n|-heal|p2a: Steelix|100\/100 par\n|\n|-heal|p1a: Celesteela|86\/100|[from] item: Leftovers\n|upkeep\n|turn|19\n|\n|t:|1659888507\n|switch|p2a: Xurkitree|Xurkitree|88\/100\n|-damage|p2a: Xurkitree|76\/100|[from] Stealth Rock\n|move|p1a: Celesteela|U-turn|p2a: Xurkitree\n|-damage|p2a: Xurkitree|52\/100\n|\n|t:|1659888566\n|switch|p1a: Krookodile|Krookodile, F|78\/100|[from]move: U-turn\n|-ability|p1a: Krookodile|Intimidate|boost\n|-unboost|p2a: Xurkitree|atk|1\n|\n|-heal|p1a: Krookodile|84\/100|[from] item: Leftovers\n|upkeep\n|turn|20\n|\n|t:|1659888577\n|move|p2a: Xurkitree|Energy Ball|p1a: Krookodile\n|-supereffective|p1a: Krookodile\n|-damage|p1a: Krookodile|0 fnt\n|faint|p1a: Krookodile\n|-ability|p2a: Xurkitree|Beast Boost|boost\n|-boost|p2a: Xurkitree|spa|1\n|\n|upkeep\n|\n|t:|1659888588\n|switch|p1a: Delphox|Delphox, F|100\/100\n|turn|21\n|j| J2411\n|\n|t:|1659888600\n|switch|p2a: Arceus|Arceus-Bug|100\/100\n|-damage|p2a: Arceus|76\/100|[from] Stealth Rock\n|move|p1a: Delphox|Mind Blown|p2a: Arceus\n|-supereffective|p2a: Arceus\n|-damage|p2a: Arceus|0 fnt\n|faint|p2a: Arceus\n|\n|upkeep\n|\n|t:|1659888616\n|switch|p2a: Suicune|Suicune|100\/100\n|-damage|p2a: Suicune|88\/100|[from] Stealth Rock\n|-ability|p2a: Suicune|Pressure\n|turn|22\n|\n|t:|1659888627\n|switch|p1a: Celesteela|Celesteela|86\/100\n|move|p2a: Suicune|Wish|p2a: Suicune\n|\n|-heal|p2a: Suicune|94\/100|[from] item: Leftovers\n|-heal|p1a: Celesteela|92\/100|[from] item: Leftovers\n|upkeep\n|turn|23\n|\n|t:|1659888658\n|switch|p2a: Xurkitree|Xurkitree|52\/100\n|-damage|p2a: Xurkitree|40\/100|[from] Stealth Rock\n|move|p1a: Celesteela|U-turn|p2a: Xurkitree\n|-damage|p2a: Xurkitree|18\/100\n|\n|t:|1659888716\n|switch|p1a: Delphox|Delphox, F|100\/100|[from]move: U-turn\n|\n|-heal|p2a: Xurkitree|79\/100|[from] move: Wish|[wisher] Suicune\n|upkeep\n|turn|24\n|\n|t:|1659888743\n|switch|p2a: Suicune|Suicune|94\/100\n|-damage|p2a: Suicune|82\/100|[from] Stealth Rock\n|-ability|p2a: Suicune|Pressure\n|move|p1a: Delphox|Mind Blown|p2a: Suicune\n|-resisted|p2a: Suicune\n|-damage|p2a: Suicune|59\/100\n|\n|-heal|p2a: Suicune|65\/100|[from] item: Leftovers\n|upkeep\n|turn|25\n|\n|t:|1659888746\n|switch|p1a: Celesteela|Celesteela|92\/100\n|move|p2a: Suicune|Wish|p2a: Suicune\n|\n|-heal|p2a: Suicune|71\/100|[from] item: Leftovers\n|-heal|p1a: Celesteela|98\/100|[from] item: Leftovers\n|upkeep\n|turn|26\n|\n|t:|1659888754\n|move|p2a: Suicune|Scald|p1a: Celesteela\n|-damage|p1a: Celesteela|83\/100\n|move|p1a: Celesteela|U-turn|p2a: Suicune\n|-damage|p2a: Suicune|62\/100\n|\n|t:|1659888795\n|switch|p1a: Armaldo|Armaldo, M|100\/100|[from]move: U-turn\n|\n|-heal|p2a: Suicune|100\/100|[from] move: Wish|[wisher] Suicune\n|upkeep\n|turn|27\n|\n|t:|1659888801\n|switch|p2a: Steelix|Steelix-Mega, M|100\/100 par\n|-damage|p2a: Steelix|97\/100 par|[from] Stealth Rock\n|move|p1a: Armaldo|Knock Off|p2a: Steelix\n|-damage|p2a: Steelix|82\/100 par\n|\n|upkeep\n|turn|28\n|\n|t:|1659888809\n|move|p1a: Armaldo|U-turn|p2a: Steelix\n|-resisted|p2a: Steelix\n|-damage|p2a: Steelix|70\/100 par\n|\n|t:|1659888817\n|switch|p1a: Celesteela|Celesteela|83\/100|[from]move: U-turn\n|move|p2a: Steelix|Smack Down|p1a: Celesteela\n|-damage|p1a: Celesteela|71\/100\n|-start|p1a: Celesteela|Smack Down\n|\n|-heal|p1a: Celesteela|77\/100|[from] item: Leftovers\n|upkeep\n|turn|29\n|\n|t:|1659888828\n|move|p1a: Celesteela|U-turn|p2a: Steelix\n|-resisted|p2a: Steelix\n|-damage|p2a: Steelix|67\/100 par\n|\n|t:|1659888862\n|switch|p1a: Armaldo|Armaldo, M|100\/100|[from]move: U-turn\n|move|p2a: Steelix|Earthquake|p1a: Armaldo\n|-damage|p1a: Armaldo|52\/100\n|\n|-heal|p1a: Armaldo|58\/100|[from] item: Leftovers\n|upkeep\n|turn|30\n|\n|t:|1659888868\n|move|p1a: Armaldo|U-turn|p2a: Steelix\n|-resisted|p2a: Steelix\n|-damage|p2a: Steelix|54\/100 par\n|\n|t:|1659888882\n|switch|p1a: Celesteela|Celesteela|77\/100|[from]move: U-turn\n|move|p2a: Steelix|Shore Up|p2a: Steelix\n|-heal|p2a: Steelix|100\/100 par\n|\n|-heal|p1a: Celesteela|83\/100|[from] item: Leftovers\n|upkeep\n|turn|31\n|\n|t:|1659888890\n|switch|p2a: Xurkitree|Xurkitree|79\/100\n|-damage|p2a: Xurkitree|67\/100|[from] Stealth Rock\n|move|p1a: Celesteela|Leech Seed|p2a: Xurkitree\n|-start|p2a: Xurkitree|move: Leech Seed\n|\n|-heal|p1a: Celesteela|89\/100|[from] item: Leftovers\n|-damage|p2a: Xurkitree|55\/100|[from] Leech Seed|[of] p1a: Celesteela\n|-heal|p1a: Celesteela|99\/100|[silent]\n|upkeep\n|turn|32\n|\n|t:|1659888921\n|move|p2a: Xurkitree|Thunderbolt|p1a: Celesteela\n|-supereffective|p1a: Celesteela\n|-damage|p1a: Celesteela|13\/100\n|-status|p1a: Celesteela|par\n|cant|p1a: Celesteela|par\n|\n|-heal|p1a: Celesteela|19\/100 par|[from] item: Leftovers\n|-damage|p2a: Xurkitree|42\/100|[from] Leech Seed|[of] p1a: Celesteela\n|-heal|p1a: Celesteela|29\/100 par|[silent]\n|upkeep\n|turn|33\n|c|\u2606Th3Fri3dChick3n|fuck\n|c|\u2606Elon Musk Rusk|trump\n|\n|t:|1659888970\n|switch|p1a: Armaldo|Armaldo, M|58\/100\n|move|p2a: Xurkitree|Thunderbolt|p1a: Armaldo\n|-crit|p1a: Armaldo\n|-damage|p1a: Armaldo|0 fnt\n|faint|p1a: Armaldo\n|-ability|p2a: Xurkitree|Beast Boost|boost\n|-boost|p2a: Xurkitree|spa|1\n|\n|upkeep\n|\n|t:|1659889011\n|switch|p1a: Delphox|Delphox, F|100\/100\n|turn|34\n|\n|t:|1659889024\n|move|p1a: Delphox|Psychic|p2a: Xurkitree\n|-damage|p2a: Xurkitree|0 fnt\n|faint|p2a: Xurkitree\n|\n|upkeep\n|\n|t:|1659889030\n|switch|p2a: Suicune|Suicune|100\/100\n|-damage|p2a: Suicune|88\/100|[from] Stealth Rock\n|-ability|p2a: Suicune|Pressure\n|turn|35\n|\n|t:|1659889038\n|switch|p1a: Celesteela|Celesteela|29\/100 par\n|move|p2a: Suicune|Calm Mind|p2a: Suicune\n|-boost|p2a: Suicune|spa|1\n|-boost|p2a: Suicune|spd|1\n|\n|-heal|p2a: Suicune|94\/100|[from] item: Leftovers\n|-heal|p1a: Celesteela|35\/100 par|[from] item: Leftovers\n|upkeep\n|turn|36\n|\n|t:|1659889042\n|move|p2a: Suicune|Scald|p1a: Celesteela\n|-damage|p1a: Celesteela|9\/100 par\n|move|p1a: Celesteela|Leech Seed|p2a: Suicune\n|-start|p2a: Suicune|move: Leech Seed\n|\n|-heal|p2a: Suicune|100\/100|[from] item: Leftovers\n|-heal|p1a: Celesteela|15\/100 par|[from] item: Leftovers\n|-damage|p2a: Suicune|88\/100|[from] Leech Seed|[of] p1a: Celesteela\n|-heal|p1a: Celesteela|28\/100 par|[silent]\n|upkeep\n|turn|37\n|\n|t:|1659889055\n|move|p2a: Suicune|Scald|p1a: Celesteela\n|-damage|p1a: Celesteela|4\/100 par\n|cant|p1a: Celesteela|par\n|\n|-heal|p2a: Suicune|94\/100|[from] item: Leftovers\n|-heal|p1a: Celesteela|10\/100 par|[from] item: Leftovers\n|-damage|p2a: Suicune|82\/100|[from] Leech Seed|[of] p1a: Celesteela\n|-heal|p1a: Celesteela|23\/100 par|[silent]\n|upkeep\n|turn|38\n|\n|t:|1659889085\n|move|p2a: Suicune|Scald|p1a: Celesteela\n|-damage|p1a: Celesteela|0 fnt\n|faint|p1a: Celesteela\n|\n|-heal|p2a: Suicune|88\/100|[from] item: Leftovers\n|upkeep\n|c|\u2606Th3Fri3dChick3n|ggs ig\n|\n|t:|1659889118\n|switch|p1a: Diancie|Diancie-Mega|100\/100\n|turn|39\n|\n|t:|1659889127\n|move|p1a: Diancie|Moonblast|p2a: Suicune\n|-damage|p2a: Suicune|58\/100\n|-unboost|p2a: Suicune|spa|1\n|move|p2a: Suicune|Scald|p1a: Diancie\n|-supereffective|p1a: Diancie\n|-damage|p1a: Diancie|36\/100\n|\n|-heal|p2a: Suicune|64\/100|[from] item: Leftovers\n|-damage|p2a: Suicune|52\/100|[from] Leech Seed|[of] p1a: Diancie\n|-heal|p1a: Diancie|57\/100|[silent]\n|upkeep\n|turn|40\n|\n|t:|1659889137\n|move|p1a: Diancie|Moonblast|p2a: Suicune\n|-damage|p2a: Suicune|20\/100\n|move|p2a: Suicune|Wish|p2a: Suicune\n|\n|-heal|p2a: Suicune|26\/100|[from] item: Leftovers\n|-damage|p2a: Suicune|13\/100|[from] Leech Seed|[of] p1a: Diancie\n|-heal|p1a: Diancie|77\/100|[silent]\n|upkeep\n|turn|41\n|\n|t:|1659889147\n|move|p2a: Suicune|Protect|p2a: Suicune\n|-singleturn|p2a: Suicune|Protect\n|move|p1a: Diancie|Moonblast|p2a: Suicune\n|-activate|p2a: Suicune|move: Protect\n|\n|-heal|p2a: Suicune|63\/100|[from] move: Wish|[wisher] Suicune\n|-heal|p2a: Suicune|69\/100|[from] item: Leftovers\n|-damage|p2a: Suicune|57\/100|[from] Leech Seed|[of] p1a: Diancie\n|-heal|p1a: Diancie|98\/100|[silent]\n|upkeep\n|turn|42\n|\n|t:|1659889157\n|move|p1a: Diancie|Moonblast|p2a: Suicune\n|-damage|p2a: Suicune|29\/100\n|move|p2a: Suicune|Wish|p2a: Suicune\n|\n|-heal|p2a: Suicune|35\/100|[from] item: Leftovers\n|-damage|p2a: Suicune|23\/100|[from] Leech Seed|[of] p1a: Diancie\n|-heal|p1a: Diancie|100\/100|[silent]\n|upkeep\n|turn|43\n|\n|t:|1659889165\n|move|p2a: Suicune|Protect|p2a: Suicune\n|-singleturn|p2a: Suicune|Protect\n|move|p1a: Diancie|Moonblast|p2a: Suicune\n|-activate|p2a: Suicune|move: Protect\n|\n|-heal|p2a: Suicune|72\/100|[from] move: Wish|[wisher] Suicune\n|-heal|p2a: Suicune|79\/100|[from] item: Leftovers\n|-damage|p2a: Suicune|66\/100|[from] Leech Seed|[of] p1a: Diancie\n|upkeep\n|turn|44\n|\n|t:|1659889169\n|move|p1a: Diancie|Moonblast|p2a: Suicune\n|-damage|p2a: Suicune|34\/100\n|move|p2a: Suicune|Wish|p2a: Suicune\n|\n|-heal|p2a: Suicune|40\/100|[from] item: Leftovers\n|-damage|p2a: Suicune|28\/100|[from] Leech Seed|[of] p1a: Diancie\n|upkeep\n|turn|45\n|\n|t:|1659889186\n|move|p2a: Suicune|Protect|p2a: Suicune\n|-singleturn|p2a: Suicune|Protect\n|move|p1a: Diancie|Rock Polish|p1a: Diancie\n|-boost|p1a: Diancie|spe|2\n|\n|-heal|p2a: Suicune|78\/100|[from] move: Wish|[wisher] Suicune\n|-heal|p2a: Suicune|84\/100|[from] item: Leftovers\n|-damage|p2a: Suicune|72\/100|[from] Leech Seed|[of] p1a: Diancie\n|upkeep\n|turn|46\n|\n|t:|1659889199\n|switch|p2a: Steelix|Steelix-Mega, M|100\/100 par\n|-damage|p2a: Steelix|97\/100 par|[from] Stealth Rock\n|move|p1a: Diancie|Moonblast|p2a: Steelix\n|-resisted|p2a: Steelix\n|-damage|p2a: Steelix|70\/100 par\n|-unboost|p2a: Steelix|spa|1\n|\n|upkeep\n|turn|47\n|\n|t:|1659889205\n|move|p1a: Diancie|Searing Shot|p2a: Steelix\n|-supereffective|p2a: Steelix\n|-damage|p2a: Steelix|0 fnt\n|faint|p2a: Steelix\n|\n|upkeep\n|\n|t:|1659889211\n|switch|p2a: Suicune|Suicune|72\/100\n|-damage|p2a: Suicune|59\/100|[from] Stealth Rock\n|-ability|p2a: Suicune|Pressure\n|turn|48\n|\n|t:|1659889215\n|move|p1a: Diancie|Moonblast|p2a: Suicune\n|-damage|p2a: Suicune|16\/100\n|-unboost|p2a: Suicune|spa|1\n|move|p2a: Suicune|Wish|p2a: Suicune\n|\n|-heal|p2a: Suicune|22\/100|[from] item: Leftovers\n|upkeep\n|turn|49\n|\n|t:|1659889226\n|switch|p1a: Delphox|Delphox, F|100\/100\n|move|p2a: Suicune|Protect||[still]\n|-fail|p2a: Suicune\n|\n|-heal|p2a: Suicune|72\/100|[from] move: Wish|[wisher] Suicune\n|-heal|p2a: Suicune|78\/100|[from] item: Leftovers\n|upkeep\n|turn|50\n|\n|t:|1659889235\n|move|p2a: Suicune|Protect|p2a: Suicune\n|-singleturn|p2a: Suicune|Protect\n|move|p1a: Delphox|Trick|p2a: Suicune\n|-activate|p2a: Suicune|move: Protect\n|\n|-heal|p2a: Suicune|84\/100|[from] item: Leftovers\n|upkeep\n|turn|51\n|\n|t:|1659889248\n|switch|p1a: Diancie|Diancie-Mega|100\/100\n|move|p2a: Suicune|Scald|p1a: Diancie\n|-supereffective|p1a: Diancie\n|-damage|p1a: Diancie|60\/100\n|\n|-heal|p2a: Suicune|91\/100|[from] item: Leftovers\n|upkeep\n|turn|52\n|\n|t:|1659889254\n|move|p1a: Diancie|Moonblast|p2a: Suicune\n|-damage|p2a: Suicune|45\/100\n|-unboost|p2a: Suicune|spa|1\n|move|p2a: Suicune|Calm Mind|p2a: Suicune\n|-boost|p2a: Suicune|spa|1\n|-boost|p2a: Suicune|spd|1\n|\n|-heal|p2a: Suicune|51\/100|[from] item: Leftovers\n|upkeep\n|turn|53\n|\n|t:|1659889259\n|move|p1a: Diancie|Moonblast|p2a: Suicune\n|-damage|p2a: Suicune|24\/100\n|move|p2a: Suicune|Wish|p2a: Suicune\n|\n|-heal|p2a: Suicune|30\/100|[from] item: Leftovers\n|upkeep\n|turn|54\n|\n|t:|1659889267\n|move|p2a: Suicune|Protect|p2a: Suicune\n|-singleturn|p2a: Suicune|Protect\n|move|p1a: Diancie|Rock Polish|p1a: Diancie\n|-boost|p1a: Diancie|spe|2\n|\n|-heal|p2a: Suicune|80\/100|[from] move: Wish|[wisher] Suicune\n|-heal|p2a: Suicune|86\/100|[from] item: Leftovers\n|upkeep\n|turn|55\n|\n|t:|1659889280\n|move|p1a: Diancie|Moonblast|p2a: Suicune\n|-damage|p2a: Suicune|55\/100\n|-unboost|p2a: Suicune|spa|1\n|move|p2a: Suicune|Calm Mind|p2a: Suicune\n|-boost|p2a: Suicune|spa|1\n|-boost|p2a: Suicune|spd|1\n|\n|-heal|p2a: Suicune|61\/100|[from] item: Leftovers\n|upkeep\n|turn|56\n|\n|t:|1659889294\n|move|p1a: Diancie|Diamond Storm|p2a: Suicune\n|-damage|p2a: Suicune|30\/100\n|-boost|p1a: Diancie|def|2\n|move|p2a: Suicune|Wish|p2a: Suicune\n|\n|-heal|p2a: Suicune|36\/100|[from] item: Leftovers\n|upkeep\n|turn|57\n|\n|t:|1659889301\n|move|p2a: Suicune|Protect|p2a: Suicune\n|-singleturn|p2a: Suicune|Protect\n|move|p1a: Diancie|Rock Polish|p1a: Diancie\n|-boost|p1a: Diancie|spe|2\n|\n|-heal|p2a: Suicune|86\/100|[from] move: Wish|[wisher] Suicune\n|-heal|p2a: Suicune|93\/100|[from] item: Leftovers\n|upkeep\n|turn|58\n|\n|t:|1659889315\n|move|p1a: Diancie|Searing Shot|p2a: Suicune\n|-resisted|p2a: Suicune\n|-damage|p2a: Suicune|85\/100\n|move|p2a: Suicune|Wish|p2a: Suicune\n|\n|-heal|p2a: Suicune|91\/100|[from] item: Leftovers\n|upkeep\n|turn|59\n|\n|t:|1659889321\n|move|p1a: Diancie|Searing Shot|p2a: Suicune\n|-resisted|p2a: Suicune\n|-damage|p2a: Suicune|83\/100\n|-status|p2a: Suicune|brn\n|move|p2a: Suicune|Calm Mind|p2a: Suicune\n|-boost|p2a: Suicune|spa|1\n|-boost|p2a: Suicune|spd|1\n|\n|-heal|p2a: Suicune|100\/100 brn|[from] move: Wish|[wisher] Suicune\n|-damage|p2a: Suicune|94\/100 brn|[from] brn\n|upkeep\n|turn|60\n|\n|t:|1659889333\n|move|p1a: Diancie|Diamond Storm|p2a: Suicune\n|-damage|p2a: Suicune|64\/100 brn\n|move|p2a: Suicune|Scald|p1a: Diancie\n|-supereffective|p1a: Diancie\n|-damage|p1a: Diancie|0 fnt\n|faint|p1a: Diancie\n|\n|-heal|p2a: Suicune|70\/100 brn|[from] item: Leftovers\n|-damage|p2a: Suicune|64\/100 brn|[from] brn\n|upkeep\n|\n|t:|1659889339\n|switch|p1a: Delphox|Delphox, F|100\/100\n|turn|61\n|\n|t:|1659889350\n|move|p1a: Delphox|Psychic|p2a: Suicune\n|-damage|p2a: Suicune|52\/100 brn\n|move|p2a: Suicune|Scald|p1a: Delphox\n|-supereffective|p1a: Delphox\n|-damage|p1a: Delphox|36\/100\n|\n|-heal|p2a: Suicune|58\/100 brn|[from] item: Leftovers\n|-damage|p2a: Suicune|52\/100 brn|[from] brn\n|upkeep\n|turn|62\n|\n|t:|1659889356\n|move|p1a: Delphox|Psychic|p2a: Suicune\n|-damage|p2a: Suicune|39\/100 brn\n|move|p2a: Suicune|Scald|p1a: Delphox\n|-supereffective|p1a: Delphox\n|-damage|p1a: Delphox|0 fnt\n|faint|p1a: Delphox\n|\n|win|Elon Musk Rusk\n|l|\u2606Th3Fri3dChick3n\n|player|p2|Elon Musk Rusk|169\n","uploadtime":1659889411,"views":10,"p1id":"th3fri3dchick3n","p2id":"elonmuskrusk","formatid":"gen8nationaldexunrestricted","rating":0,"private":0,"password":null}