{"id":"sports-gen8nationaldexdraft-382950","p1":"BFO Ethanol","p2":"DjezzeMwoan","format":"gen8nationaldexdraft","log":"|j|\u2606BFO Ethanol\n|j|\u2606DjezzeMwoan\n|t:|1617824341\n|player|p1|BFO Ethanol|bfoethanol.png|\n|player|p2|DjezzeMwoan|52|\n|teamsize|p1|6\n|teamsize|p2|6\n|gametype|singles\n|gen|8\n|tier|[Gen 8] National Dex Draft\n|rule|Sleep Clause Mod: Limit one foe put to sleep\n|rule|OHKO Clause: OHKO moves are banned\n|rule|Evasion Moves Clause: Evasion moves are banned\n|rule|Endless Battle Clause: Forcing endless battles is banned\n|rule|HP Percentage Mod: HP is shown in percentages\n|clearpoke\n|poke|p1|Diancie|\n|poke|p1|Nidoking, M|\n|poke|p1|Umbreon, F|\n|poke|p1|Buzzwole|\n|poke|p1|Solgaleo|\n|poke|p1|Munchlax, F|\n|poke|p2|Ho-Oh|\n|poke|p2|Scizor, F|\n|poke|p2|Empoleon, M|\n|poke|p2|Dusclops, M|\n|poke|p2|Zygarde|\n|poke|p2|Cresselia, F|\n|rule|Dynamax Clause: You cannot dynamax\n|teampreview\n|html|<button name=\"send\" class=\"button\" value=\"\/timer ds\"><i class=\"fa fa-hourglass-start\"><\/i> DS Timer<\/button> <button name=\"send\" class=\"button\" value=\"\/timer smogon\"><i class=\"fa fa-hourglass-start\"><\/i> Smogon Timer<\/button>\n|c|\u2606DjezzeMwoan|glhf\n|c|\u2606DjezzeMwoan|the virgin uber user\n|c|\u2606DjezzeMwoan|the chad munchlax enjoyer\n|c|\u2606BFO Ethanol|glhf\n|c|\u2606BFO Ethanol|truuuu\n|c|\u2606BFO Ethanol|I cant remember what half this shit is\n|c|\u2606BFO Ethanol|I wont lie to you\n|\n|t:|1617824437\n|start\n|switch|p1a: Purple Reign|Nidoking, M|100\/100\n|switch|p2a: Tri feniks|Ho-Oh|100\/100\n|-ability|p2a: Tri feniks|Pressure\n|turn|1\n|c|\u2606DjezzeMwoan|lol my seets are barely finsihed\n|\n|t:|1617824446\n|move|p2a: Tri feniks|Brave Bird|p1a: Purple Reign\n|-damage|p1a: Purple Reign|0 fnt\n|-status|p2a: Tri feniks|psn|[from] ability: Poison Point|[of] p1a: Purple Reign\n|-damage|p2a: Tri feniks|72\/100 psn|[from] Recoil\n|faint|p1a: Purple Reign\n|\n|-damage|p2a: Tri feniks|60\/100 psn|[from] psn\n|upkeep\n|\n|t:|1617824452\n|switch|p1a: Queen Diamond|Diancie|100\/100\n|turn|2\n|c|\u2606DjezzeMwoan|damn\n|\n|t:|1617824461\n|switch|p2a: Keizerspenguin 1|Empoleon, M|100\/100\n|detailschange|p1a: Queen Diamond|Diancie-Mega\n|-mega|p1a: Queen Diamond|Diancie|Diancite\n|move|p1a: Queen Diamond|Diamond Storm|p2a: Keizerspenguin 1\n|-resisted|p2a: Keizerspenguin 1\n|-damage|p2a: Keizerspenguin 1|73\/100\n|\n|upkeep\n|turn|3\n|\n|t:|1617824470\n|switch|p1a: Fun't|Umbreon, F, shiny|100\/100\n|move|p2a: Keizerspenguin 1|Stealth Rock|p1a: Fun't\n|-sidestart|p1: BFO Ethanol|move: Stealth Rock\n|\n|upkeep\n|turn|4\n|c|\u2606DjezzeMwoan|battle 2 of running presssure instead of regenerator on my hooh\n|\n|t:|1617824510\n|switch|p2a: Boor Beuker|Scizor, F|100\/100\n|move|p1a: Fun't|Baton Pass|p1a: Fun't\n|\n|t:|1617824517\n|switch|p1a: DAYMAN|Solgaleo|100\/100|[from]move: Baton Pass\n|-damage|p1a: DAYMAN|94\/100|[from] Stealth Rock\n|\n|upkeep\n|turn|5\n|\n|t:|1617824523\n|switch|p2a: Ruimte penguin|Cresselia, F|100\/100\n|move|p1a: DAYMAN|Flamethrower|p2a: Ruimte penguin\n|-damage|p2a: Ruimte penguin|87\/100\n|\n|-heal|p2a: Ruimte penguin|93\/100|[from] item: Leftovers\n|upkeep\n|turn|6\n|\n|t:|1617824532\n|switch|p1a: G.O.A.T.|Munchlax, F|100\/100\n|-damage|p1a: G.O.A.T.|88\/100|[from] Stealth Rock\n|switch|p2a: Boor Beuker|Scizor, F|100\/100\n|\n|upkeep\n|turn|7\n|\n|t:|1617824540\n|switch|p1a: Swolesquito|Buzzwole|100\/100\n|-damage|p1a: Swolesquito|88\/100|[from] Stealth Rock\n|detailschange|p2a: Boor Beuker|Scizor-Mega, F\n|-mega|p2a: Boor Beuker|Scizor|Scizorite\n|move|p2a: Boor Beuker|U-turn|p1a: Swolesquito\n|-resisted|p1a: Swolesquito\n|-damage|p1a: Swolesquito|76\/100\n|\n|t:|1617824547\n|switch|p2a: Tri feniks|Ho-Oh|60\/100 psn|[from]move: U-turn\n|-ability|p2a: Tri feniks|Pressure\n|\n|-heal|p1a: Swolesquito|83\/100|[from] item: Leftovers\n|-damage|p2a: Tri feniks|47\/100 psn|[from] psn\n|upkeep\n|turn|8\n|\n|t:|1617824559\n|switch|p1a: DAYMAN|Solgaleo|94\/100\n|-damage|p1a: DAYMAN|88\/100|[from] Stealth Rock\n|move|p2a: Tri feniks|Sacred Fire|p1a: DAYMAN\n|-supereffective|p1a: DAYMAN\n|-damage|p1a: DAYMAN|0 fnt\n|faint|p1a: DAYMAN\n|\n|-damage|p2a: Tri feniks|35\/100 psn|[from] psn\n|upkeep\n|c|\u2606BFO Ethanol|oh\n|c|\u2606BFO Ethanol|lmao\n|\n|t:|1617824565\n|switch|p1a: Queen Diamond|Diancie-Mega|100\/100\n|-damage|p1a: Queen Diamond|88\/100|[from] Stealth Rock\n|turn|9\n|c|\u2606DjezzeMwoan|there is no regenerator hooh\n|c|\u2606DjezzeMwoan|-master oogway\n|\n|t:|1617824579\n|switch|p2a: Boor Beuker|Scizor-Mega, F|100\/100\n|move|p1a: Queen Diamond|Diamond Storm|p2a: Boor Beuker\n|-damage|p2a: Boor Beuker|72\/100\n|\n|upkeep\n|turn|10\n|\n|t:|1617824587\n|switch|p1a: Swolesquito|Buzzwole|83\/100\n|-damage|p1a: Swolesquito|70\/100|[from] Stealth Rock\n|move|p2a: Boor Beuker|Bullet Punch|p1a: Swolesquito\n|-damage|p1a: Swolesquito|52\/100\n|\n|-heal|p1a: Swolesquito|58\/100|[from] item: Leftovers\n|upkeep\n|turn|11\n|\n|t:|1617824595\n|move|p1a: Swolesquito|Bulk Up|p1a: Swolesquito\n|-boost|p1a: Swolesquito|atk|1\n|-boost|p1a: Swolesquito|def|1\n|move|p2a: Boor Beuker|Dual Wingbeat|p1a: Swolesquito\n|-supereffective|p1a: Swolesquito\n|-damage|p1a: Swolesquito|21\/100\n|-supereffective|p1a: Swolesquito\n|-damage|p1a: Swolesquito|0 fnt\n|-hitcount|p1a: Swolesquito|2\n|faint|p1a: Swolesquito\n|\n|upkeep\n|c|\u2606BFO Ethanol|I knew that and still did nothing about it\n|c|\u2606BFO Ethanol|hahah\n|\n|t:|1617824607\n|switch|p1a: Fun't|Umbreon, F, shiny|100\/100\n|-damage|p1a: Fun't|88\/100|[from] Stealth Rock\n|turn|12\n|\n|t:|1617824610\n|move|p2a: Boor Beuker|U-turn|p1a: Fun't\n|-supereffective|p1a: Fun't\n|-damage|p1a: Fun't|51\/100\n|c|\u2606DjezzeMwoan|chad take\n|c|\u2606BFO Ethanol|gg lol\n|\n|t:|1617824617\n|switch|p2a: Driehoek Z|Zygarde|100\/100|[from]move: U-turn\n|-ability|p2a: Driehoek Z|Aura Break\n|move|p1a: Fun't|Wish|p1a: Fun't\n|\n|-heal|p1a: Fun't|57\/100|[from] item: Leftovers\n|upkeep\n|turn|13\n|c|\u2606BFO Ethanol|I cant remember what any of this is\n|c|\u2606DjezzeMwoan|fair\n|\n|t:|1617824625\n|move|p2a: Driehoek Z|Substitute|p2a: Driehoek Z\n|-start|p2a: Driehoek Z|Substitute\n|-damage|p2a: Driehoek Z|76\/100\n|move|p1a: Fun't|Foul Play|p2a: Driehoek Z\n|-activate|p2a: Driehoek Z|move: Substitute|[damage]\n|\n|-heal|p1a: Fun't|100\/100|[from] move: Wish|[wisher] Fun't\n|-heal|p2a: Driehoek Z|82\/100|[from] item: Leftovers\n|upkeep\n|turn|14\n|\n|t:|1617824629\n|move|p2a: Driehoek Z|Toxic|p1a: Fun't\n|-status|p1a: Fun't|tox\n|-activate|p1a: Fun't|ability: Synchronize\n|-status|p2a: Driehoek Z|tox\n|move|p1a: Fun't|Foul Play|p2a: Driehoek Z\n|-end|p2a: Driehoek Z|Substitute\n|\n|-heal|p2a: Driehoek Z|88\/100 tox|[from] item: Leftovers\n|-damage|p2a: Driehoek Z|82\/100 tox|[from] psn\n|-damage|p1a: Fun't|94\/100 tox|[from] psn\n|upkeep\n|turn|15\n|c|\u2606DjezzeMwoan|what\n|c|\u2606DjezzeMwoan|it goes through sub\n|c|\u2606DjezzeMwoan|fuck\n|\n|t:|1617824641\n|switch|p2a: Boor Beuker|Scizor-Mega, F|72\/100\n|move|p1a: Fun't|Wish|p1a: Fun't\n|\n|-heal|p1a: Fun't|100\/100 tox|[from] item: Leftovers\n|-damage|p1a: Fun't|88\/100 tox|[from] psn\n|upkeep\n|turn|16\n|\n|t:|1617824651\n|switch|p1a: Queen Diamond|Diancie-Mega|88\/100\n|-damage|p1a: Queen Diamond|76\/100|[from] Stealth Rock\n|move|p2a: Boor Beuker|Roost|p2a: Boor Beuker\n|-heal|p2a: Boor Beuker|100\/100\n|-singleturn|p2a: Boor Beuker|move: Roost\n|\n|-heal|p1a: Queen Diamond|100\/100|[from] move: Wish|[wisher] Fun't\n|upkeep\n|turn|17\n|c|\u2606BFO Ethanol|boo\n|\n|t:|1617824660\n|switch|p1a: G.O.A.T.|Munchlax, F|88\/100\n|-damage|p1a: G.O.A.T.|76\/100|[from] Stealth Rock\n|move|p2a: Boor Beuker|Bullet Punch|p1a: G.O.A.T.\n|-damage|p1a: G.O.A.T.|58\/100\n|\n|upkeep\n|turn|18\n|\n|t:|1617824665\n|move|p2a: Boor Beuker|U-turn|p1a: G.O.A.T.\n|-damage|p1a: G.O.A.T.|37\/100\n|\n|t:|1617824669\n|switch|p2a: Ruimte penguin|Cresselia, F|93\/100|[from]move: U-turn\n|move|p1a: G.O.A.T.|Counter|p2a: Ruimte penguin\n|-damage|p2a: Ruimte penguin|48\/100\n|\n|-heal|p2a: Ruimte penguin|54\/100|[from] item: Leftovers\n|upkeep\n|turn|19\n|c|\u2606DjezzeMwoan|damn\n|\n|t:|1617824675\n|move|p2a: Ruimte penguin|Psychic|p1a: G.O.A.T.\n|-damage|p1a: G.O.A.T.|24\/100\n|move|p1a: G.O.A.T.|Toxic|p2a: Ruimte penguin|[miss]\n|-miss|p1a: G.O.A.T.|p2a: Ruimte penguin\n|\n|-heal|p2a: Ruimte penguin|60\/100|[from] item: Leftovers\n|upkeep\n|turn|20\n|c|\u2606DjezzeMwoan|sorry\n|\n|t:|1617824682\n|switch|p2a: Keizerspenguin 1|Empoleon, M|73\/100\n|move|p1a: G.O.A.T.|Rock Slide|p2a: Keizerspenguin 1\n|-resisted|p2a: Keizerspenguin 1\n|-damage|p2a: Keizerspenguin 1|65\/100\n|\n|upkeep\n|turn|21\n|c|\u2606BFO Ethanol|np\n|c|\u2606BFO Ethanol|lol\n|\n|t:|1617824688\n|move|p2a: Keizerspenguin 1|Scald|p1a: G.O.A.T.\n|-damage|p1a: G.O.A.T.|7\/100\n|move|p1a: G.O.A.T.|Encore|p2a: Keizerspenguin 1\n|-start|p2a: Keizerspenguin 1|Encore\n|\n|upkeep\n|turn|22\n|\n|t:|1617824691\n|switch|p1a: Fun't|Umbreon, F, shiny|88\/100 tox\n|-damage|p1a: Fun't|76\/100 tox|[from] Stealth Rock\n|move|p2a: Keizerspenguin 1|Scald|p1a: Fun't\n|-damage|p1a: Fun't|54\/100 tox\n|\n|-heal|p1a: Fun't|61\/100 tox|[from] item: Leftovers\n|-damage|p1a: Fun't|54\/100 tox|[from] psn\n|upkeep\n|turn|23\n|\n|t:|1617824696\n|switch|p2a: Boor Beuker|Scizor-Mega, F|100\/100\n|move|p1a: Fun't|Wish|p1a: Fun't\n|\n|-heal|p1a: Fun't|61\/100 tox|[from] item: Leftovers\n|-damage|p1a: Fun't|48\/100 tox|[from] psn\n|upkeep\n|turn|24\n|\n|t:|1617824701\n|move|p2a: Boor Beuker|Bullet Punch|p1a: Fun't\n|-damage|p1a: Fun't|31\/100 tox\n|move|p1a: Fun't|Foul Play|p2a: Boor Beuker\n|-damage|p2a: Boor Beuker|74\/100\n|\n|-heal|p1a: Fun't|81\/100 tox|[from] move: Wish|[wisher] Fun't\n|-heal|p1a: Fun't|87\/100 tox|[from] item: Leftovers\n|-damage|p1a: Fun't|69\/100 tox|[from] psn\n|upkeep\n|turn|25\n|\n|t:|1617824707\n|move|p2a: Boor Beuker|Bullet Punch|p1a: Fun't\n|-damage|p1a: Fun't|52\/100 tox\n|move|p1a: Fun't|Wish|p1a: Fun't\n|\n|-heal|p1a: Fun't|58\/100 tox|[from] item: Leftovers\n|-damage|p1a: Fun't|33\/100 tox|[from] psn\n|upkeep\n|turn|26\n|\n|t:|1617824711\n|move|p2a: Boor Beuker|Bullet Punch|p1a: Fun't\n|-damage|p1a: Fun't|17\/100 tox\n|move|p1a: Fun't|Foul Play|p2a: Boor Beuker\n|-crit|p2a: Boor Beuker\n|-damage|p2a: Boor Beuker|33\/100\n|\n|-heal|p1a: Fun't|66\/100 tox|[from] move: Wish|[wisher] Fun't\n|-heal|p1a: Fun't|73\/100 tox|[from] item: Leftovers\n|-damage|p1a: Fun't|42\/100 tox|[from] psn\n|upkeep\n|turn|27\n|c|\u2606DjezzeMwoan|hey\n|c|\u2606BFO Ethanol|yeah just give it all to sciz\n|c|\u2606BFO Ethanol|I wont \n|c|\u2606DjezzeMwoan|stop that\n|c|\u2606BFO Ethanol|wish any more\n|c|\u2606BFO Ethanol|lmao\n|c|\u2606DjezzeMwoan|ye np\n|\n|t:|1617824727\n|move|p2a: Boor Beuker|Roost|p2a: Boor Beuker\n|-heal|p2a: Boor Beuker|83\/100\n|-singleturn|p2a: Boor Beuker|move: Roost\n|move|p1a: Fun't|Baton Pass|p1a: Fun't\n|c|\u2606DjezzeMwoan|ill just take m\n|\n|t:|1617824729\n|switch|p1a: G.O.A.T.|Munchlax, F|7\/100|[from]move: Baton Pass\n|-damage|p1a: G.O.A.T.|0 fnt|[from] Stealth Rock\n|faint|p1a: G.O.A.T.\n|\n|upkeep\n|c|\u2606DjezzeMwoan|ggs man\n|\n|t:|1617824731\n|switch|p1a: Queen Diamond|Diancie-Mega|100\/100\n|-damage|p1a: Queen Diamond|88\/100|[from] Stealth Rock\n|turn|28\n|c|\u2606BFO Ethanol|gg\n|c|\u2606BFO Ethanol|hahahaha\n|c|\u2606DjezzeMwoan|wait\n|c|\u2606BFO Ethanol|god I cant remember anything about this\n|c|\u2606DjezzeMwoan|i was worried af\n|c|\u2606DjezzeMwoan|about diancie\n|c|\u2606DjezzeMwoan|bc of hp fire\n|c|\u2606DjezzeMwoan|but i just remembered\n|\n|t:|1617824752\n|move|p2a: Boor Beuker|Bullet Punch|p1a: Queen Diamond\n|-supereffective|p1a: Queen Diamond\n|-damage|p1a: Queen Diamond|0 fnt\n|faint|p1a: Queen Diamond\n|\n|upkeep\n|c|\u2606DjezzeMwoan|hp is gone\n|\n|t:|1617824755\n|switch|p1a: Fun't|Umbreon, F, shiny|42\/100 tox\n|-damage|p1a: Fun't|30\/100 tox|[from] Stealth Rock\n|turn|29\n|c|\u2606DjezzeMwoan|in draft\n|c|\u2606BFO Ethanol|it does get mystical fire now\n|c|\u2606BFO Ethanol|lol\n|c|\u2606BFO Ethanol|to be fair\n|\n|t:|1617824771\n|move|p2a: Boor Beuker|U-turn|p1a: Fun't\n|-supereffective|p1a: Fun't\n|-damage|p1a: Fun't|0 fnt\n|faint|p1a: Fun't\n|\n|win|DjezzeMwoan\n|c|\u2606DjezzeMwoan|o lmfao\n|c|\u2606DjezzeMwoan|in that case it is good i was scared\n|c|\u2606DjezzeMwoan|well ggs man\n","uploadtime":1617824787,"views":14,"p1id":"bfoethanol","p2id":"djezzemwoan","formatid":"gen8nationaldexdraft","rating":0,"private":0,"password":null}