{"id":"sports-gen8nationaldexdlc2draft-113289","p1":"ojr","p2":"GeniusX","format":"gen8nationaldexdlc2draft","log":"|j|\u2606ojr\n|j|\u2606GeniusX\n|player|p1|ojr|lucas-gen4pt|\n|player|p2|GeniusX|geniusx.gif|\n|teamsize|p1|6\n|teamsize|p2|6\n|gametype|singles\n|gen|8\n|tier|[Gen 8] National Dex DLC2 Draft\n|rule|Sleep Clause Mod: Limit one foe put to sleep\n|rule|OHKO Clause: OHKO moves are banned\n|rule|Evasion Moves Clause: Evasion moves are banned\n|rule|Endless Battle Clause: Forcing endless battles is banned\n|rule|HP Percentage Mod: HP is shown in percentages\n|clearpoke\n|poke|p1|Mew|\n|poke|p1|Scrafty, M|\n|poke|p1|Ferrothorn, F|\n|poke|p1|Toxapex, F|\n|poke|p1|Togekiss, M|\n|poke|p1|Druddigon, F|\n|poke|p2|Diancie|\n|poke|p2|Garchomp, F|\n|poke|p2|Ferrothorn, F|\n|poke|p2|Toxapex, M|\n|poke|p2|Rotom-Fan|\n|poke|p2|Weavile, F|\n|rule|Dynamax Clause: You cannot dynamax\n|teampreview\n|html|<button name=\"send\" class=\"button\" value=\"\/timer ds\"><i class=\"fa fa-hourglass-start\"><\/i> DS Timer<\/button> <button name=\"send\" class=\"button\" value=\"\/timer smogon\"><i class=\"fa fa-hourglass-start\"><\/i> Smogon Timer<\/button>\n|j|%mayoouran\n|c|\u2606GeniusX|hf\n|c|\u2606ojr|hf\n|j| Sensei Axew\n|j| Mac3\n|\n|start\n|switch|p1a: Druddigon|Druddigon, F|100\/100\n|switch|p2a: Diancie|Diancie|100\/100\n|turn|1\n|\n|switch|p2a: Toxapex|Toxapex, M|100\/100\n|move|p1a: Druddigon|Flash Cannon|p2a: Toxapex\n|-resisted|p2a: Toxapex\n|-damage|p2a: Toxapex|92\/100\n|\n|upkeep\n|turn|2\n|c| Sensei Axew|go jr woo!\n|inactive|Battle timer is ON: inactive players will automatically lose when time's up. (requested by GeniusX)\n|\n|switch|p1a: Toxapex|Toxapex, F|100\/100\n|move|p2a: Toxapex|Toxic|p1a: Toxapex\n|-immune|p1a: Toxapex\n|\n|upkeep\n|turn|3\n|\n|switch|p2a: Ferrothorn|Ferrothorn, F|100\/100\n|move|p1a: Toxapex|Scald|p2a: Ferrothorn\n|-resisted|p2a: Ferrothorn\n|-damage|p2a: Ferrothorn|95\/100\n|-status|p2a: Ferrothorn|brn\n|\n|-damage|p2a: Ferrothorn|89\/100 brn|[from] brn\n|upkeep\n|turn|4\n|j| toxic tyrantrums\n|inactive|ojr has 90 seconds left.\n|\n|move|p1a: Toxapex|Scald|p2a: Ferrothorn\n|-resisted|p2a: Ferrothorn\n|-damage|p2a: Ferrothorn|83\/100 brn\n|move|p2a: Ferrothorn|Stealth Rock|p1a: Toxapex\n|-sidestart|p1: ojr|move: Stealth Rock\n|\n|-damage|p2a: Ferrothorn|77\/100 brn|[from] brn\n|upkeep\n|turn|5\n|\n|move|p1a: Toxapex|Scald|p2a: Ferrothorn\n|-resisted|p2a: Ferrothorn\n|-damage|p2a: Ferrothorn|71\/100 brn\n|move|p2a: Ferrothorn|Spikes|p1a: Toxapex\n|-sidestart|p1: ojr|Spikes\n|\n|-damage|p2a: Ferrothorn|65\/100 brn|[from] brn\n|upkeep\n|turn|6\n|inactive|ojr has 90 seconds left.\n|inactive|GeniusX has 90 seconds left.\n|\n|move|p1a: Toxapex|Scald|p2a: Ferrothorn\n|-resisted|p2a: Ferrothorn\n|-damage|p2a: Ferrothorn|60\/100 brn\n|move|p2a: Ferrothorn|Spikes|p1a: Toxapex\n|-sidestart|p1: ojr|Spikes\n|\n|-damage|p2a: Ferrothorn|54\/100 brn|[from] brn\n|upkeep\n|turn|7\n|inactive|GeniusX has 90 seconds left.\n|\n|switch|p1a: Togekiss|Togekiss, M|100\/100\n|-damage|p1a: Togekiss|76\/100|[from] Stealth Rock\n|switch|p2a: Rotom|Rotom-Fan|100\/100\n|\n|upkeep\n|turn|8\n|j| SB Lux\n|inactive|GeniusX has 90 seconds left.\n|\n|move|p1a: Togekiss|Defog|p2a: Rotom\n|-unboost|p2a: Rotom|evasion|1\n|-sideend|p1: ojr|Spikes|[from] move: Defog|[of] p1a: Togekiss\n|-sideend|p1: ojr|Stealth Rock|[from] move: Defog|[of] p1a: Togekiss\n|move|p2a: Rotom|Thunderbolt|p1a: Togekiss\n|-supereffective|p1a: Togekiss\n|-damage|p1a: Togekiss|7\/100\n|\n|upkeep\n|turn|9\n|\n|switch|p1a: Ferrothorn|Ferrothorn, F|100\/100\n|move|p2a: Rotom|Nasty Plot|p2a: Rotom\n|-boost|p2a: Rotom|spa|2\n|\n|upkeep\n|turn|10\n|\n|move|p2a: Rotom|Substitute|p2a: Rotom\n|-start|p2a: Rotom|Substitute\n|-damage|p2a: Rotom|76\/100\n|move|p1a: Ferrothorn|Toxic||[still]\n|-fail|p1a: Ferrothorn\n|\n|upkeep\n|turn|11\n|\n|move|p2a: Rotom|Air Slash|p1a: Ferrothorn\n|-damage|p1a: Ferrothorn|54\/100\n|cant|p1a: Ferrothorn|flinch\n|\n|-heal|p1a: Ferrothorn|61\/100|[from] item: Leftovers\n|upkeep\n|turn|12\n|c|%mayoouran|gg\n|inactive|ojr has 90 seconds left.\n|c|\u2606ojr|?\n|inactive|ojr has 60 seconds left.\n|\n|switch|p1a: Togekiss|Togekiss, M|7\/100\n|move|p2a: Rotom|Nasty Plot|p2a: Rotom\n|-boost|p2a: Rotom|spa|2\n|\n|upkeep\n|turn|13\n|inactive|GeniusX has 90 seconds left.\n|\n|move|p1a: Togekiss|Dazzling Gleam|p2a: Rotom\n|-end|p2a: Rotom|Substitute\n|move|p2a: Rotom|Thunderbolt|p1a: Togekiss\n|-supereffective|p1a: Togekiss\n|-damage|p1a: Togekiss|0 fnt\n|faint|p1a: Togekiss\n|\n|upkeep\n|\n|switch|p1a: Druddigon|Druddigon, F|100\/100\n|turn|14\n|inactive|GeniusX has 90 seconds left.\n|\n|move|p2a: Rotom|Air Slash|p1a: Druddigon\n|-damage|p1a: Druddigon|5\/100\n|move|p1a: Druddigon|Scale Shot|p2a: Rotom\n|-damage|p2a: Rotom|65\/100\n|-damage|p2a: Rotom|53\/100\n|-damage|p2a: Rotom|40\/100\n|-hitcount|p2a: Rotom|3\n|-unboost|p1a: Druddigon|def|1\n|-boost|p1a: Druddigon|spe|1\n|\n|upkeep\n|turn|15\n|inactive|ojr has 90 seconds left.\n|inactive|GeniusX has 90 seconds left.\n|c| Sensei Axew|goat\n|c| Mac3|oh it doesnt\n|\n|switch|p2a: Toxapex|Toxapex, M|100\/100\n|move|p1a: Druddigon|Draco Meteor|p2a: Toxapex\n|-damage|p2a: Toxapex|68\/100\n|-unboost|p1a: Druddigon|spa|2\n|\n|upkeep\n|turn|16\n|c| Mac3|go -3+3\n|inactive|GeniusX has 90 seconds left.\n|\n|switch|p1a: Toxapex|Toxapex, F|100\/100\n|move|p2a: Toxapex|Knock Off|p1a: Toxapex\n|-damage|p1a: Toxapex|89\/100\n|-enditem|p1a: Toxapex|Eject Button|[from] move: Knock Off|[of] p2a: Toxapex\n|\n|upkeep\n|turn|17\n|inactive|ojr has 90 seconds left.\n|\n|switch|p1a: Scrafty|Scrafty, M|100\/100\n|-ability|p1a: Scrafty|Intimidate|boost\n|-unboost|p2a: Toxapex|atk|1\n|switch|p2a: Ferrothorn|Ferrothorn, F|54\/100 brn\n|\n|-damage|p2a: Ferrothorn|47\/100 brn|[from] brn\n|upkeep\n|turn|18\n|inactive|GeniusX has 90 seconds left.\n|\n|move|p1a: Scrafty|Substitute|p1a: Scrafty\n|-start|p1a: Scrafty|Substitute\n|-damage|p1a: Scrafty|76\/100\n|move|p2a: Ferrothorn|Toxic||[still]\n|-fail|p2a: Ferrothorn\n|\n|-heal|p1a: Scrafty|82\/100|[from] item: Leftovers\n|-damage|p2a: Ferrothorn|41\/100 brn|[from] brn\n|upkeep\n|turn|19\n|inactive|ojr has 90 seconds left.\n|inactive|GeniusX has 90 seconds left.\n|\n|switch|p2a: Toxapex|Toxapex, M|100\/100\n|move|p1a: Scrafty|Dragon Dance|p1a: Scrafty\n|-boost|p1a: Scrafty|atk|1\n|-boost|p1a: Scrafty|spe|1\n|\n|-heal|p1a: Scrafty|88\/100|[from] item: Leftovers\n|upkeep\n|turn|20\n|\n|move|p1a: Scrafty|Taunt|p2a: Toxapex\n|-start|p2a: Toxapex|move: Taunt\n|-enditem|p2a: Toxapex|Mental Herb\n|-end|p2a: Toxapex|move: Taunt\n|move|p2a: Toxapex|Haze|p2a: Toxapex\n|-clearallboost\n|\n|-heal|p1a: Scrafty|94\/100|[from] item: Leftovers\n|upkeep\n|turn|21\n|inactive|GeniusX has 90 seconds left.\n|\n|switch|p2a: Diancie|Diancie|100\/100\n|move|p1a: Scrafty|Dragon Dance|p1a: Scrafty\n|-boost|p1a: Scrafty|atk|1\n|-boost|p1a: Scrafty|spe|1\n|\n|-heal|p1a: Scrafty|99\/100|[from] item: Leftovers\n|upkeep\n|turn|22\n|\n|move|p1a: Scrafty|Drain Punch|p2a: Diancie\n|-damage|p2a: Diancie|59\/100\n|-heal|p1a: Scrafty|100\/100|[from] drain|[of] p2a: Diancie\n|move|p2a: Diancie|Moonblast|p1a: Scrafty\n|-supereffective|p1a: Scrafty\n|-end|p1a: Scrafty|Substitute\n|\n|upkeep\n|turn|23\n|inactive|ojr has 90 seconds left.\n|inactive|GeniusX has 90 seconds left.\n|c|\u2606ojr|is it not a rule that\n|c|\u2606ojr|you are forced too mega?\n|c|\u2606GeniusX|nope\n|c| toxic tyrantrums|it is\n|c| toxic tyrantrums|aint it\n|c| Sensei Axew|ya\n|c| Sensei Axew|ur not forced to meta\n|c| Sensei Axew|mega\n|inactive|ojr has 60 seconds left.\n|inactive|GeniusX has 60 seconds left.\n|c| toxic tyrantrums|thot so\n|c|\u2606ojr|oh ok then\n|\n|switch|p1a: Druddigon|Druddigon, F|5\/100\n|detailschange|p2a: Diancie|Diancie-Mega\n|-mega|p2a: Diancie|Diancie|Diancite\n|move|p2a: Diancie|Earth Power|p1a: Druddigon\n|-damage|p1a: Druddigon|0 fnt\n|faint|p1a: Druddigon\n|\n|upkeep\n|\n|switch|p1a: Ferrothorn|Ferrothorn, F|61\/100\n|turn|24\n|inactive|GeniusX has 90 seconds left.\n|\n|move|p2a: Diancie|Mystical Fire|p1a: Ferrothorn\n|-supereffective|p1a: Ferrothorn\n|-damage|p1a: Ferrothorn|0 fnt\n|faint|p1a: Ferrothorn\n|\n|upkeep\n|inactive|ojr has 90 seconds left.\n|c|\u2606ojr|what\n|c|\u2606ojr|why did I not see this\n|c|\u2606ojr|in my builder\n|c|\u2606ojr|man that sucks\n|c| Sensei Axew|uh\n|c|%mayoouran|u werent building with dlc2\n|c|\u2606GeniusX|its not its a dlc move\n|inactive|ojr has 60 seconds left.\n|\n|switch|p1a: Mew|Mew|100\/100\n|turn|25\n|c|\u2606ojr|damn\n|inactive|ojr has 90 seconds left.\n|inactive|GeniusX has 90 seconds left.\n|c|\u2606ojr|well thats bad\n|\n|move|p2a: Diancie|Moonblast|p1a: Mew\n|-damage|p1a: Mew|55\/100\n|move|p1a: Mew|Rock Polish|p1a: Mew\n|-boost|p1a: Mew|spe|2\n|\n|upkeep\n|turn|26\n|inactive|ojr has 90 seconds left.\n|inactive|GeniusX has 90 seconds left.\n|inactive|ojr has 60 seconds left.\n|inactive|GeniusX has 60 seconds left.\n|\n|move|p1a: Mew|Psyshock|p2a: Diancie\n|-damage|p2a: Diancie|8\/100\n|move|p2a: Diancie|Mystical Fire|p1a: Mew\n|-damage|p1a: Mew|30\/100\n|-unboost|p1a: Mew|spa|1\n|\n|upkeep\n|turn|27\n|\n|move|p1a: Mew|Psyshock|p2a: Diancie\n|-damage|p2a: Diancie|0 fnt\n|faint|p2a: Diancie\n|\n|upkeep\n|inactive|GeniusX has 90 seconds left.\n|\n|switch|p2a: Garchomp|Garchomp, F|100\/100\n|turn|28\n|\n|move|p1a: Mew|Psyshock|p2a: Garchomp\n|-damage|p2a: Garchomp|74\/100\n|move|p2a: Garchomp|Earthquake|p1a: Mew\n|-damage|p1a: Mew|0 fnt\n|-damage|p2a: Garchomp|64\/100|[from] item: Life Orb\n|faint|p1a: Mew\n|\n|upkeep\n|\n|switch|p1a: Scrafty|Scrafty, M|100\/100\n|-ability|p1a: Scrafty|Intimidate|boost\n|-unboost|p2a: Garchomp|atk|1\n|turn|29\n|inactive|GeniusX has 90 seconds left.\n|inactive|GeniusX has 60 seconds left.\n|\n|switch|p1a: Toxapex|Toxapex, F|100\/100\n|move|p2a: Garchomp|Swords Dance|p2a: Garchomp\n|-boost|p2a: Garchomp|atk|2\n|\n|upkeep\n|turn|30\n|\n|move|p2a: Garchomp|Earthquake|p1a: Toxapex\n|-supereffective|p1a: Toxapex\n|-damage|p1a: Toxapex|0 fnt\n|-damage|p2a: Garchomp|55\/100|[from] item: Life Orb\n|faint|p1a: Toxapex\n|\n|upkeep\n|\n|switch|p1a: Scrafty|Scrafty, M|100\/100\n|-ability|p1a: Scrafty|Intimidate|boost\n|-unboost|p2a: Garchomp|atk|1\n|turn|31\n|inactive|GeniusX has 90 seconds left.\n|\n|move|p2a: Garchomp|Swords Dance|p2a: Garchomp\n|-boost|p2a: Garchomp|atk|2\n|move|p1a: Scrafty|Drain Punch|p2a: Garchomp\n|-damage|p2a: Garchomp|28\/100\n|-damage|p1a: Scrafty|88\/100|[from] ability: Rough Skin|[of] p2a: Garchomp\n|\n|-heal|p1a: Scrafty|94\/100|[from] item: Leftovers\n|upkeep\n|turn|32\n|\n|move|p2a: Garchomp|Earthquake|p1a: Scrafty\n|-damage|p1a: Scrafty|0 fnt\n|-damage|p2a: Garchomp|18\/100|[from] item: Life Orb\n|faint|p1a: Scrafty\n|\n|win|GeniusX\n|c|\u2606GeniusX|ggg\n|c|\u2606ojr|gg ig\n|c|\u2606GeniusX|can u post\n|c|\u2606GeniusX|replay\n|c|\u2606ojr|ye\n|c|%mayoouran|what was mew set\n|c|%mayoouran|nasty plot?\n|c|\u2606ojr|yes\n|c|%mayoouran|ah ok\n|c|%mayoouran|gg\n|l| SB Lux\n|l|%mayoouran\n|l| Sensei Axew\n|l| toxic tyrantrums\n|c|\u2606ojr|it just sucks\n|c|\u2606ojr|that I didn't know it had mystical fire\n","uploadtime":1594657034,"views":52,"p1id":"ojr","p2id":"geniusx","formatid":"gen8nationaldexdlc2draft","rating":0,"private":0,"password":null}