{"id":"sports-gen8nationaldexlegacy-703494","p1":"Elon Musk Rusk","p2":"Harved","format":"gen8nationaldexlegacy","log":"|j|\u2606Elon Musk Rusk\n|j|\u2606Harved\n|t:|1659876843\n|gametype|singles\n|player|p1|Elon Musk Rusk|169|\n|player|p2|Harved|veteranf|\n|teamsize|p1|6\n|teamsize|p2|6\n|gen|8\n|tier|[Gen 8] National Dex Legacy\n|rule|Sleep Clause Mod: Limit one foe put to sleep\n|rule|OHKO Clause: OHKO moves are banned\n|rule|Evasion Moves Clause: Evasion moves are banned\n|rule|Endless Battle Clause: Forcing endless battles is banned\n|rule|HP Percentage Mod: HP is shown in percentages\n|rule|Dynamax Clause: You cannot dynamax\n|clearpoke\n|poke|p1|Celesteela|\n|poke|p1|Volcarona, M|\n|poke|p1|Garchomp, M|\n|poke|p1|Tapu Koko|\n|poke|p1|Golbat, M|\n|poke|p1|Keldeo-Resolute|\n|poke|p2|Lopunny, M|\n|poke|p2|Tyranitar, M|\n|poke|p2|Slowbro, F|\n|poke|p2|Nidoqueen, F|\n|poke|p2|Scizor, M|\n|poke|p2|Aromatisse, M|\n|teampreview\n|html|<button name=\"send\" class=\"button\" value=\"\/timer ds\"><i class=\"fa fa-hourglass-start\"><\/i> DS Timer<\/button> <button name=\"send\" class=\"button\" value=\"\/timer smogon\"><i class=\"fa fa-hourglass-start\"><\/i> Smogon Timer<\/button>\n|\n|t:|1659876892\n|start\n|switch|p1a: Celesteela|Celesteela|100\/100\n|switch|p2a: Slowbro|Slowbro, F|100\/100\n|turn|1\n|\n|t:|1659876897\n|move|p1a: Celesteela|Leech Seed|p2a: Slowbro\n|-start|p2a: Slowbro|move: Leech Seed\n|move|p2a: Slowbro|Teleport|p2a: Slowbro\n|\n|t:|1659876900\n|switch|p2a: Nidoqueen|Nidoqueen, F|100\/100|[from]move: Teleport\n|\n|upkeep\n|turn|2\n|\n|t:|1659876906\n|move|p2a: Nidoqueen|Thunderbolt|p1a: Celesteela\n|-supereffective|p1a: Celesteela\n|-damage|p1a: Celesteela|28\/100\n|move|p1a: Celesteela|Heavy Slam|p2a: Nidoqueen\n|-damage|p2a: Nidoqueen|55\/100\n|\n|-heal|p1a: Celesteela|35\/100|[from] item: Leftovers\n|upkeep\n|turn|3\n|\n|t:|1659876920\n|move|p1a: Celesteela|Protect|p1a: Celesteela\n|-singleturn|p1a: Celesteela|Protect\n|move|p2a: Nidoqueen|Dragon Tail|p1a: Celesteela\n|-activate|p1a: Celesteela|move: Protect\n|\n|-heal|p1a: Celesteela|41\/100|[from] item: Leftovers\n|upkeep\n|turn|4\n|\n|t:|1659876927\n|switch|p1a: Garchomp|Garchomp, M|100\/100\n|move|p2a: Nidoqueen|Thunderbolt|p1a: Garchomp\n|-immune|p1a: Garchomp\n|\n|upkeep\n|turn|5\n|\n|t:|1659876936\n|switch|p2a: Slowbro|Slowbro, F|100\/100\n|detailschange|p1a: Garchomp|Garchomp-Mega, M\n|-mega|p1a: Garchomp|Garchomp|Garchompite\n|move|p1a: Garchomp|Earthquake|p2a: Slowbro\n|-damage|p2a: Slowbro|65\/100\n|\n|upkeep\n|turn|6\n|\n|t:|1659876953\n|switch|p2a: Scizor|Scizor, M|100\/100\n|move|p1a: Garchomp|Draco Meteor|p2a: Scizor\n|-resisted|p2a: Scizor\n|-damage|p2a: Scizor|66\/100\n|-unboost|p1a: Garchomp|spa|2\n|\n|upkeep\n|turn|7\n|\n|t:|1659876960\n|switch|p1a: Tapu Koko|Tapu Koko|100\/100\n|-fieldstart|move: Electric Terrain|[from] ability: Electric Surge|[of] p1a: Tapu Koko\n|switch|p2a: Slowbro|Slowbro, F|98\/100\n|\n|upkeep\n|turn|8\n|\n|t:|1659876970\n|switch|p2a: Nidoqueen|Nidoqueen, F|55\/100\n|move|p1a: Tapu Koko|U-turn|p2a: Nidoqueen\n|-resisted|p2a: Nidoqueen\n|-damage|p2a: Nidoqueen|35\/100\n|\n|t:|1659876974\n|switch|p1a: Garchomp|Garchomp-Mega, M|100\/100|[from]move: U-turn\n|\n|upkeep\n|turn|9\n|\n|t:|1659876981\n|switch|p2a: Slowbro|Slowbro, F|100\/100\n|move|p1a: Garchomp|Earthquake|p2a: Slowbro\n|-damage|p2a: Slowbro|70\/100\n|\n|upkeep\n|turn|10\n|\n|t:|1659876985\n|move|p1a: Garchomp|Earthquake|p2a: Slowbro\n|-damage|p2a: Slowbro|35\/100\n|move|p2a: Slowbro|Ice Beam|p1a: Garchomp\n|-supereffective|p1a: Garchomp\n|-damage|p1a: Garchomp|12\/100\n|\n|upkeep\n|turn|11\n|\n|t:|1659876989\n|switch|p2a: Scizor|Scizor, M|66\/100\n|move|p1a: Garchomp|Fire Blast|p2a: Scizor\n|-supereffective|p2a: Scizor\n|-enditem|p2a: Scizor|Occa Berry|[eat]\n|-enditem|p2a: Scizor|Occa Berry|[weaken]\n|-damage|p2a: Scizor|0 fnt\n|faint|p2a: Scizor\n|\n|-fieldend|move: Electric Terrain\n|upkeep\n|\n|t:|1659876995\n|switch|p2a: Lopunny|Lopunny, M|100\/100\n|turn|12\n|\n|t:|1659877009\n|switch|p1a: Golbat|Golbat, M|100\/100\n|detailschange|p2a: Lopunny|Lopunny-Mega, M\n|-mega|p2a: Lopunny|Lopunny|Lopunnite\n|move|p2a: Lopunny|U-turn|p1a: Golbat\n|-resisted|p1a: Golbat\n|-damage|p1a: Golbat|95\/100\n|\n|t:|1659877019\n|switch|p2a: Tyranitar|Tyranitar, M|100\/100|[from]move: U-turn\n|-weather|Sandstorm|[from] ability: Sand Stream|[of] p2a: Tyranitar\n|\n|-weather|Sandstorm|[upkeep]\n|-damage|p1a: Golbat|88\/100|[from] Sandstorm\n|upkeep\n|turn|13\n|\n|t:|1659877022\n|switch|p1a: Keldeo|Keldeo-Resolute|100\/100\n|move|p2a: Tyranitar|Stealth Rock|p1a: Keldeo\n|-sidestart|p1: Elon Musk Rusk|move: Stealth Rock\n|\n|-weather|Sandstorm|[upkeep]\n|-damage|p1a: Keldeo|95\/100|[from] Sandstorm\n|upkeep\n|turn|14\n|\n|t:|1659877027\n|switch|p2a: Aromatisse|Aromatisse, M|100\/100\n|move|p1a: Keldeo|Flip Turn|p2a: Aromatisse\n|-damage|p2a: Aromatisse|84\/100\n|\n|t:|1659877033\n|switch|p1a: Celesteela|Celesteela|41\/100|[from]move: Flip Turn\n|-damage|p1a: Celesteela|28\/100|[from] Stealth Rock\n|\n|-weather|Sandstorm|[upkeep]\n|-damage|p2a: Aromatisse|77\/100|[from] Sandstorm\n|-heal|p1a: Celesteela|34\/100|[from] item: Leftovers\n|-heal|p2a: Aromatisse|84\/100|[from] item: Leftovers\n|upkeep\n|turn|15\n|\n|t:|1659877038\n|move|p1a: Celesteela|Leech Seed|p2a: Aromatisse\n|-start|p2a: Aromatisse|move: Leech Seed\n|move|p2a: Aromatisse|Moonblast|p1a: Celesteela\n|-resisted|p1a: Celesteela\n|-damage|p1a: Celesteela|20\/100\n|-unboost|p1a: Celesteela|spa|1\n|\n|-weather|Sandstorm|[upkeep]\n|-damage|p2a: Aromatisse|77\/100|[from] Sandstorm\n|-heal|p1a: Celesteela|26\/100|[from] item: Leftovers\n|-heal|p2a: Aromatisse|84\/100|[from] item: Leftovers\n|-damage|p2a: Aromatisse|71\/100|[from] Leech Seed|[of] p1a: Celesteela\n|-heal|p1a: Celesteela|39\/100|[silent]\n|upkeep\n|turn|16\n|\n|t:|1659877046\n|switch|p2a: Slowbro|Slowbro, F|68\/100\n|move|p1a: Celesteela|Leech Seed|p2a: Slowbro\n|-start|p2a: Slowbro|move: Leech Seed\n|\n|-weather|none\n|-heal|p1a: Celesteela|45\/100|[from] item: Leftovers\n|-damage|p2a: Slowbro|56\/100|[from] Leech Seed|[of] p1a: Celesteela\n|-heal|p1a: Celesteela|57\/100|[silent]\n|upkeep\n|turn|17\n|\n|t:|1659877055\n|move|p1a: Celesteela|Protect|p1a: Celesteela\n|-singleturn|p1a: Celesteela|Protect\n|move|p2a: Slowbro|Teleport|p2a: Slowbro\n|\n|t:|1659877057\n|switch|p2a: Nidoqueen|Nidoqueen, F|35\/100|[from]move: Teleport\n|\n|-heal|p1a: Celesteela|63\/100|[from] item: Leftovers\n|upkeep\n|turn|18\n|\n|t:|1659877064\n|switch|p1a: Golbat|Golbat, M|88\/100\n|-damage|p1a: Golbat|63\/100|[from] Stealth Rock\n|move|p2a: Nidoqueen|Thunderbolt|p1a: Golbat\n|-supereffective|p1a: Golbat\n|-damage|p1a: Golbat|16\/100\n|\n|upkeep\n|turn|19\n|\n|t:|1659877068\n|switch|p2a: Slowbro|Slowbro, F|89\/100\n|move|p1a: Golbat|Brave Bird|p2a: Slowbro\n|-damage|p2a: Slowbro|69\/100\n|-damage|p1a: Golbat|9\/100|[from] Recoil\n|\n|upkeep\n|turn|20\n|\n|t:|1659877073\n|move|p1a: Golbat|Roost|p1a: Golbat\n|-heal|p1a: Golbat|59\/100\n|-singleturn|p1a: Golbat|move: Roost\n|move|p2a: Slowbro|Teleport|p2a: Slowbro\n|\n|t:|1659877076\n|switch|p2a: Tyranitar|Tyranitar, M|100\/100|[from]move: Teleport\n|-weather|Sandstorm|[from] ability: Sand Stream|[of] p2a: Tyranitar\n|\n|-weather|Sandstorm|[upkeep]\n|-damage|p1a: Golbat|53\/100|[from] Sandstorm\n|upkeep\n|turn|21\n|\n|t:|1659877082\n|move|p1a: Golbat|Toxic|p2a: Tyranitar\n|-status|p2a: Tyranitar|tox\n|move|p2a: Tyranitar|Rock Slide|p1a: Golbat\n|-supereffective|p1a: Golbat\n|-crit|p1a: Golbat\n|-damage|p1a: Golbat|0 fnt\n|faint|p1a: Golbat\n|\n|-weather|Sandstorm|[upkeep]\n|-damage|p2a: Tyranitar|94\/100 tox|[from] psn\n|upkeep\n|\n|t:|1659877101\n|switch|p1a: Celesteela|Celesteela|63\/100\n|-damage|p1a: Celesteela|51\/100|[from] Stealth Rock\n|turn|22\n|\n|t:|1659877108\n|switch|p2a: Slowbro|Slowbro, F|100\/100\n|move|p1a: Celesteela|Leech Seed|p2a: Slowbro\n|-start|p2a: Slowbro|move: Leech Seed\n|\n|-weather|Sandstorm|[upkeep]\n|-damage|p2a: Slowbro|94\/100|[from] Sandstorm\n|-heal|p1a: Celesteela|57\/100|[from] item: Leftovers\n|-damage|p2a: Slowbro|82\/100|[from] Leech Seed|[of] p1a: Celesteela\n|-heal|p1a: Celesteela|70\/100|[silent]\n|upkeep\n|turn|23\n|\n|t:|1659877118\n|move|p1a: Celesteela|Flamethrower|p2a: Slowbro\n|-resisted|p2a: Slowbro\n|-damage|p2a: Slowbro|71\/100\n|-status|p2a: Slowbro|brn\n|move|p2a: Slowbro|Teleport|p2a: Slowbro\n|\n|t:|1659877123\n|switch|p2a: Nidoqueen|Nidoqueen, F|35\/100|[from]move: Teleport\n|\n|-weather|Sandstorm|[upkeep]\n|-heal|p1a: Celesteela|76\/100|[from] item: Leftovers\n|upkeep\n|turn|24\n|\n|t:|1659877130\n|switch|p1a: Garchomp|Garchomp-Mega, M|12\/100\n|-damage|p1a: Garchomp|6\/100|[from] Stealth Rock\n|move|p2a: Nidoqueen|Dragon Tail|p1a: Garchomp\n|-supereffective|p1a: Garchomp\n|-damage|p1a: Garchomp|0 fnt\n|faint|p1a: Garchomp\n|-damage|p2a: Nidoqueen|25\/100|[from] item: Life Orb\n|\n|-weather|none\n|upkeep\n|\n|t:|1659877137\n|switch|p1a: Keldeo|Keldeo-Resolute|95\/100\n|-damage|p1a: Keldeo|89\/100|[from] Stealth Rock\n|turn|25\n|\n|t:|1659877141\n|switch|p2a: Slowbro|Slowbro, F|100\/100 brn\n|move|p1a: Keldeo|Flip Turn|p2a: Slowbro\n|-resisted|p2a: Slowbro\n|-damage|p2a: Slowbro|96\/100 brn\n|\n|t:|1659877147\n|switch|p1a: Tapu Koko|Tapu Koko|100\/100|[from]move: Flip Turn\n|-damage|p1a: Tapu Koko|88\/100|[from] Stealth Rock\n|-fieldstart|move: Electric Terrain|[from] ability: Electric Surge|[of] p1a: Tapu Koko\n|\n|-damage|p2a: Slowbro|90\/100 brn|[from] brn\n|upkeep\n|turn|26\n|\n|t:|1659877154\n|switch|p2a: Tyranitar|Tyranitar, M|94\/100 tox\n|-weather|Sandstorm|[from] ability: Sand Stream|[of] p2a: Tyranitar\n|move|p1a: Tapu Koko|U-turn|p2a: Tyranitar\n|-supereffective|p2a: Tyranitar\n|-damage|p2a: Tyranitar|35\/100 tox\n|\n|t:|1659877159\n|switch|p1a: Keldeo|Keldeo-Resolute|89\/100|[from]move: U-turn\n|-damage|p1a: Keldeo|83\/100|[from] Stealth Rock\n|\n|-weather|Sandstorm|[upkeep]\n|-damage|p1a: Keldeo|77\/100|[from] Sandstorm\n|-damage|p2a: Tyranitar|29\/100 tox|[from] psn\n|upkeep\n|turn|27\n|\n|t:|1659877164\n|move|p1a: Keldeo|Flip Turn|p2a: Tyranitar\n|-supereffective|p2a: Tyranitar\n|-damage|p2a: Tyranitar|6\/100 tox\n|\n|t:|1659877167\n|switch|p1a: Celesteela|Celesteela|76\/100|[from]move: Flip Turn\n|-damage|p1a: Celesteela|63\/100|[from] Stealth Rock\n|move|p2a: Tyranitar|Rock Slide|p1a: Celesteela\n|-damage|p1a: Celesteela|42\/100\n|\n|-weather|Sandstorm|[upkeep]\n|-heal|p1a: Celesteela|48\/100|[from] item: Leftovers\n|-damage|p2a: Tyranitar|0 fnt|[from] psn\n|faint|p2a: Tyranitar\n|upkeep\n|\n|t:|1659877171\n|switch|p2a: Nidoqueen|Nidoqueen, F|25\/100\n|turn|28\n|\n|t:|1659877177\n|switch|p1a: Tapu Koko|Tapu Koko|88\/100\n|-damage|p1a: Tapu Koko|76\/100|[from] Stealth Rock\n|move|p2a: Nidoqueen|Thunderbolt|p1a: Tapu Koko\n|-resisted|p1a: Tapu Koko\n|-damage|p1a: Tapu Koko|37\/100\n|\n|-weather|Sandstorm|[upkeep]\n|-damage|p1a: Tapu Koko|30\/100|[from] Sandstorm\n|upkeep\n|turn|29\n|\n|t:|1659877187\n|switch|p2a: Aromatisse|Aromatisse, M|71\/100\n|move|p1a: Tapu Koko|Brave Bird|p2a: Aromatisse\n|-damage|p2a: Aromatisse|5\/100\n|-damage|p1a: Tapu Koko|2\/100|[from] Recoil\n|\n|-weather|Sandstorm|[upkeep]\n|-damage|p1a: Tapu Koko|0 fnt|[from] Sandstorm\n|-damage|p2a: Aromatisse|0 fnt|[from] Sandstorm\n|faint|p1a: Tapu Koko\n|faint|p2a: Aromatisse\n|-fieldend|move: Electric Terrain\n|upkeep\n|\n|t:|1659877196\n|switch|p1a: Keldeo|Keldeo-Resolute|77\/100\n|switch|p2a: Slowbro|Slowbro, F|100\/100 brn\n|-damage|p1a: Keldeo|71\/100|[from] Stealth Rock\n|turn|30\n|\n|t:|1659877198\n|move|p1a: Keldeo|Flip Turn|p2a: Slowbro\n|-resisted|p2a: Slowbro\n|-damage|p2a: Slowbro|96\/100 brn\n|\n|t:|1659877200\n|switch|p1a: Celesteela|Celesteela|48\/100|[from]move: Flip Turn\n|-damage|p1a: Celesteela|36\/100|[from] Stealth Rock\n|move|p2a: Slowbro|Teleport|p2a: Slowbro\n|\n|t:|1659877204\n|switch|p2a: Nidoqueen|Nidoqueen, F|25\/100|[from]move: Teleport\n|\n|-weather|none\n|-heal|p1a: Celesteela|42\/100|[from] item: Leftovers\n|upkeep\n|turn|31\n|\n|t:|1659877207\n|move|p2a: Nidoqueen|Thunderbolt|p1a: Celesteela\n|-supereffective|p1a: Celesteela\n|-damage|p1a: Celesteela|0 fnt\n|faint|p1a: Celesteela\n|\n|upkeep\n|\n|t:|1659877209\n|switch|p1a: Keldeo|Keldeo-Resolute|71\/100\n|-damage|p1a: Keldeo|65\/100|[from] Stealth Rock\n|turn|32\n|\n|t:|1659877214\n|switch|p2a: Lopunny|Lopunny-Mega, M|100\/100\n|move|p1a: Keldeo|Flip Turn|p2a: Lopunny\n|-damage|p2a: Lopunny|83\/100\n|\n|t:|1659877217\n|switch|p1a: Volcarona|Volcarona, M|100\/100|[from]move: Flip Turn\n|\n|upkeep\n|turn|33\n|\n|t:|1659877222\n|switch|p1a: Keldeo|Keldeo-Resolute|65\/100\n|-damage|p1a: Keldeo|59\/100|[from] Stealth Rock\n|move|p2a: Lopunny|Frustration|p1a: Keldeo\n|-damage|p1a: Keldeo|0 fnt\n|faint|p1a: Keldeo\n|\n|upkeep\n|\n|t:|1659877224\n|switch|p1a: Volcarona|Volcarona, M|100\/100\n|turn|34\n|\n|t:|1659877226\n|move|p2a: Lopunny|Frustration|p1a: Volcarona\n|-damage|p1a: Volcarona|33\/100\n|move|p1a: Volcarona|Quiver Dance|p1a: Volcarona\n|-boost|p1a: Volcarona|spa|1\n|-boost|p1a: Volcarona|spd|1\n|-boost|p1a: Volcarona|spe|1\n|\n|upkeep\n|turn|35\n|\n|t:|1659877234\n|move|p2a: Lopunny|Frustration|p1a: Volcarona\n|-damage|p1a: Volcarona|0 fnt\n|-status|p2a: Lopunny|brn|[from] ability: Flame Body|[of] p1a: Volcarona\n|faint|p1a: Volcarona\n|\n|win|Harved\n|c|\u2606Harved|gg\n|c|\u2606Elon Musk Rusk|why was I slower\n","uploadtime":1659877246,"views":17,"p1id":"elonmuskrusk","p2id":"harved","formatid":"gen8nationaldexlegacy","rating":0,"private":0,"password":null}