{"id":"sports-gen8nationaldexdlc2draft-138262","p1":"SpooksLite","p2":"GeniusX","format":"gen8nationaldexdlc2draft","log":"|j|\u2606SpooksLite\n|j|\u2606GeniusX\n|player|p1|SpooksLite|spookslite.png|\n|player|p2|GeniusX|geniusx.gif|\n|teamsize|p1|6\n|teamsize|p2|6\n|gametype|singles\n|gen|8\n|tier|[Gen 8] National Dex DLC2 Draft\n|rule|Sleep Clause Mod: Limit one foe put to sleep\n|rule|OHKO Clause: OHKO moves are banned\n|rule|Evasion Moves Clause: Evasion moves are banned\n|rule|Endless Battle Clause: Forcing endless battles is banned\n|rule|HP Percentage Mod: HP is shown in percentages\n|clearpoke\n|poke|p1|Arcanine, M|\n|poke|p1|Sylveon, F|\n|poke|p1|Thundurus-Therian, M|\n|poke|p1|Skarmory, F|\n|poke|p1|Rillaboom, M|\n|poke|p1|Ninetales-Alola, F|\n|poke|p2|Diancie|\n|poke|p2|Ferrothorn, F|\n|poke|p2|Garchomp, F|\n|poke|p2|Weavile, M|\n|poke|p2|Rotom-Fan|\n|poke|p2|Toxapex, M|\n|rule|Dynamax Clause: You cannot dynamax\n|teampreview\n|html|<button name=\"send\" class=\"button\" value=\"\/timer ds\"><i class=\"fa fa-hourglass-start\"><\/i> DS Timer<\/button> <button name=\"send\" class=\"button\" value=\"\/timer smogon\"><i class=\"fa fa-hourglass-start\"><\/i> Smogon Timer<\/button>\n|c|\u2606SpooksLite|gl hf\n|c|\u2606GeniusX|hf\n|inactive|Battle timer is ON: inactive players will automatically lose when time's up. (requested by GeniusX)\n|j| Pogko\n|inactive|SpooksLite has 270 seconds left.\n|j|\u203dMLT6G3 Derp\n|j| Alakazam's Caf\n|j| FistToYourDoom\n|j| CambatX\n|j| natsue1280\n|l| Alakazam's Caf\n|c| FistToYourDoom|yoooooo\n|j| killer mojo\n|c| FistToYourDoom|glhf\n|j| JD_Powerstrike\n|j| TOOXIC860\n|l| Pogko\n|inactive|SpooksLite has 240 seconds left.\n|l| CambatX\n|j| Burningdragon37\n|j| RCV Deadbolt\n|j| CambatX\n|j| Pogko\n|\n|start\n|switch|p1a: Skarmory|Skarmory, F|100\/100\n|switch|p2a: Toxapex|Toxapex, M|100\/100\n|turn|1\n|j| dumb durants\n|inactive|SpooksLite has 90 seconds left.\n|\n|switch|p2a: Rotom|Rotom-Fan|100\/100\n|move|p1a: Skarmory|Taunt|p2a: Rotom\n|-start|p2a: Rotom|move: Taunt\n|\n|upkeep\n|turn|2\n|inactive|SpooksLite has 90 seconds left.\n|inactive|GeniusX has 90 seconds left.\n|j| PikachuZappyZap\n|\n|switch|p2a: Garchomp|Garchomp, F|100\/100\n|move|p1a: Skarmory|Stealth Rock|p2a: Garchomp\n|-sidestart|p2: GeniusX|move: Stealth Rock\n|\n|upkeep\n|turn|3\n|inactive|SpooksLite has 90 seconds left.\n|l| CambatX\n|\n|switch|p1a: Sylveon|Sylveon, F, shiny|100\/100\n|move|p2a: Garchomp|Stealth Rock|p1a: Sylveon\n|-sidestart|p1: SpooksLite|move: Stealth Rock\n|\n|upkeep\n|turn|4\n|\n|switch|p2a: Toxapex|Toxapex, M|100\/100\n|-damage|p2a: Toxapex|88\/100|[from] Stealth Rock\n|move|p1a: Sylveon|Hyper Voice|p2a: Toxapex\n|-resisted|p2a: Toxapex\n|-damage|p2a: Toxapex|73\/100\n|\n|-heal|p2a: Toxapex|79\/100|[from] item: Black Sludge\n|upkeep\n|turn|5\n|inactive|SpooksLite has 90 seconds left.\n|\n|move|p1a: Sylveon|Mystical Fire|p2a: Toxapex\n|-resisted|p2a: Toxapex\n|-damage|p2a: Toxapex|72\/100\n|-unboost|p2a: Toxapex|spa|1\n|move|p2a: Toxapex|Toxic|p1a: Sylveon\n|-status|p1a: Sylveon|tox\n|\n|-heal|p2a: Toxapex|78\/100|[from] item: Black Sludge\n|-damage|p1a: Sylveon|94\/100 tox|[from] psn\n|upkeep\n|turn|6\n|j| AleYou\n|l| killer mojo\n|\n|move|p1a: Sylveon|Heal Bell|p1a: Sylveon\n|-activate|p1a: Sylveon|move: Heal Bell\n|-curestatus|p1a: Sylveon|tox|[msg]\n|move|p2a: Toxapex|Toxic|p1a: Sylveon\n|-status|p1a: Sylveon|tox\n|\n|-heal|p2a: Toxapex|85\/100|[from] item: Black Sludge\n|-damage|p1a: Sylveon|88\/100 tox|[from] psn\n|upkeep\n|turn|7\n|c| natsue1280|lmao\n|inactive|SpooksLite has 90 seconds left.\n|inactive|GeniusX has 90 seconds left.\n|\n|move|p1a: Sylveon|Heal Bell|p1a: Sylveon\n|-activate|p1a: Sylveon|move: Heal Bell\n|-curestatus|p1a: Sylveon|tox|[msg]\n|move|p2a: Toxapex|Scald|p1a: Sylveon\n|-damage|p1a: Sylveon|81\/100\n|\n|-heal|p2a: Toxapex|91\/100|[from] item: Black Sludge\n|upkeep\n|turn|8\n|c| FistToYourDoom|what a productive turn\n|inactive|SpooksLite has 90 seconds left.\n|\n|switch|p1a: Arcanine|Arcanine, M|100\/100\n|-ability|p1a: Arcanine|Intimidate|boost\n|-unboost|p2a: Toxapex|atk|1\n|move|p2a: Toxapex|Toxic|p1a: Arcanine\n|-status|p1a: Arcanine|tox\n|\n|-heal|p2a: Toxapex|97\/100|[from] item: Black Sludge\n|-damage|p1a: Arcanine|94\/100 tox|[from] psn\n|upkeep\n|turn|9\n|inactive|GeniusX has 90 seconds left.\n|c| AleYou|Animated sprite is badass\n|\n|move|p1a: Arcanine|Will-O-Wisp|p2a: Toxapex\n|-status|p2a: Toxapex|brn\n|move|p2a: Toxapex|Scald|p1a: Arcanine\n|-supereffective|p1a: Arcanine\n|-damage|p1a: Arcanine|71\/100 tox\n|\n|-heal|p2a: Toxapex|100\/100 brn|[from] item: Black Sludge\n|-damage|p1a: Arcanine|59\/100 tox|[from] psn\n|-damage|p2a: Toxapex|94\/100 brn|[from] brn\n|upkeep\n|turn|10\n|inactive|SpooksLite has 90 seconds left.\n|inactive|GeniusX has 90 seconds left.\n|j| ArctozoltCult\n|\n|move|p1a: Arcanine|Morning Sun|p1a: Arcanine\n|-heal|p1a: Arcanine|100\/100 tox\n|move|p2a: Toxapex|Toxic|p1a: Arcanine\n|-fail|p1a: Arcanine|tox\n|\n|-heal|p2a: Toxapex|100\/100 brn|[from] item: Black Sludge\n|-damage|p1a: Arcanine|82\/100 tox|[from] psn\n|-damage|p2a: Toxapex|94\/100 brn|[from] brn\n|upkeep\n|turn|11\n|\n|switch|p1a: Sylveon|Sylveon, F, shiny|81\/100\n|-damage|p1a: Sylveon|68\/100|[from] Stealth Rock\n|move|p2a: Toxapex|Scald|p1a: Sylveon\n|-damage|p1a: Sylveon|60\/100\n|-status|p1a: Sylveon|brn\n|\n|-heal|p2a: Toxapex|100\/100 brn|[from] item: Black Sludge\n|-damage|p1a: Sylveon|54\/100 brn|[from] brn\n|-damage|p2a: Toxapex|94\/100 brn|[from] brn\n|upkeep\n|turn|12\n|\n|switch|p2a: Diancie|Diancie|100\/100\n|-damage|p2a: Diancie|88\/100|[from] Stealth Rock\n|move|p1a: Sylveon|Heal Bell|p1a: Sylveon\n|-activate|p1a: Sylveon|move: Heal Bell\n|-curestatus|p1a: Sylveon|brn|[msg]\n|-curestatus|p1: Arcanine|tox|[msg]\n|\n|upkeep\n|turn|13\n|\n|move|p2a: Diancie|Calm Mind|p2a: Diancie\n|-boost|p2a: Diancie|spa|1\n|-boost|p2a: Diancie|spd|1\n|move|p1a: Sylveon|Hyper Voice|p2a: Diancie\n|-damage|p2a: Diancie|61\/100\n|\n|upkeep\n|turn|14\n|\n|detailschange|p2a: Diancie|Diancie-Mega\n|-mega|p2a: Diancie|Diancie|Diancite\n|move|p2a: Diancie|Moonblast|p1a: Sylveon\n|-damage|p1a: Sylveon|0 fnt\n|faint|p1a: Sylveon\n|\n|upkeep\n|j| CambatX\n|\n|switch|p1a: Rillaboom|Rillaboom, M, shiny|100\/100\n|-damage|p1a: Rillaboom|88\/100|[from] Stealth Rock\n|-fieldstart|move: Grassy Terrain|[from] ability: Grassy Surge|[of] p1a: Rillaboom\n|turn|15\n|\n|switch|p2a: Rotom|Rotom-Fan|100\/100\n|move|p1a: Rillaboom|Swords Dance|p1a: Rillaboom\n|-boost|p1a: Rillaboom|atk|2\n|\n|-heal|p1a: Rillaboom|94\/100|[from] Grassy Terrain\n|upkeep\n|turn|16\n|inactive|SpooksLite has 90 seconds left.\n|\n|switch|p1a: Arcanine|Arcanine, M|82\/100\n|-ability|p1a: Arcanine|Intimidate|boost\n|-unboost|p2a: Rotom|atk|1\n|move|p2a: Rotom|Air Slash|p1a: Arcanine\n|-damage|p1a: Arcanine|55\/100\n|\n|-heal|p1a: Arcanine|61\/100|[from] Grassy Terrain\n|upkeep\n|turn|17\n|inactive|SpooksLite has 90 seconds left.\n|inactive|GeniusX has 90 seconds left.\n|\n|move|p2a: Rotom|Toxic|p1a: Arcanine\n|-status|p1a: Arcanine|tox\n|move|p1a: Arcanine|Teleport|p1a: Arcanine\n|inactive|SpooksLite has 90 seconds left.\n|\n|switch|p1a: Ninetales|Ninetales-Alola, F, shiny|100\/100|[from]move: Teleport\n|-damage|p1a: Ninetales|76\/100|[from] Stealth Rock\n|-weather|Hail|[from] ability: Snow Warning|[of] p1a: Ninetales\n|\n|-weather|Hail|[upkeep]\n|-damage|p2a: Rotom|94\/100|[from] Hail\n|-heal|p1a: Ninetales|82\/100|[from] Grassy Terrain\n|upkeep\n|turn|18\n|l|\u203dMLT6G3 Derp\n|inactive|GeniusX has 90 seconds left.\n|\n|switch|p2a: Ferrothorn|Ferrothorn, F|100\/100\n|-damage|p2a: Ferrothorn|94\/100|[from] Stealth Rock\n|move|p1a: Ninetales|Nasty Plot|p1a: Ninetales\n|-boost|p1a: Ninetales|spa|2\n|\n|-weather|Hail|[upkeep]\n|-damage|p2a: Ferrothorn|88\/100|[from] Hail\n|-heal|p1a: Ninetales|88\/100|[from] Grassy Terrain\n|-heal|p2a: Ferrothorn|94\/100|[from] item: Leftovers\n|-heal|p2a: Ferrothorn|100\/100|[from] Grassy Terrain\n|upkeep\n|turn|19\n|\n|move|p1a: Ninetales|Blizzard|p2a: Ferrothorn\n|-damage|p2a: Ferrothorn|26\/100\n|-damage|p1a: Ninetales|78\/100|[from] item: Life Orb\n|move|p2a: Ferrothorn|Gyro Ball|p1a: Ninetales\n|-supereffective|p1a: Ninetales\n|-damage|p1a: Ninetales|0 fnt\n|faint|p1a: Ninetales\n|\n|-weather|Hail|[upkeep]\n|-damage|p2a: Ferrothorn|20\/100|[from] Hail\n|-heal|p2a: Ferrothorn|26\/100|[from] item: Leftovers\n|-heal|p2a: Ferrothorn|33\/100|[from] Grassy Terrain\n|-fieldend|move: Grassy Terrain\n|upkeep\n|inactive|SpooksLite has 90 seconds left.\n|\n|switch|p1a: Thundurus|Thundurus-Therian, M, shiny|100\/100\n|-damage|p1a: Thundurus|76\/100|[from] Stealth Rock\n|turn|20\n|\n|move|p1a: Thundurus|Substitute|p1a: Thundurus\n|-start|p1a: Thundurus|Substitute\n|-damage|p1a: Thundurus|51\/100\n|move|p2a: Ferrothorn|Knock Off|p1a: Thundurus\n|-end|p1a: Thundurus|Substitute\n|\n|-weather|Hail|[upkeep]\n|-damage|p1a: Thundurus|45\/100|[from] Hail\n|-damage|p2a: Ferrothorn|26\/100|[from] Hail\n|-heal|p2a: Ferrothorn|33\/100|[from] item: Leftovers\n|upkeep\n|turn|21\n|l| Pogko\n|inactive|GeniusX has 90 seconds left.\n|l| CambatX\n|\n|move|p1a: Thundurus|Substitute|p1a: Thundurus\n|-start|p1a: Thundurus|Substitute\n|-damage|p1a: Thundurus|20\/100\n|move|p2a: Ferrothorn|Knock Off|p1a: Thundurus\n|-end|p1a: Thundurus|Substitute\n|\n|-weather|none\n|-heal|p2a: Ferrothorn|39\/100|[from] item: Leftovers\n|upkeep\n|turn|22\n|\n|move|p1a: Thundurus|Incinerate|p2a: Ferrothorn\n|-supereffective|p2a: Ferrothorn\n|-damage|p2a: Ferrothorn|0 fnt\n|faint|p2a: Ferrothorn\n|\n|upkeep\n|\n|switch|p2a: Weavile|Weavile, M|100\/100\n|-ability|p2a: Weavile|Pressure\n|turn|23\n|\n|move|p2a: Weavile|Knock Off|p1a: Thundurus\n|-damage|p1a: Thundurus|0 fnt\n|-enditem|p1a: Thundurus|Expert Belt|[from] move: Knock Off|[of] p2a: Weavile\n|faint|p1a: Thundurus\n|\n|upkeep\n|\n|switch|p1a: Arcanine|Arcanine, M|61\/100 tox\n|-ability|p1a: Arcanine|Intimidate|boost\n|-unboost|p2a: Weavile|atk|1\n|turn|24\n|inactive|SpooksLite has 90 seconds left.\n|inactive|SpooksLite has 60 seconds left.\n|\n|switch|p2a: Garchomp|Garchomp, F|100\/100\n|-damage|p2a: Garchomp|94\/100|[from] Stealth Rock\n|move|p1a: Arcanine|Teleport|p1a: Arcanine\n|inactive|SpooksLite has 90 seconds left.\n|\n|switch|p1a: Rillaboom|Rillaboom, M, shiny|94\/100|[from]move: Teleport\n|-damage|p1a: Rillaboom|82\/100|[from] Stealth Rock\n|-fieldstart|move: Grassy Terrain|[from] ability: Grassy Surge|[of] p1a: Rillaboom\n|\n|-heal|p2a: Garchomp|100\/100|[from] Grassy Terrain\n|-heal|p1a: Rillaboom|88\/100|[from] Grassy Terrain\n|upkeep\n|turn|25\n|\n|move|p2a: Garchomp|Fire Blast|p1a: Rillaboom\n|-supereffective|p1a: Rillaboom\n|-crit|p1a: Rillaboom\n|-damage|p1a: Rillaboom|0 fnt\n|faint|p1a: Rillaboom\n|\n|upkeep\n|\n|switch|p1a: Arcanine|Arcanine, M|61\/100 tox\n|-ability|p1a: Arcanine|Intimidate|boost\n|-unboost|p2a: Garchomp|atk|1\n|turn|26\n|\n|move|p2a: Garchomp|Earthquake|p1a: Arcanine\n|-supereffective|p1a: Arcanine\n|-damage|p1a: Arcanine|31\/100 tox\n|move|p1a: Arcanine|Will-O-Wisp|p2a: Garchomp\n|-status|p2a: Garchomp|brn\n|\n|-heal|p1a: Arcanine|37\/100 tox|[from] Grassy Terrain\n|-damage|p2a: Garchomp|94\/100 brn|[from] brn\n|-damage|p1a: Arcanine|31\/100 tox|[from] psn\n|upkeep\n|turn|27\n|\n|switch|p2a: Diancie|Diancie-Mega|61\/100\n|-damage|p2a: Diancie|48\/100|[from] Stealth Rock\n|move|p1a: Arcanine|Morning Sun|p1a: Arcanine\n|-heal|p1a: Arcanine|81\/100 tox\n|\n|-heal|p2a: Diancie|54\/100|[from] Grassy Terrain\n|-heal|p1a: Arcanine|87\/100 tox|[from] Grassy Terrain\n|-damage|p1a: Arcanine|75\/100 tox|[from] psn\n|upkeep\n|turn|28\n|\n|switch|p1a: Skarmory|Skarmory, F|100\/100\n|-damage|p1a: Skarmory|88\/100|[from] Stealth Rock\n|move|p2a: Diancie|Power Gem|p1a: Skarmory\n|-damage|p1a: Skarmory|39\/100\n|\n|-heal|p2a: Diancie|61\/100|[from] Grassy Terrain\n|-heal|p1a: Skarmory|45\/100|[from] item: Leftovers\n|-fieldend|move: Grassy Terrain\n|upkeep\n|turn|29\n|\n|move|p2a: Diancie|Mystical Fire|p1a: Skarmory\n|-supereffective|p1a: Skarmory\n|-damage|p1a: Skarmory|0 fnt\n|faint|p1a: Skarmory\n|\n|upkeep\n|c|\u2606GeniusX|gg\n|c|\u2606SpooksLite|GG man!\n|-message|SpooksLite forfeited.\n|\n|win|GeniusX\n|l| JD_Powerstrike\n","uploadtime":1597287961,"views":130,"p1id":"spookslite","p2id":"geniusx","formatid":"gen8nationaldexdlc2draft","rating":0,"private":0,"password":null}