{"id":"sports-gen8nationaldexdlclegacy-40754","p1":"EpicBoost","p2":"Walletinspector62","format":"gen8nationaldexdlclegacy","log":"|j|\u2606EpicBoost\n|j|\u2606Walletinspector62\n|player|p1|EpicBoost|archer|\n|player|p2|Walletinspector62|170|\n|teamsize|p1|6\n|teamsize|p2|6\n|gametype|singles\n|gen|8\n|tier|[Gen 8] National Dex DLC Legacy\n|rule|Sleep Clause Mod: Limit one foe put to sleep\n|rule|Species Clause: Limit one of each Pok\u00e9mon\n|rule|OHKO Clause: OHKO moves are banned\n|rule|Evasion Moves Clause: Evasion moves are banned\n|rule|Endless Battle Clause: Forcing endless battles is banned\n|rule|HP Percentage Mod: HP is shown in percentages\n|clearpoke\n|poke|p1|Porygon2|\n|poke|p1|Marowak-Alola, F|\n|poke|p1|Blissey, F|\n|poke|p1|Aggron, F|\n|poke|p1|Slowbro, M|\n|poke|p1|Trevenant, F|\n|poke|p2|Clefable, M|\n|poke|p2|Melmetal|\n|poke|p2|Garchomp, M|\n|poke|p2|Glalie, M|\n|poke|p2|Chesnaught, F|\n|poke|p2|Mandibuzz, F|\n|rule|Dynamax Clause: You cannot dynamax\n|teampreview\n|c|\u2606Walletinspector62|Glhd\n|c|\u2606Walletinspector62|glhf\n|c|\u2606EpicBoost|u2\n|\n|start\n|switch|p1a: Trevenant|Trevenant, F|100\/100\n|switch|p2a: Chesnaught|Chesnaught, F|100\/100\n|turn|1\n|j| Queen Quince\n|\n|move|p2a: Chesnaught|Spikes|p1a: Trevenant\n|-sidestart|p1: EpicBoost|Spikes\n|move|p1a: Trevenant|Trick Room|p1a: Trevenant\n|-fieldstart|move: Trick Room|[of] p1a: Trevenant\n|\n|upkeep\n|turn|2\n|c| Queen Quince|glhf to both\n|\n|switch|p1a: Marowak|Marowak-Alola, F|100\/100\n|-damage|p1a: Marowak|88\/100|[from] Spikes\n|move|p2a: Chesnaught|Toxic|p1a: Marowak\n|-status|p1a: Marowak|tox\n|\n|-damage|p1a: Marowak|82\/100 tox|[from] psn\n|upkeep\n|turn|3\n|\n|switch|p2a: Mandibuzz|Mandibuzz, F|100\/100\n|move|p1a: Marowak|Swords Dance|p1a: Marowak\n|-boost|p1a: Marowak|atk|2\n|\n|-damage|p1a: Marowak|70\/100 tox|[from] psn\n|upkeep\n|turn|4\n|\n|move|p2a: Mandibuzz|Protect|p2a: Mandibuzz\n|-singleturn|p2a: Mandibuzz|Protect\n|move|p1a: Marowak|Flare Blitz|p2a: Mandibuzz\n|-activate|p2a: Mandibuzz|move: Protect\n|\n|-damage|p1a: Marowak|51\/100 tox|[from] psn\n|upkeep\n|turn|5\n|\n|switch|p2a: Clefable|Clefable, M|100\/100\n|move|p1a: Marowak|Flare Blitz|p2a: Clefable\n|-damage|p2a: Clefable|21\/100\n|\n|-heal|p2a: Clefable|27\/100|[from] item: Leftovers\n|-damage|p1a: Marowak|26\/100 tox|[from] psn\n|-fieldend|move: Trick Room\n|upkeep\n|turn|6\n|\n|switch|p1a: Aggron|Aggron, F|100\/100\n|-damage|p1a: Aggron|88\/100|[from] Spikes\n|move|p2a: Clefable|Protect||[still]\n|-fail|p2a: Clefable\n|\n|-heal|p2a: Clefable|33\/100|[from] item: Leftovers\n|upkeep\n|turn|7\n|\n|switch|p2a: Chesnaught|Chesnaught, F|100\/100\n|detailschange|p1a: Aggron|Aggron-Mega, F\n|-mega|p1a: Aggron|Aggron|Aggronite\n|move|p1a: Aggron|Stealth Rock|p2a: Chesnaught\n|-sidestart|p2: Walletinspector62|move: Stealth Rock\n|\n|upkeep\n|turn|8\n|\n|move|p2a: Chesnaught|Spikes|p1a: Aggron\n|-sidestart|p1: EpicBoost|Spikes\n|move|p1a: Aggron|Toxic|p2a: Chesnaught\n|-status|p2a: Chesnaught|tox\n|\n|-damage|p2a: Chesnaught|94\/100 tox|[from] psn\n|upkeep\n|turn|9\n|\n|switch|p1a: Trevenant|Trevenant, F|100\/100\n|-damage|p1a: Trevenant|84\/100|[from] Spikes\n|move|p2a: Chesnaught|Leech Seed|p1a: Trevenant\n|-immune|p1a: Trevenant\n|\n|-heal|p2a: Chesnaught|100\/100 tox|[from] item: Leftovers\n|-heal|p1a: Trevenant|90\/100|[from] item: Leftovers\n|-damage|p2a: Chesnaught|88\/100 tox|[from] psn\n|upkeep\n|turn|10\n|\n|move|p2a: Chesnaught|Toxic|p1a: Trevenant|[miss]\n|-miss|p2a: Chesnaught|p1a: Trevenant\n|move|p1a: Trevenant|Trick Room|p1a: Trevenant\n|-fieldstart|move: Trick Room|[of] p1a: Trevenant\n|\n|-heal|p1a: Trevenant|96\/100|[from] item: Leftovers\n|-heal|p2a: Chesnaught|94\/100 tox|[from] item: Leftovers\n|-damage|p2a: Chesnaught|76\/100 tox|[from] psn\n|upkeep\n|turn|11\n|\n|switch|p1a: Porygon2|Porygon2|100\/100\n|-damage|p1a: Porygon2|84\/100|[from] Spikes\n|-ability|p1a: Porygon2|Download|boost\n|-boost|p1a: Porygon2|spa|1\n|move|p2a: Chesnaught|Toxic|p1a: Porygon2\n|-status|p1a: Porygon2|tox\n|\n|-heal|p2a: Chesnaught|82\/100 tox|[from] item: Leftovers\n|-damage|p1a: Porygon2|78\/100 tox|[from] psn\n|-damage|p2a: Chesnaught|58\/100 tox|[from] psn\n|upkeep\n|turn|12\n|\n|move|p2a: Chesnaught|Spiky Shield|p2a: Chesnaught\n|-singleturn|p2a: Chesnaught|move: Protect\n|move|p1a: Porygon2|Tri Attack|p2a: Chesnaught\n|-activate|p2a: Chesnaught|move: Protect\n|\n|-heal|p2a: Chesnaught|64\/100 tox|[from] item: Leftovers\n|-damage|p1a: Porygon2|65\/100 tox|[from] psn\n|-damage|p2a: Chesnaught|34\/100 tox|[from] psn\n|upkeep\n|turn|13\n|\n|switch|p2a: Clefable|Clefable, M|33\/100\n|-damage|p2a: Clefable|21\/100|[from] Stealth Rock\n|move|p1a: Porygon2|Tri Attack|p2a: Clefable\n|-damage|p2a: Clefable|0 fnt\n|faint|p2a: Clefable\n|\n|-damage|p1a: Porygon2|47\/100 tox|[from] psn\n|upkeep\n|\n|switch|p2a: Melmetal|Melmetal|100\/100\n|-damage|p2a: Melmetal|94\/100|[from] Stealth Rock\n|turn|14\n|\n|move|p2a: Melmetal|Double Iron Bash|p1a: Porygon2\n|-damage|p1a: Porygon2|11\/100 tox\n|-damage|p1a: Porygon2|0 fnt\n|-hitcount|p1a: Porygon2|2\n|faint|p1a: Porygon2\n|\n|-fieldend|move: Trick Room\n|upkeep\n|\n|switch|p1a: Slowbro|Slowbro, M|100\/100\n|-damage|p1a: Slowbro|84\/100|[from] Spikes\n|turn|15\n|\n|move|p2a: Melmetal|Double Iron Bash|p1a: Slowbro\n|-resisted|p1a: Slowbro\n|-damage|p1a: Slowbro|63\/100\n|-damage|p2a: Melmetal|78\/100|[from] item: Rocky Helmet|[of] p1a: Slowbro\n|-resisted|p1a: Slowbro\n|-damage|p1a: Slowbro|45\/100\n|-damage|p2a: Melmetal|61\/100|[from] item: Rocky Helmet|[of] p1a: Slowbro\n|-hitcount|p1a: Slowbro|2\n|move|p1a: Slowbro|Trick Room|p1a: Slowbro\n|-fieldstart|move: Trick Room|[of] p1a: Slowbro\n|\n|upkeep\n|turn|16\n|\n|switch|p2a: Mandibuzz|Mandibuzz, F|100\/100\n|-damage|p2a: Mandibuzz|76\/100|[from] Stealth Rock\n|move|p1a: Slowbro|Slack Off|p1a: Slowbro\n|-heal|p1a: Slowbro|95\/100\n|\n|upkeep\n|turn|17\n|\n|move|p1a: Slowbro|Toxic|p2a: Mandibuzz\n|-status|p2a: Mandibuzz|tox\n|move|p2a: Mandibuzz|Toxic|p1a: Slowbro\n|-status|p1a: Slowbro|tox\n|\n|-damage|p1a: Slowbro|89\/100 tox|[from] psn\n|-damage|p2a: Mandibuzz|70\/100 tox|[from] psn\n|upkeep\n|turn|18\n|\n|switch|p1a: Blissey|Blissey, F|100\/100\n|-damage|p1a: Blissey|84\/100|[from] Spikes\n|move|p2a: Mandibuzz|Roost|p2a: Mandibuzz\n|-heal|p2a: Mandibuzz|100\/100 tox\n|-singleturn|p2a: Mandibuzz|move: Roost\n|\n|-heal|p1a: Blissey|90\/100|[from] item: Leftovers\n|-damage|p2a: Mandibuzz|88\/100 tox|[from] psn\n|upkeep\n|turn|19\n|\n|switch|p2a: Chesnaught|Chesnaught, F|34\/100 tox\n|-damage|p2a: Chesnaught|28\/100 tox|[from] Stealth Rock\n|move|p1a: Blissey|Wish|p1a: Blissey\n|\n|-heal|p1a: Blissey|96\/100|[from] item: Leftovers\n|-heal|p2a: Chesnaught|34\/100 tox|[from] item: Leftovers\n|-damage|p2a: Chesnaught|28\/100 tox|[from] psn\n|-fieldend|move: Trick Room\n|upkeep\n|turn|20\n|\n|switch|p1a: Marowak|Marowak-Alola, F|26\/100 tox\n|-damage|p1a: Marowak|10\/100 tox|[from] Spikes\n|move|p2a: Chesnaught|Spikes|p1a: Marowak\n|-sidestart|p1: EpicBoost|Spikes\n|\n|-heal|p1a: Marowak|100\/100 tox|[from] move: Wish|[wisher] Blissey\n|-heal|p2a: Chesnaught|34\/100 tox|[from] item: Leftovers\n|-damage|p2a: Chesnaught|22\/100 tox|[from] psn\n|-damage|p1a: Marowak|94\/100 tox|[from] psn\n|upkeep\n|turn|21\n|\n|switch|p1a: Trevenant|Trevenant, F|96\/100\n|-damage|p1a: Trevenant|71\/100|[from] Spikes\n|move|p2a: Chesnaught|Spiky Shield||[still]\n|-fail|p2a: Chesnaught\n|\n|-heal|p2a: Chesnaught|28\/100 tox|[from] item: Leftovers\n|-heal|p1a: Trevenant|78\/100|[from] item: Leftovers\n|-damage|p2a: Chesnaught|10\/100 tox|[from] psn\n|upkeep\n|turn|22\n|\n|switch|p2a: Melmetal|Melmetal|61\/100\n|-damage|p2a: Melmetal|55\/100|[from] Stealth Rock\n|move|p1a: Trevenant|Trick Room|p1a: Trevenant\n|-fieldstart|move: Trick Room|[of] p1a: Trevenant\n|\n|-heal|p1a: Trevenant|84\/100|[from] item: Leftovers\n|upkeep\n|turn|23\n|\n|move|p2a: Melmetal|Thunder Punch|p1a: Trevenant\n|-resisted|p1a: Trevenant\n|-damage|p1a: Trevenant|51\/100\n|move|p1a: Trevenant|Destiny Bond|p1a: Trevenant\n|-singlemove|p1a: Trevenant|Destiny Bond\n|\n|-heal|p1a: Trevenant|57\/100|[from] item: Leftovers\n|upkeep\n|turn|24\n|\n|switch|p1a: Aggron|Aggron-Mega, F|88\/100\n|-damage|p1a: Aggron|63\/100|[from] Spikes\n|move|p2a: Melmetal|Thunder Punch|p1a: Aggron\n|-damage|p1a: Aggron|41\/100\n|\n|upkeep\n|turn|25\n|\n|move|p1a: Aggron|Earthquake|p2a: Melmetal\n|-supereffective|p2a: Melmetal\n|-damage|p2a: Melmetal|24\/100\n|move|p2a: Melmetal|Thunder Punch|p1a: Aggron\n|-damage|p1a: Aggron|19\/100\n|\n|upkeep\n|turn|26\n|\n|switch|p2a: Chesnaught|Chesnaught, F|10\/100 tox\n|-damage|p2a: Chesnaught|4\/100 tox|[from] Stealth Rock\n|move|p1a: Aggron|Earthquake|p2a: Chesnaught\n|-resisted|p2a: Chesnaught\n|-crit|p2a: Chesnaught\n|-damage|p2a: Chesnaught|0 fnt\n|faint|p2a: Chesnaught\n|\n|-fieldend|move: Trick Room\n|upkeep\n|\n|switch|p2a: Garchomp|Garchomp, M|100\/100\n|-damage|p2a: Garchomp|94\/100|[from] Stealth Rock\n|turn|27\n|\n|move|p2a: Garchomp|Earthquake|p1a: Aggron\n|-supereffective|p1a: Aggron\n|-damage|p1a: Aggron|0 fnt\n|faint|p1a: Aggron\n|\n|upkeep\n|\n|switch|p1a: Slowbro|Slowbro, M|100\/100 tox\n|-damage|p1a: Slowbro|76\/100 tox|[from] Spikes\n|turn|28\n|\n|switch|p2a: Mandibuzz|Mandibuzz, F|88\/100 tox\n|-damage|p2a: Mandibuzz|63\/100 tox|[from] Stealth Rock\n|move|p1a: Slowbro|Trick Room|p1a: Slowbro\n|-fieldstart|move: Trick Room|[of] p1a: Slowbro\n|\n|-damage|p1a: Slowbro|70\/100 tox|[from] psn\n|-damage|p2a: Mandibuzz|57\/100 tox|[from] psn\n|upkeep\n|turn|29\n|\n|switch|p1a: Blissey|Blissey, F|96\/100\n|-damage|p1a: Blissey|71\/100|[from] Spikes\n|move|p2a: Mandibuzz|Roost|p2a: Mandibuzz\n|-heal|p2a: Mandibuzz|100\/100 tox\n|-singleturn|p2a: Mandibuzz|move: Roost\n|\n|-heal|p1a: Blissey|77\/100|[from] item: Leftovers\n|-damage|p2a: Mandibuzz|88\/100 tox|[from] psn\n|upkeep\n|turn|30\n|\n|switch|p2a: Garchomp|Garchomp, M|94\/100\n|-damage|p2a: Garchomp|88\/100|[from] Stealth Rock\n|move|p1a: Blissey|Seismic Toss|p2a: Garchomp\n|-damage|p2a: Garchomp|60\/100\n|-damage|p1a: Blissey|65\/100|[from] ability: Rough Skin|[of] p2a: Garchomp\n|\n|-heal|p1a: Blissey|71\/100|[from] item: Leftovers\n|upkeep\n|turn|31\n|\n|switch|p1a: Trevenant|Trevenant, F|57\/100\n|-damage|p1a: Trevenant|33\/100|[from] Spikes\n|move|p2a: Garchomp|Earthquake|p1a: Trevenant\n|-resisted|p1a: Trevenant\n|-damage|p1a: Trevenant|3\/100\n|\n|-heal|p1a: Trevenant|9\/100|[from] item: Leftovers\n|upkeep\n|turn|32\n|\n|move|p1a: Trevenant|Horn Leech|p2a: Garchomp\n|-damage|p2a: Garchomp|19\/100\n|-heal|p1a: Trevenant|29\/100|[from] drain|[of] p2a: Garchomp\n|-damage|p1a: Trevenant|16\/100|[from] ability: Rough Skin|[of] p2a: Garchomp\n|move|p2a: Garchomp|Swords Dance|p2a: Garchomp\n|-boost|p2a: Garchomp|atk|2\n|\n|-heal|p1a: Trevenant|22\/100|[from] item: Leftovers\n|-fieldend|move: Trick Room\n|upkeep\n|turn|33\n|\n|move|p2a: Garchomp|Dragon Claw|p1a: Trevenant\n|-damage|p1a: Trevenant|0 fnt\n|faint|p1a: Trevenant\n|\n|upkeep\n|\n|switch|p1a: Slowbro|Slowbro, M|100\/100 tox\n|-damage|p1a: Slowbro|76\/100 tox|[from] Spikes\n|turn|34\n|\n|move|p2a: Garchomp|Outrage|p1a: Slowbro\n|-damage|p1a: Slowbro|6\/100 tox\n|-damage|p2a: Garchomp|2\/100|[from] item: Rocky Helmet|[of] p1a: Slowbro\n|move|p1a: Slowbro|Trick Room|p1a: Slowbro\n|-fieldstart|move: Trick Room|[of] p1a: Slowbro\n|\n|-damage|p1a: Slowbro|0 fnt|[from] psn\n|faint|p1a: Slowbro\n|upkeep\n|\n|switch|p1a: Marowak|Marowak-Alola, F|94\/100 tox\n|-damage|p1a: Marowak|70\/100 tox|[from] Spikes\n|turn|35\n|\n|move|p1a: Marowak|Flare Blitz|p2a: Garchomp\n|-resisted|p2a: Garchomp\n|-damage|p2a: Garchomp|0 fnt\n|-damage|p1a: Marowak|57\/100 tox|[from] ability: Rough Skin|[of] p2a: Garchomp\n|faint|p2a: Garchomp\n|\n|-damage|p1a: Marowak|51\/100 tox|[from] psn\n|upkeep\n|\n|switch|p2a: Melmetal|Melmetal|24\/100\n|-damage|p2a: Melmetal|18\/100|[from] Stealth Rock\n|turn|36\n|\n|move|p1a: Marowak|Flare Blitz|p2a: Melmetal\n|-supereffective|p2a: Melmetal\n|-damage|p2a: Melmetal|0 fnt\n|faint|p2a: Melmetal\n|\n|-damage|p1a: Marowak|39\/100 tox|[from] psn\n|upkeep\n|\n|switch|p2a: Mandibuzz|Mandibuzz, F|88\/100 tox\n|-damage|p2a: Mandibuzz|63\/100 tox|[from] Stealth Rock\n|turn|37\n|\n|move|p2a: Mandibuzz|Protect|p2a: Mandibuzz\n|-singleturn|p2a: Mandibuzz|Protect\n|move|p1a: Marowak|Swords Dance|p1a: Marowak\n|-boost|p1a: Marowak|atk|2\n|\n|-damage|p1a: Marowak|20\/100 tox|[from] psn\n|-damage|p2a: Mandibuzz|57\/100 tox|[from] psn\n|upkeep\n|turn|38\n|\n|move|p2a: Mandibuzz|Protect||[still]\n|-fail|p2a: Mandibuzz\n|move|p1a: Marowak|Flare Blitz|p2a: Mandibuzz\n|-damage|p2a: Mandibuzz|0 fnt\n|-damage|p1a: Marowak|4\/100 tox|[from] item: Rocky Helmet|[of] p2a: Mandibuzz\n|faint|p2a: Mandibuzz\n|\n|-damage|p1a: Marowak|0 fnt|[from] psn\n|faint|p1a: Marowak\n|-fieldend|move: Trick Room\n|upkeep\n|\n|switch|p2a: Glalie|Glalie, M|100\/100\n|switch|p1a: Blissey|Blissey, F|71\/100\n|-damage|p2a: Glalie|76\/100|[from] Stealth Rock\n|-damage|p1a: Blissey|46\/100|[from] Spikes\n|turn|39\n|c|\u2606EpicBoost|gg\n|\n|detailschange|p2a: Glalie|Glalie-Mega, M\n|-mega|p2a: Glalie|Glalie|Glalitite\n|move|p2a: Glalie|Return|p1a: Blissey\n|-damage|p1a: Blissey|0 fnt\n|faint|p1a: Blissey\n|\n|win|Walletinspector62\n|c|\u2606Walletinspector62|Gg\n|l|\u2606EpicBoost\n","uploadtime":1584295304,"views":4,"p1id":"epicboost","p2id":"walletinspector62","formatid":"gen8nationaldexdlclegacy","rating":0,"private":0,"password":null}