{"id":"sports-gen8nationaldexdraft-703901","p1":"TU AMIGO","p2":"Unviabriel","format":"gen8nationaldexdraft","log":"|j|\u2606TU AMIGO\n|j|\u2606Unviabriel\n|t:|1659902668\n|gametype|singles\n|player|p1|TU AMIGO|102|\n|player|p2|Unviabriel|unviabriel.png|\n|teamsize|p1|6\n|teamsize|p2|6\n|gen|8\n|tier|[Gen 8] National Dex Draft\n|rule|Sleep Clause Mod: Limit one foe put to sleep\n|rule|OHKO Clause: OHKO moves are banned\n|rule|Evasion Moves Clause: Evasion moves are banned\n|rule|Endless Battle Clause: Forcing endless battles is banned\n|rule|HP Percentage Mod: HP is shown in percentages\n|rule|Dynamax Clause: You cannot dynamax\n|clearpoke\n|poke|p1|Victini|\n|poke|p1|Greninja, M|\n|poke|p1|Skarmory, M|\n|poke|p1|Beheeyem, F|\n|poke|p1|Rotom-Wash|\n|poke|p1|Audino, M|\n|poke|p2|Gallade, M|\n|poke|p2|Tapu Fini|\n|poke|p2|Corviknight, M|\n|poke|p2|Greninja, M|\n|poke|p2|Uxie|\n|poke|p2|Porygon|\n|teampreview\n|html|<button name=\"send\" class=\"button\" value=\"\/timer ds\"><i class=\"fa fa-hourglass-start\"><\/i> DS Timer<\/button> <button name=\"send\" class=\"button\" value=\"\/timer smogon\"><i class=\"fa fa-hourglass-start\"><\/i> Smogon Timer<\/button>\n|c|\u2606TU AMIGO|hf\n|inactive|Battle timer is ON: inactive players will automatically lose when time's up. (requested by TU AMIGO)\n|c|\u2606Unviabriel|glhf\n|j| DaBlazingSavage\n|inactive|Unviabriel has 270 seconds left.\n|\n|t:|1659902718\n|start\n|switch|p1a: Audino|Audino, M|100\/100\n|switch|p2a: Greninja|Greninja, M|100\/100\n|turn|1\n|\n|t:|1659902731\n|move|p2a: Greninja|U-turn|p1a: Audino\n|-damage|p1a: Audino|88\/100\n|j| NuePika\n|\n|t:|1659902741\n|switch|p2a: Corviknight|Corviknight, M|100\/100|[from]move: U-turn\n|move|p1a: Audino|Calm Mind|p1a: Audino\n|-boost|p1a: Audino|spa|1\n|-boost|p1a: Audino|spd|1\n|\n|upkeep\n|turn|2\n|j| De Zwijger\n|inactive|Unviabriel has 270 seconds left.\n|\n|t:|1659902767\n|move|p2a: Corviknight|U-turn|p1a: Audino\n|-damage|p1a: Audino|73\/100\n|j| slowteej\n|inactive|Unviabriel has 270 seconds left.\n|\n|t:|1659902772\n|switch|p2a: Porygon|Porygon|100\/100|[from]move: U-turn\n|move|p1a: Audino|Thunderbolt|p2a: Porygon\n|-damage|p2a: Porygon|84\/100\n|\n|upkeep\n|turn|3\n|inactive|Unviabriel has 270 seconds left.\n|\n|t:|1659902793\n|move|p1a: Audino|Hyper Voice|p2a: Porygon\n|-damage|p2a: Porygon|58\/100\n|move|p2a: Porygon|Teleport|p2a: Porygon\n|inactive|Unviabriel has 270 seconds left.\n|j| JadenKnight\n|j| Acshayan\n|inactive|Unviabriel has 240 seconds left.\n|l| JadenKnight\n|inactive|Unviabriel has 210 seconds left.\n|\n|t:|1659902870\n|switch|p2a: Gallade|Gallade, M|100\/100|[from]move: Teleport\n|\n|upkeep\n|turn|4\n|j| JadenKnight\n|\n|t:|1659902876\n|detailschange|p2a: Gallade|Gallade-Mega, M\n|-mega|p2a: Gallade|Gallade|Galladite\n|move|p2a: Gallade|Knock Off|p1a: Audino\n|-damage|p1a: Audino|34\/100\n|-enditem|p1a: Audino|Chople Berry|[from] move: Knock Off|[of] p2a: Gallade\n|move|p1a: Audino|Hyper Voice|p2a: Gallade\n|-damage|p2a: Gallade|57\/100\n|\n|upkeep\n|turn|5\n|inactive|Unviabriel has 210 seconds left.\n|\n|t:|1659902894\n|switch|p1a: Skarmory|Skarmory, M|100\/100\n|move|p2a: Gallade|Close Combat|p1a: Skarmory\n|-damage|p1a: Skarmory|54\/100\n|-unboost|p2a: Gallade|def|1\n|-unboost|p2a: Gallade|spd|1\n|-damage|p2a: Gallade|41\/100|[from] item: Rocky Helmet|[of] p1a: Skarmory\n|-ability|p1a: Skarmory|Weak Armor|boost\n|-unboost|p1a: Skarmory|def|1\n|-boost|p1a: Skarmory|spe|2\n|\n|upkeep\n|turn|6\n|inactive|Unviabriel has 210 seconds left.\n|\n|t:|1659902908\n|switch|p2a: Uxie|Uxie|100\/100\n|move|p1a: Skarmory|Stealth Rock|p2a: Uxie\n|-sidestart|p2: Unviabriel|move: Stealth Rock\n|\n|upkeep\n|turn|7\n|l| JadenKnight\n|inactive|Unviabriel has 210 seconds left.\n|\n|t:|1659902919\n|move|p1a: Skarmory|Taunt|p2a: Uxie\n|-start|p2a: Uxie|move: Taunt\n|cant|p2a: Uxie|move: Taunt|Stealth Rock\n|\n|upkeep\n|turn|8\n|inactive|Unviabriel has 210 seconds left.\n|j| JadenKnight\n|\n|t:|1659902929\n|move|p1a: Skarmory|Roost|p1a: Skarmory\n|-heal|p1a: Skarmory|100\/100\n|-singleturn|p1a: Skarmory|move: Roost\n|move|p2a: Uxie|U-turn|p1a: Skarmory\n|-resisted|p1a: Skarmory\n|-damage|p1a: Skarmory|95\/100\n|-damage|p2a: Uxie|84\/100|[from] item: Rocky Helmet|[of] p1a: Skarmory\n|-ability|p1a: Skarmory|Weak Armor|boost\n|-unboost|p1a: Skarmory|def|1\n|-boost|p1a: Skarmory|spe|2\n|inactive|Unviabriel has 180 seconds left.\n|\n|t:|1659902973\n|switch|p2a: Greninja|Greninja, M|100\/100|[from]move: U-turn\n|-damage|p2a: Greninja|88\/100|[from] Stealth Rock\n|\n|upkeep\n|turn|9\n|\n|t:|1659902982\n|switch|p1a: Rotom|Rotom-Wash|100\/100\n|move|p2a: Greninja|Hydro Pump|p1a: Rotom\n|-resisted|p1a: Rotom\n|-damage|p1a: Rotom|73\/100\n|\n|-heal|p1a: Rotom|79\/100|[from] item: Leftovers\n|upkeep\n|turn|10\n|\n|t:|1659902998\n|switch|p2a: Porygon|Porygon|58\/100\n|-damage|p2a: Porygon|46\/100|[from] Stealth Rock\n|move|p1a: Rotom|Volt Switch|p2a: Porygon\n|-damage|p2a: Porygon|30\/100\n|j| KingofKrook\n|inactive|TU AMIGO has 270 seconds left.\n|\n|t:|1659903026\n|switch|p1a: Victini|Victini|100\/100|[from]move: Volt Switch\n|\n|upkeep\n|turn|11\n|inactive|Unviabriel has 180 seconds left.\n|\n|t:|1659903051\n|switch|p2a: Uxie|Uxie|84\/100\n|-damage|p2a: Uxie|71\/100|[from] Stealth Rock\n|move|p1a: Victini|Blue Flare|p2a: Uxie\n|-damage|p2a: Uxie|25\/100\n|-status|p2a: Uxie|brn\n|\n|-damage|p2a: Uxie|18\/100 brn|[from] brn\n|upkeep\n|turn|12\n|j| Just Achor\n|inactive|Unviabriel has 180 seconds left.\n|inactive|TU AMIGO has 270 seconds left.\n|\n|t:|1659903076\n|move|p1a: Victini|Thunderbolt|p2a: Uxie\n|-damage|p2a: Uxie|0 fnt\n|faint|p2a: Uxie\n|\n|upkeep\n|inactive|Unviabriel has 180 seconds left.\n|\n|t:|1659903095\n|switch|p2a: Greninja|Greninja, M|88\/100\n|-damage|p2a: Greninja|76\/100|[from] Stealth Rock\n|turn|13\n|inactive|TU AMIGO has 270 seconds left.\n|inactive|Unviabriel has 150 seconds left.\n|\n|t:|1659903129\n|switch|p1a: Audino|Audino, M|68\/100\n|move|p2a: Greninja|Dark Pulse|p1a: Audino\n|-damage|p1a: Audino|24\/100\n|\n|upkeep\n|turn|14\n|inactive|TU AMIGO has 240 seconds left.\n|\n|t:|1659903164\n|move|p2a: Greninja|Dark Pulse|p1a: Audino\n|-damage|p1a: Audino|0 fnt\n|faint|p1a: Audino\n|\n|upkeep\n|\n|t:|1659903166\n|switch|p1a: Rotom|Rotom-Wash|79\/100\n|turn|15\n|\n|t:|1659903181\n|switch|p2a: Porygon|Porygon|30\/100\n|-damage|p2a: Porygon|17\/100|[from] Stealth Rock\n|move|p1a: Rotom|Volt Switch|p2a: Porygon\n|-damage|p2a: Porygon|1\/100\n|\n|t:|1659903191\n|switch|p1a: Victini|Victini|100\/100|[from]move: Volt Switch\n|\n|upkeep\n|turn|16\n|\n|t:|1659903196\n|move|p1a: Victini|Flame Charge|p2a: Porygon\n|-damage|p2a: Porygon|0 fnt\n|-boost|p1a: Victini|spe|1\n|faint|p2a: Porygon\n|\n|upkeep\n|inactive|Unviabriel has 150 seconds left.\n|inactive|Unviabriel has 120 seconds left.\n|c|\u2606TU AMIGO|any clickers\n|\n|t:|1659903264\n|switch|p2a: Tapu Fini|Tapu Fini|100\/100\n|-damage|p2a: Tapu Fini|88\/100|[from] Stealth Rock\n|-fieldstart|move: Misty Terrain|[from] ability: Misty Surge|[of] p2a: Tapu Fini\n|turn|17\n|\n|t:|1659903271\n|move|p1a: Victini|Thunderbolt|p2a: Tapu Fini\n|-supereffective|p2a: Tapu Fini\n|-damage|p2a: Tapu Fini|44\/100\n|move|p2a: Tapu Fini|Calm Mind|p2a: Tapu Fini\n|-boost|p2a: Tapu Fini|spa|1\n|-boost|p2a: Tapu Fini|spd|1\n|\n|-heal|p2a: Tapu Fini|50\/100|[from] item: Leftovers\n|upkeep\n|turn|18\n|inactive|Unviabriel has 90 seconds left.\n|inactive|Unviabriel has 60 seconds left.\n|\n|t:|1659903336\n|move|p1a: Victini|Thunderbolt|p2a: Tapu Fini\n|-supereffective|p2a: Tapu Fini\n|-damage|p2a: Tapu Fini|21\/100\n|move|p2a: Tapu Fini|Draining Kiss|p1a: Victini\n|-resisted|p1a: Victini\n|-damage|p1a: Victini|89\/100\n|-heal|p2a: Tapu Fini|30\/100|[from] drain|[of] p1a: Victini\n|\n|-heal|p2a: Tapu Fini|37\/100|[from] item: Leftovers\n|upkeep\n|turn|19\n|l| NuePika\n|inactive|Unviabriel has 60 seconds left.\n|\n|t:|1659903344\n|move|p1a: Victini|Thunderbolt|p2a: Tapu Fini\n|-supereffective|p2a: Tapu Fini\n|-damage|p2a: Tapu Fini|9\/100\n|move|p2a: Tapu Fini|Surf|p1a: Victini\n|-supereffective|p1a: Victini\n|-damage|p1a: Victini|3\/100\n|-enditem|p1a: Victini|Weakness Policy\n|-boost|p1a: Victini|atk|2|[from] item: Weakness Policy\n|-boost|p1a: Victini|spa|2|[from] item: Weakness Policy\n|\n|-heal|p2a: Tapu Fini|15\/100|[from] item: Leftovers\n|upkeep\n|turn|20\n|inactive|Unviabriel has 60 seconds left.\n|c| Just Achor|Tremono can I kiss you?\n|\n|t:|1659903361\n|move|p1a: Victini|Thunderbolt|p2a: Tapu Fini\n|-supereffective|p2a: Tapu Fini\n|-damage|p2a: Tapu Fini|0 fnt\n|faint|p2a: Tapu Fini\n|\n|upkeep\n|\n|t:|1659903365\n|switch|p2a: Greninja|Greninja, M|76\/100\n|-damage|p2a: Greninja|64\/100|[from] Stealth Rock\n|turn|21\n|\n|t:|1659903372\n|move|p2a: Greninja|Water Shuriken|p1a: Victini\n|-supereffective|p1a: Victini\n|-damage|p1a: Victini|0 fnt\n|faint|p1a: Victini\n|-hitcount|p1: Victini|1\n|\n|-fieldend|Misty Terrain\n|upkeep\n|c|\u2606TU AMIGO|no lol\n|c| Just Achor|Gei\n|inactive|TU AMIGO has 240 seconds left.\n|\n|t:|1659903409\n|switch|p1a: Rotom|Rotom-Wash|79\/100\n|turn|22\n|\n|t:|1659903424\n|switch|p2a: Corviknight|Corviknight, M|100\/100\n|-damage|p2a: Corviknight|88\/100|[from] Stealth Rock\n|move|p1a: Rotom|Volt Switch|p2a: Corviknight\n|-supereffective|p2a: Corviknight\n|-damage|p2a: Corviknight|46\/100\n|inactive|TU AMIGO has 240 seconds left.\n|inactive|TU AMIGO has 210 seconds left.\n|\n|t:|1659903478\n|switch|p1a: Beheeyem|Beheeyem, F|100\/100|[from]move: Volt Switch\n|\n|upkeep\n|turn|23\n|j| NuePika\n|c|\u2606TU AMIGO|this is weakness policy\n|c|\u2606TU AMIGO|do NOT uturn me\n|\n|t:|1659903502\n|move|p2a: Corviknight|Brave Bird|p1a: Beheeyem\n|-damage|p1a: Beheeyem|60\/100\n|-damage|p2a: Corviknight|34\/100|[from] Recoil\n|move|p1a: Beheeyem|Trick Room|p1a: Beheeyem\n|-fieldstart|move: Trick Room|[of] p1a: Beheeyem\n|\n|upkeep\n|turn|24\n|c| Just Achor|Se viene\n|\n|t:|1659903512\n|move|p1a: Beheeyem|Thunderbolt|p2a: Corviknight\n|-supereffective|p2a: Corviknight\n|-damage|p2a: Corviknight|0 fnt\n|faint|p2a: Corviknight\n|\n|upkeep\n|l| NuePika\n|l| KingofKrook\n|inactive|Unviabriel has 60 seconds left.\n|l| DaBlazingSavage\n|inactive|Unviabriel has 30 seconds left.\n|inactive|Unviabriel has 20 seconds left.\n|inactive|Unviabriel has 15 seconds left.\n|\n|t:|1659903573\n|switch|p2a: Greninja|Greninja, M|64\/100\n|-damage|p2a: Greninja|51\/100|[from] Stealth Rock\n|turn|25\n|inactive|Unviabriel has 25 seconds left this turn.\n|\n|t:|1659903577\n|move|p2a: Greninja|Water Shuriken|p1a: Beheeyem\n|-crit|p1a: Beheeyem\n|-damage|p1a: Beheeyem|45\/100\n|-damage|p1a: Beheeyem|35\/100\n|-damage|p1a: Beheeyem|25\/100\n|-damage|p1a: Beheeyem|14\/100\n|-hitcount|p1a: Beheeyem|4\n|move|p1a: Beheeyem|Thunderbolt|p2a: Greninja\n|-supereffective|p2a: Greninja\n|-damage|p2a: Greninja|0 fnt\n|faint|p2a: Greninja\n|\n|upkeep\n|inactive|Unviabriel has 30 seconds left this turn.\n|j| NuePika\n|-message|Unviabriel forfeited.\n|\n|win|TU AMIGO\n|inactive|Unviabriel has 30 seconds left this turn.\n|l|\u2606Unviabriel\n|c|\u2606TU AMIGO|gg!\n|c|\u2606TU AMIGO|lol\n|c| Just Achor|Jeje\n","uploadtime":1659903592,"views":63,"p1id":"tuamigo","p2id":"unviabriel","formatid":"gen8nationaldexdraft","rating":0,"private":0,"password":null}