{"id":"sports-gen8nationaldexdraft-385382","p1":"DjezzeMwoan","p2":"Qmos","format":"gen8nationaldexdraft","log":"|j|\u2606DjezzeMwoan\n|j|\u2606Qmos\n|t:|1618163549\n|player|p1|DjezzeMwoan|52|\n|player|p2|Qmos|cynthia-gen4|\n|teamsize|p1|6\n|teamsize|p2|6\n|gametype|singles\n|gen|8\n|tier|[Gen 8] National Dex Draft\n|rule|Sleep Clause Mod: Limit one foe put to sleep\n|rule|OHKO Clause: OHKO moves are banned\n|rule|Evasion Moves Clause: Evasion moves are banned\n|rule|Endless Battle Clause: Forcing endless battles is banned\n|rule|HP Percentage Mod: HP is shown in percentages\n|clearpoke\n|poke|p1|Empoleon, M|\n|poke|p1|Blissey, F|\n|poke|p1|Scizor, F|\n|poke|p1|Tapu Bulu|\n|poke|p1|Zygarde|\n|poke|p1|Drapion, F|\n|poke|p2|Palkia|\n|poke|p2|Rotom-Heat|\n|poke|p2|Piloswine, F|\n|poke|p2|Urshifu-*, M|\n|poke|p2|Vaporeon, M|\n|poke|p2|Metagross|\n|rule|Dynamax Clause: You cannot dynamax\n|teampreview\n|html|<button name=\"send\" class=\"button\" value=\"\/timer ds\"><i class=\"fa fa-hourglass-start\"><\/i> DS Timer<\/button> <button name=\"send\" class=\"button\" value=\"\/timer smogon\"><i class=\"fa fa-hourglass-start\"><\/i> Smogon Timer<\/button>\n|c|\u2606DjezzeMwoan|glhf\n|c|\u2606Qmos|glhf :D\n|c|\u2606DjezzeMwoan|glhf\n|\n|t:|1618163595\n|start\n|switch|p1a: Oogsten|Tapu Bulu|100\/100\n|switch|p2a: Metagross|Metagross|100\/100\n|-fieldstart|move: Grassy Terrain|[from] ability: Grassy Surge|[of] p1a: Oogsten\n|turn|1\n|\n|t:|1618163612\n|switch|p1a: Boor Beuker|Scizor, F|100\/100\n|detailschange|p2a: Metagross|Metagross-Mega\n|-mega|p2a: Metagross|Metagross|Metagrossite\n|move|p2a: Metagross|Meteor Mash|p1a: Boor Beuker\n|-resisted|p1a: Boor Beuker\n|-damage|p1a: Boor Beuker|75\/100\n|-boost|p2a: Metagross|atk|1\n|\n|-heal|p1a: Boor Beuker|81\/100|[from] Grassy Terrain\n|upkeep\n|turn|2\n|\n|t:|1618163625\n|switch|p2a: Rotom|Rotom-Heat|100\/100\n|detailschange|p1a: Boor Beuker|Scizor-Mega, F\n|-mega|p1a: Boor Beuker|Scizor|Scizorite\n|move|p1a: Boor Beuker|Swords Dance|p1a: Boor Beuker\n|-boost|p1a: Boor Beuker|atk|2\n|\n|-heal|p1a: Boor Beuker|87\/100|[from] Grassy Terrain\n|upkeep\n|turn|3\n|\n|t:|1618163630\n|switch|p1a: Driehoek Z|Zygarde|100\/100\n|-ability|p1a: Driehoek Z|Aura Break\n|move|p2a: Rotom|Will-O-Wisp|p1a: Driehoek Z\n|-status|p1a: Driehoek Z|brn\n|\n|-damage|p1a: Driehoek Z|94\/100 brn|[from] brn\n|upkeep\n|turn|4\n|\n|t:|1618163638\n|switch|p2a: Piloswine|Piloswine, F|100\/100\n|switch|p1a: Oogsten|Tapu Bulu|100\/100\n|\n|upkeep\n|turn|5\n|\n|t:|1618163646\n|switch|p2a: Rotom|Rotom-Heat|100\/100\n|move|p1a: Oogsten|Leech Seed|p2a: Rotom\n|-start|p2a: Rotom|move: Leech Seed\n|\n|-fieldend|move: Grassy Terrain\n|-damage|p2a: Rotom|88\/100|[from] Leech Seed|[of] p1a: Oogsten\n|upkeep\n|turn|6\n|\n|t:|1618163656\n|move|p1a: Oogsten|Protect|p1a: Oogsten\n|-singleturn|p1a: Oogsten|Protect\n|move|p2a: Rotom|Overheat|p1a: Oogsten\n|-activate|p1a: Oogsten|move: Protect\n|\n|-damage|p2a: Rotom|75\/100|[from] Leech Seed|[of] p1a: Oogsten\n|upkeep\n|turn|7\n|\n|t:|1618163660\n|switch|p2a: Metagross|Metagross-Mega|100\/100\n|switch|p1a: Driehoek Z|Zygarde|94\/100 brn\n|-ability|p1a: Driehoek Z|Aura Break\n|\n|-heal|p1a: Driehoek Z|100\/100 brn|[from] item: Leftovers\n|-damage|p1a: Driehoek Z|94\/100 brn|[from] brn\n|upkeep\n|turn|8\n|\n|t:|1618163665\n|switch|p1a: Boor Beuker|Scizor-Mega, F|87\/100\n|move|p2a: Metagross|Ice Punch|p1a: Boor Beuker\n|-resisted|p1a: Boor Beuker\n|-damage|p1a: Boor Beuker|75\/100\n|\n|upkeep\n|turn|9\n|\n|t:|1618163671\n|switch|p2a: Rotom|Rotom-Heat|75\/100\n|move|p1a: Boor Beuker|U-turn|p2a: Rotom\n|-resisted|p2a: Rotom\n|-damage|p2a: Rotom|58\/100\n|\n|t:|1618163675\n|switch|p1a: Jack Wallside|Blissey, F|100\/100|[from]move: U-turn\n|\n|upkeep\n|turn|10\n|\n|t:|1618163679\n|move|p2a: Rotom|Pain Split|p1a: Jack Wallside\n|-sethp|p1a: Jack Wallside|63\/100|[from] move: Pain Split|[silent]\n|-sethp|p2a: Rotom|100\/100|[from] move: Pain Split\n|move|p1a: Jack Wallside|Seismic Toss|p2a: Rotom\n|-damage|p2a: Rotom|68\/100\n|\n|-heal|p1a: Jack Wallside|69\/100|[from] item: Leftovers\n|upkeep\n|turn|11\n|\n|t:|1618163683\n|move|p2a: Rotom|Pain Split|p1a: Jack Wallside\n|-sethp|p1a: Jack Wallside|49\/100|[from] move: Pain Split|[silent]\n|-sethp|p2a: Rotom|100\/100|[from] move: Pain Split\n|move|p1a: Jack Wallside|Toxic|p2a: Rotom\n|-status|p2a: Rotom|tox\n|\n|-heal|p1a: Jack Wallside|55\/100|[from] item: Leftovers\n|-damage|p2a: Rotom|94\/100 tox|[from] psn\n|upkeep\n|turn|12\n|\n|t:|1618163687\n|move|p2a: Rotom|Volt Switch|p1a: Jack Wallside\n|-damage|p1a: Jack Wallside|45\/100\n|\n|t:|1618163689\n|switch|p2a: Urshifu|Urshifu, M|100\/100|[from]move: Volt Switch\n|move|p1a: Jack Wallside|Wish|p1a: Jack Wallside\n|\n|-heal|p1a: Jack Wallside|51\/100|[from] item: Leftovers\n|upkeep\n|turn|13\n|\n|t:|1618163694\n|switch|p1a: Super Uppercut|Drapion, F|100\/100\n|move|p2a: Urshifu|Bulk Up|p2a: Urshifu\n|-boost|p2a: Urshifu|atk|1\n|-boost|p2a: Urshifu|def|1\n|\n|upkeep\n|turn|14\n|\n|t:|1618163699\n|move|p2a: Urshifu|Close Combat|p1a: Super Uppercut\n|-damage|p1a: Super Uppercut|39\/100\n|-unboost|p2a: Urshifu|def|1\n|-unboost|p2a: Urshifu|spd|1\n|move|p1a: Super Uppercut|Poison Jab|p2a: Urshifu\n|-crit|p2a: Urshifu\n|-damage|p2a: Urshifu|65\/100\n|\n|-heal|p2a: Urshifu|71\/100|[from] item: Leftovers\n|-heal|p1a: Super Uppercut|45\/100|[from] item: Leftovers\n|upkeep\n|turn|15\n|\n|t:|1618163705\n|move|p2a: Urshifu|Close Combat|p1a: Super Uppercut\n|-damage|p1a: Super Uppercut|0 fnt\n|-unboost|p2a: Urshifu|def|1\n|-unboost|p2a: Urshifu|spd|1\n|faint|p1a: Super Uppercut\n|\n|-heal|p2a: Urshifu|78\/100|[from] item: Leftovers\n|upkeep\n|c|\u2606DjezzeMwoan|damn\n|c|\u2606DjezzeMwoan|a crit only did 35\n|c|\u2606Qmos|they really fucked up giving drapion like no attack\n|c|\u2606DjezzeMwoan|ye lol\n|\n|t:|1618163756\n|switch|p1a: Oogsten|Tapu Bulu|100\/100\n|-fieldstart|move: Grassy Terrain|[from] ability: Grassy Surge|[of] p1a: Oogsten\n|turn|16\n|c|\u2606Qmos|base 90 is stupid\n|\n|t:|1618163763\n|move|p2a: Urshifu|Poison Jab|p1a: Oogsten\n|-supereffective|p1a: Oogsten\n|-enditem|p1a: Oogsten|Kebia Berry|[eat]\n|-enditem|p1a: Oogsten|Kebia Berry|[weaken]\n|-damage|p1a: Oogsten|50\/100\n|-status|p1a: Oogsten|psn\n|move|p1a: Oogsten|Dazzling Gleam|p2a: Urshifu\n|-supereffective|p2a: Urshifu\n|-damage|p2a: Urshifu|0 fnt\n|faint|p2a: Urshifu\n|\n|-heal|p1a: Oogsten|56\/100 psn|[from] Grassy Terrain\n|-damage|p1a: Oogsten|44\/100 psn|[from] psn\n|upkeep\n|c|\u2606DjezzeMwoan|ye ik\n|c|\u2606DjezzeMwoan|oof rip\n|\n|t:|1618163780\n|switch|p2a: Metagross|Metagross-Mega|100\/100\n|turn|17\n|\n|t:|1618163785\n|switch|p1a: Boor Beuker|Scizor-Mega, F|75\/100\n|move|p2a: Metagross|Meteor Mash|p1a: Boor Beuker\n|-resisted|p1a: Boor Beuker\n|-damage|p1a: Boor Beuker|56\/100\n|\n|-heal|p1a: Boor Beuker|62\/100|[from] Grassy Terrain\n|upkeep\n|turn|18\n|\n|t:|1618163790\n|switch|p2a: Rotom|Rotom-Heat|94\/100 tox\n|move|p1a: Boor Beuker|U-turn|p2a: Rotom\n|-resisted|p2a: Rotom\n|-damage|p2a: Rotom|77\/100 tox\n|\n|t:|1618163793\n|switch|p1a: Jack Wallside|Blissey, F|51\/100|[from]move: U-turn\n|\n|-heal|p1a: Jack Wallside|57\/100|[from] Grassy Terrain\n|-heal|p1a: Jack Wallside|63\/100|[from] item: Leftovers\n|-damage|p2a: Rotom|71\/100 tox|[from] psn\n|upkeep\n|turn|19\n|\n|t:|1618163796\n|move|p2a: Rotom|Pain Split|p1a: Jack Wallside\n|-sethp|p1a: Jack Wallside|47\/100|[from] move: Pain Split|[silent]\n|-sethp|p2a: Rotom|100\/100 tox|[from] move: Pain Split\n|move|p1a: Jack Wallside|Wish|p1a: Jack Wallside\n|\n|-heal|p1a: Jack Wallside|53\/100|[from] Grassy Terrain\n|-heal|p1a: Jack Wallside|59\/100|[from] item: Leftovers\n|-damage|p2a: Rotom|88\/100 tox|[from] psn\n|upkeep\n|turn|20\n|\n|t:|1618163800\n|move|p2a: Rotom|Volt Switch|p1a: Jack Wallside\n|-damage|p1a: Jack Wallside|50\/100\n|\n|t:|1618163807\n|switch|p2a: Metagross|Metagross-Mega|100\/100|[from]move: Volt Switch\n|move|p1a: Jack Wallside|Toxic|p2a: Metagross\n|-immune|p2a: Metagross\n|\n|-heal|p1a: Jack Wallside|99\/100|[from] move: Wish|[wisher] Jack Wallside\n|-heal|p1a: Jack Wallside|100\/100|[from] Grassy Terrain\n|-fieldend|move: Grassy Terrain\n|upkeep\n|turn|21\n|\n|t:|1618163813\n|switch|p2a: Palkia|Palkia|100\/100\n|-ability|p2a: Palkia|Pressure\n|switch|p1a: Boor Beuker|Scizor-Mega, F|62\/100\n|\n|upkeep\n|turn|22\n|\n|t:|1618163821\n|switch|p1a: Keizerspenguin 1|Empoleon, M|100\/100\n|move|p2a: Palkia|Spacial Rend|p1a: Keizerspenguin 1\n|-resisted|p1a: Keizerspenguin 1\n|-damage|p1a: Keizerspenguin 1|74\/100\n|\n|-heal|p1a: Keizerspenguin 1|80\/100|[from] item: Leftovers\n|upkeep\n|turn|23\n|\n|t:|1618163828\n|switch|p2a: Vaporeon|Vaporeon, M|100\/100\n|move|p1a: Keizerspenguin 1|Stealth Rock|p2a: Vaporeon\n|-sidestart|p2: Qmos|move: Stealth Rock\n|\n|-heal|p1a: Keizerspenguin 1|86\/100|[from] item: Leftovers\n|upkeep\n|turn|24\n|\n|t:|1618163832\n|move|p2a: Vaporeon|Wish|p2a: Vaporeon\n|move|p1a: Keizerspenguin 1|Toxic|p2a: Vaporeon\n|-status|p2a: Vaporeon|tox\n|\n|-heal|p1a: Keizerspenguin 1|92\/100|[from] item: Leftovers\n|-damage|p2a: Vaporeon|94\/100 tox|[from] psn\n|upkeep\n|turn|25\n|\n|t:|1618163836\n|move|p2a: Vaporeon|Flip Turn|p1a: Keizerspenguin 1\n|-resisted|p1a: Keizerspenguin 1\n|-damage|p1a: Keizerspenguin 1|88\/100\n|\n|t:|1618163848\n|switch|p2a: Rotom|Rotom-Heat|88\/100 tox|[from]move: Flip Turn\n|move|p1a: Keizerspenguin 1|Scald|p2a: Rotom\n|-supereffective|p2a: Rotom\n|-damage|p2a: Rotom|24\/100 tox\n|\n|-heal|p2a: Rotom|100\/100 tox|[from] move: Wish|[wisher] Vaporeon\n|-heal|p1a: Keizerspenguin 1|94\/100|[from] item: Leftovers\n|-damage|p2a: Rotom|94\/100 tox|[from] psn\n|upkeep\n|turn|26\n|\n|t:|1618163854\n|switch|p1a: Jack Wallside|Blissey, F|100\/100\n|move|p2a: Rotom|Volt Switch|p1a: Jack Wallside\n|-crit|p1a: Jack Wallside\n|-damage|p1a: Jack Wallside|86\/100\n|\n|t:|1618163864\n|switch|p2a: Metagross|Metagross-Mega|100\/100|[from]move: Volt Switch\n|-damage|p2a: Metagross|95\/100|[from] Stealth Rock\n|\n|-heal|p1a: Jack Wallside|92\/100|[from] item: Leftovers\n|upkeep\n|turn|27\n|c|\u2606DjezzeMwoan|damn\n|c|\u2606DjezzeMwoan|64% chip\n|c|\u2606DjezzeMwoan|and still \n|\n|t:|1618163885\n|move|p1a: Jack Wallside|Protect|p1a: Jack Wallside\n|-singleturn|p1a: Jack Wallside|Protect\n|move|p2a: Metagross|Meteor Mash|p1a: Jack Wallside\n|-activate|p1a: Jack Wallside|move: Protect\n|\n|-heal|p1a: Jack Wallside|99\/100|[from] item: Leftovers\n|upkeep\n|turn|28\n|\n|t:|1618163892\n|switch|p1a: Boor Beuker|Scizor-Mega, F|62\/100\n|move|p2a: Metagross|Meteor Mash|p1a: Boor Beuker\n|-resisted|p1a: Boor Beuker\n|-damage|p1a: Boor Beuker|43\/100\n|\n|upkeep\n|turn|29\n|\n|t:|1618163895\n|move|p2a: Metagross|Rock Slide|p1a: Boor Beuker\n|-damage|p1a: Boor Beuker|26\/100\n|move|p1a: Boor Beuker|Roost|p1a: Boor Beuker\n|-heal|p1a: Boor Beuker|76\/100\n|-singleturn|p1a: Boor Beuker|move: Roost\n|\n|upkeep\n|turn|30\n|\n|t:|1618163901\n|switch|p2a: Rotom|Rotom-Heat|94\/100 tox\n|move|p1a: Boor Beuker|U-turn|p2a: Rotom\n|-resisted|p2a: Rotom\n|-damage|p2a: Rotom|77\/100 tox\n|\n|t:|1618163910\n|switch|p1a: Jack Wallside|Blissey, F|99\/100|[from]move: U-turn\n|\n|-heal|p1a: Jack Wallside|100\/100|[from] item: Leftovers\n|-damage|p2a: Rotom|71\/100 tox|[from] psn\n|upkeep\n|turn|31\n|\n|t:|1618163916\n|move|p2a: Rotom|Volt Switch|p1a: Jack Wallside\n|-damage|p1a: Jack Wallside|90\/100\n|\n|t:|1618163921\n|switch|p2a: Metagross|Metagross-Mega|95\/100|[from]move: Volt Switch\n|-damage|p2a: Metagross|89\/100|[from] Stealth Rock\n|move|p1a: Jack Wallside|Seismic Toss|p2a: Metagross\n|-damage|p2a: Metagross|55\/100\n|\n|-heal|p1a: Jack Wallside|96\/100|[from] item: Leftovers\n|upkeep\n|turn|32\n|\n|t:|1618163938\n|switch|p1a: Boor Beuker|Scizor-Mega, F|76\/100\n|move|p2a: Metagross|Meteor Mash|p1a: Boor Beuker\n|-resisted|p1a: Boor Beuker\n|-damage|p1a: Boor Beuker|55\/100\n|-boost|p2a: Metagross|atk|1\n|\n|upkeep\n|turn|33\n|\n|t:|1618163942\n|move|p2a: Metagross|Rock Slide|p1a: Boor Beuker|[miss]\n|-miss|p2a: Metagross|p1a: Boor Beuker\n|move|p1a: Boor Beuker|Roost|p1a: Boor Beuker\n|-heal|p1a: Boor Beuker|100\/100\n|-singleturn|p1a: Boor Beuker|move: Roost\n|\n|upkeep\n|turn|34\n|\n|t:|1618163947\n|switch|p2a: Rotom|Rotom-Heat|71\/100 tox\n|move|p1a: Boor Beuker|U-turn|p2a: Rotom\n|-resisted|p2a: Rotom\n|-damage|p2a: Rotom|55\/100 tox\n|c|\u2606DjezzeMwoan|man you are doing really well with the meteor mash boosts haha\n|\n|t:|1618163976\n|switch|p1a: Jack Wallside|Blissey, F|96\/100|[from]move: U-turn\n|\n|-heal|p1a: Jack Wallside|100\/100|[from] item: Leftovers\n|-damage|p2a: Rotom|49\/100 tox|[from] psn\n|upkeep\n|turn|35\n|c|\u2606Qmos|true, not very helpful tho \n|\n|t:|1618163984\n|move|p2a: Rotom|Pain Split|p1a: Jack Wallside\n|-sethp|p1a: Jack Wallside|61\/100|[from] move: Pain Split|[silent]\n|-sethp|p2a: Rotom|100\/100 tox|[from] move: Pain Split\n|move|p1a: Jack Wallside|Seismic Toss|p2a: Rotom\n|-damage|p2a: Rotom|68\/100 tox\n|\n|-heal|p1a: Jack Wallside|67\/100|[from] item: Leftovers\n|-damage|p2a: Rotom|55\/100 tox|[from] psn\n|upkeep\n|turn|36\n|\n|t:|1618163989\n|move|p2a: Rotom|Pain Split|p1a: Jack Wallside\n|-sethp|p1a: Jack Wallside|45\/100|[from] move: Pain Split|[silent]\n|-sethp|p2a: Rotom|100\/100 tox|[from] move: Pain Split\n|move|p1a: Jack Wallside|Seismic Toss|p2a: Rotom\n|-damage|p2a: Rotom|68\/100 tox\n|\n|-heal|p1a: Jack Wallside|51\/100|[from] item: Leftovers\n|-damage|p2a: Rotom|49\/100 tox|[from] psn\n|upkeep\n|turn|37\n|\n|t:|1618163994\n|move|p2a: Rotom|Pain Split|p1a: Jack Wallside\n|-sethp|p1a: Jack Wallside|36\/100|[from] move: Pain Split|[silent]\n|-sethp|p2a: Rotom|84\/100 tox|[from] move: Pain Split\n|move|p1a: Jack Wallside|Seismic Toss|p2a: Rotom\n|-damage|p2a: Rotom|51\/100 tox\n|\n|-heal|p1a: Jack Wallside|42\/100|[from] item: Leftovers\n|-damage|p2a: Rotom|26\/100 tox|[from] psn\n|upkeep\n|turn|38\n|\n|t:|1618163999\n|move|p2a: Rotom|Volt Switch|p1a: Jack Wallside\n|-damage|p1a: Jack Wallside|33\/100\n|\n|t:|1618164004\n|switch|p2a: Piloswine|Piloswine, F|100\/100|[from]move: Volt Switch\n|-damage|p2a: Piloswine|88\/100|[from] Stealth Rock\n|move|p1a: Jack Wallside|Wish|p1a: Jack Wallside\n|\n|-heal|p1a: Jack Wallside|39\/100|[from] item: Leftovers\n|upkeep\n|turn|39\n|\n|t:|1618164009\n|move|p1a: Jack Wallside|Protect|p1a: Jack Wallside\n|-singleturn|p1a: Jack Wallside|Protect\n|move|p2a: Piloswine|Stealth Rock|p1a: Jack Wallside\n|-sidestart|p1: DjezzeMwoan|move: Stealth Rock\n|\n|-heal|p1a: Jack Wallside|89\/100|[from] move: Wish|[wisher] Jack Wallside\n|-heal|p1a: Jack Wallside|95\/100|[from] item: Leftovers\n|upkeep\n|turn|40\n|\n|t:|1618164011\n|move|p1a: Jack Wallside|Toxic|p2a: Piloswine\n|-status|p2a: Piloswine|tox\n|move|p2a: Piloswine|Earthquake|p1a: Jack Wallside\n|-damage|p1a: Jack Wallside|63\/100\n|\n|-heal|p1a: Jack Wallside|69\/100|[from] item: Leftovers\n|-damage|p2a: Piloswine|82\/100 tox|[from] psn\n|upkeep\n|turn|41\n|\n|t:|1618164018\n|switch|p2a: Rotom|Rotom-Heat|26\/100 tox\n|move|p1a: Jack Wallside|Wish|p1a: Jack Wallside\n|\n|-heal|p1a: Jack Wallside|75\/100|[from] item: Leftovers\n|-damage|p2a: Rotom|20\/100 tox|[from] psn\n|upkeep\n|turn|42\n|c|\u2606DjezzeMwoan|i love blissey so much\n|\n|t:|1618164024\n|move|p2a: Rotom|Pain Split|p1a: Jack Wallside\n|-sethp|p1a: Jack Wallside|42\/100|[from] move: Pain Split|[silent]\n|-sethp|p2a: Rotom|98\/100 tox|[from] move: Pain Split\n|move|p1a: Jack Wallside|Seismic Toss|p2a: Rotom\n|-damage|p2a: Rotom|65\/100 tox\n|\n|-heal|p1a: Jack Wallside|92\/100|[from] move: Wish|[wisher] Jack Wallside\n|-heal|p1a: Jack Wallside|98\/100|[from] item: Leftovers\n|-damage|p2a: Rotom|52\/100 tox|[from] psn\n|upkeep\n|turn|43\n|c|\u2606Qmos|i hate it\n|\n|t:|1618164029\n|move|p2a: Rotom|Pain Split|p1a: Jack Wallside\n|-sethp|p1a: Jack Wallside|60\/100|[from] move: Pain Split|[silent]\n|-sethp|p2a: Rotom|100\/100 tox|[from] move: Pain Split\n|move|p1a: Jack Wallside|Seismic Toss|p2a: Rotom\n|-damage|p2a: Rotom|68\/100 tox\n|\n|-heal|p1a: Jack Wallside|66\/100|[from] item: Leftovers\n|-damage|p2a: Rotom|49\/100 tox|[from] psn\n|upkeep\n|turn|44\n|c|\u2606DjezzeMwoan|fair lfmao\n|\n|t:|1618164033\n|move|p2a: Rotom|Pain Split|p1a: Jack Wallside\n|-sethp|p1a: Jack Wallside|44\/100|[from] move: Pain Split|[silent]\n|-sethp|p2a: Rotom|100\/100 tox|[from] move: Pain Split\n|move|p1a: Jack Wallside|Seismic Toss|p2a: Rotom\n|-damage|p2a: Rotom|68\/100 tox\n|\n|-heal|p1a: Jack Wallside|50\/100|[from] item: Leftovers\n|-damage|p2a: Rotom|43\/100 tox|[from] psn\n|upkeep\n|turn|45\n|\n|t:|1618164043\n|move|p2a: Rotom|Volt Switch|p1a: Jack Wallside\n|-damage|p1a: Jack Wallside|40\/100\n|\n|t:|1618164044\n|switch|p2a: Metagross|Metagross-Mega|55\/100|[from]move: Volt Switch\n|-damage|p2a: Metagross|49\/100|[from] Stealth Rock\n|move|p1a: Jack Wallside|Wish|p1a: Jack Wallside\n|\n|-heal|p1a: Jack Wallside|46\/100|[from] item: Leftovers\n|upkeep\n|turn|46\n|\n|t:|1618164047\n|move|p1a: Jack Wallside|Protect|p1a: Jack Wallside\n|-singleturn|p1a: Jack Wallside|Protect\n|move|p2a: Metagross|Block|p1a: Jack Wallside\n|-activate|p1a: Jack Wallside|trapped\n|\n|-heal|p1a: Jack Wallside|96\/100|[from] move: Wish|[wisher] Jack Wallside\n|-heal|p1a: Jack Wallside|100\/100|[from] item: Leftovers\n|upkeep\n|turn|47\n|c|\u2606DjezzeMwoan|no\n|c|\u2606DjezzeMwoan|thats not how you are supposed to play the game\n|\n|t:|1618164064\n|move|p2a: Metagross|Meteor Mash|p1a: Jack Wallside\n|-damage|p1a: Jack Wallside|43\/100\n|move|p1a: Jack Wallside|Seismic Toss|p2a: Metagross\n|-damage|p2a: Metagross|16\/100\n|\n|-heal|p1a: Jack Wallside|49\/100|[from] item: Leftovers\n|upkeep\n|turn|48\n|\n|t:|1618164070\n|move|p1a: Jack Wallside|Protect|p1a: Jack Wallside\n|-singleturn|p1a: Jack Wallside|Protect\n|move|p2a: Metagross|Meteor Mash|p1a: Jack Wallside\n|-activate|p1a: Jack Wallside|move: Protect\n|\n|-heal|p1a: Jack Wallside|55\/100|[from] item: Leftovers\n|upkeep\n|turn|49\n|\n|t:|1618164075\n|move|p2a: Metagross|Meteor Mash|p1a: Jack Wallside\n|-damage|p1a: Jack Wallside|0 fnt\n|faint|p1a: Jack Wallside\n|\n|upkeep\n|\n|t:|1618164078\n|switch|p1a: Boor Beuker|Scizor-Mega, F|100\/100\n|-damage|p1a: Boor Beuker|88\/100|[from] Stealth Rock\n|turn|50\n|\n|t:|1618164082\n|switch|p2a: Rotom|Rotom-Heat|43\/100 tox\n|move|p1a: Boor Beuker|U-turn|p2a: Rotom\n|-resisted|p2a: Rotom\n|-damage|p2a: Rotom|26\/100 tox\n|\n|t:|1618164085\n|switch|p1a: Driehoek Z|Zygarde|94\/100 brn|[from]move: U-turn\n|-damage|p1a: Driehoek Z|88\/100 brn|[from] Stealth Rock\n|-ability|p1a: Driehoek Z|Aura Break\n|\n|-heal|p1a: Driehoek Z|94\/100 brn|[from] item: Leftovers\n|-damage|p2a: Rotom|20\/100 tox|[from] psn\n|-damage|p1a: Driehoek Z|88\/100 brn|[from] brn\n|upkeep\n|turn|51\n|\n|t:|1618164088\n|move|p2a: Rotom|Pain Split|p1a: Driehoek Z\n|-sethp|p1a: Driehoek Z|51\/100 brn|[from] move: Pain Split|[silent]\n|-sethp|p2a: Rotom|71\/100 tox|[from] move: Pain Split\n|move|p1a: Driehoek Z|Thousand Arrows|p2a: Rotom\n|-supereffective|p2a: Rotom\n|-damage|p2a: Rotom|0 fnt\n|faint|p2a: Rotom\n|\n|-heal|p1a: Driehoek Z|57\/100 brn|[from] item: Leftovers\n|-damage|p1a: Driehoek Z|51\/100 brn|[from] brn\n|upkeep\n|\n|t:|1618164094\n|switch|p2a: Vaporeon|Vaporeon, M|94\/100 tox\n|-damage|p2a: Vaporeon|82\/100 tox|[from] Stealth Rock\n|turn|52\n|\n|t:|1618164104\n|switch|p1a: Oogsten|Tapu Bulu|44\/100 psn\n|-damage|p1a: Oogsten|32\/100 psn|[from] Stealth Rock\n|-fieldstart|move: Grassy Terrain|[from] ability: Grassy Surge|[of] p1a: Oogsten\n|move|p2a: Vaporeon|Ice Beam|p1a: Oogsten\n|-supereffective|p1a: Oogsten\n|-damage|p1a: Oogsten|0 fnt\n|faint|p1a: Oogsten\n|\n|-heal|p2a: Vaporeon|88\/100 tox|[from] Grassy Terrain\n|-heal|p2a: Vaporeon|94\/100 tox|[from] item: Leftovers\n|-damage|p2a: Vaporeon|88\/100 tox|[from] psn\n|upkeep\n|\n|t:|1618164109\n|switch|p1a: Boor Beuker|Scizor-Mega, F|88\/100\n|-damage|p1a: Boor Beuker|76\/100|[from] Stealth Rock\n|turn|53\n|\n|t:|1618164119\n|move|p1a: Boor Beuker|Roost|p1a: Boor Beuker\n|-heal|p1a: Boor Beuker|100\/100\n|-singleturn|p1a: Boor Beuker|move: Roost\n|move|p2a: Vaporeon|Wish|p2a: Vaporeon\n|\n|-heal|p2a: Vaporeon|94\/100 tox|[from] Grassy Terrain\n|-heal|p2a: Vaporeon|100\/100 tox|[from] item: Leftovers\n|-damage|p2a: Vaporeon|88\/100 tox|[from] psn\n|upkeep\n|turn|54\n|\n|t:|1618164125\n|move|p1a: Boor Beuker|Bullet Punch|p2a: Vaporeon\n|-resisted|p2a: Vaporeon\n|-damage|p2a: Vaporeon|75\/100 tox\n|move|p2a: Vaporeon|Flip Turn|p1a: Boor Beuker\n|-damage|p1a: Boor Beuker|93\/100\n|\n|t:|1618164131\n|switch|p2a: Metagross|Metagross-Mega|16\/100|[from]move: Flip Turn\n|-damage|p2a: Metagross|10\/100|[from] Stealth Rock\n|\n|-heal|p2a: Metagross|87\/100|[from] move: Wish|[wisher] Vaporeon\n|-heal|p2a: Metagross|93\/100|[from] Grassy Terrain\n|-heal|p1a: Boor Beuker|99\/100|[from] Grassy Terrain\n|upkeep\n|turn|55\n|\n|t:|1618164138\n|switch|p2a: Palkia|Palkia|100\/100\n|-damage|p2a: Palkia|88\/100|[from] Stealth Rock\n|-ability|p2a: Palkia|Pressure\n|move|p1a: Boor Beuker|Swords Dance|p1a: Boor Beuker\n|-boost|p1a: Boor Beuker|atk|2\n|\n|-heal|p2a: Palkia|94\/100|[from] Grassy Terrain\n|-heal|p2a: Palkia|100\/100|[from] item: Leftovers\n|-heal|p1a: Boor Beuker|100\/100|[from] Grassy Terrain\n|upkeep\n|turn|56\n|\n|t:|1618164141\n|switch|p1a: Keizerspenguin 1|Empoleon, M|94\/100\n|-damage|p1a: Keizerspenguin 1|88\/100|[from] Stealth Rock\n|move|p2a: Palkia|Fire Blast|p1a: Keizerspenguin 1\n|-damage|p1a: Keizerspenguin 1|47\/100\n|\n|-heal|p1a: Keizerspenguin 1|53\/100|[from] Grassy Terrain\n|-heal|p1a: Keizerspenguin 1|59\/100|[from] item: Leftovers\n|-fieldend|move: Grassy Terrain\n|upkeep\n|turn|57\n|\n|t:|1618164148\n|move|p2a: Palkia|Substitute|p2a: Palkia\n|-start|p2a: Palkia|Substitute\n|-damage|p2a: Palkia|76\/100\n|move|p1a: Keizerspenguin 1|Scald|p2a: Palkia\n|-resisted|p2a: Palkia\n|-activate|p2a: Palkia|move: Substitute|[damage]\n|\n|-heal|p2a: Palkia|82\/100|[from] item: Leftovers\n|-heal|p1a: Keizerspenguin 1|65\/100|[from] item: Leftovers\n|upkeep\n|turn|58\n|\n|t:|1618164150\n|move|p2a: Palkia|Fire Blast|p1a: Keizerspenguin 1\n|-damage|p1a: Keizerspenguin 1|25\/100\n|move|p1a: Keizerspenguin 1|Ice Beam|p2a: Palkia\n|-end|p2a: Palkia|Substitute\n|\n|-heal|p2a: Palkia|88\/100|[from] item: Leftovers\n|-heal|p1a: Keizerspenguin 1|31\/100|[from] item: Leftovers\n|upkeep\n|turn|59\n|\n|t:|1618164158\n|move|p2a: Palkia|Fire Blast|p1a: Keizerspenguin 1\n|-damage|p1a: Keizerspenguin 1|0 fnt\n|faint|p1a: Keizerspenguin 1\n|\n|-heal|p2a: Palkia|94\/100|[from] item: Leftovers\n|upkeep\n|c|\u2606DjezzeMwoan|good sir\n|c|\u2606DjezzeMwoan|you werent supposed to block my blissey\n|\n|t:|1618164174\n|switch|p1a: Boor Beuker|Scizor-Mega, F|100\/100\n|-damage|p1a: Boor Beuker|88\/100|[from] Stealth Rock\n|turn|60\n|c|\u2606Qmos|that was the only way i could kill it LOL\n|\n|t:|1618164183\n|move|p2a: Palkia|Fire Blast|p1a: Boor Beuker|[miss]\n|-miss|p2a: Palkia|p1a: Boor Beuker\n|move|p1a: Boor Beuker|Swords Dance|p1a: Boor Beuker\n|-boost|p1a: Boor Beuker|atk|2\n|\n|-heal|p2a: Palkia|100\/100|[from] item: Leftovers\n|upkeep\n|turn|61\n|c|\u2606DjezzeMwoan|lemme see that miss\n|c|\u2606DjezzeMwoan|and one moer\n|\n|t:|1618164190\n|move|p2a: Palkia|Fire Blast|p1a: Boor Beuker|[miss]\n|-miss|p2a: Palkia|p1a: Boor Beuker\n|move|p1a: Boor Beuker|Swords Dance|p1a: Boor Beuker\n|-boost|p1a: Boor Beuker|atk|2\n|\n|upkeep\n|turn|62\n|c|\u2606DjezzeMwoan|and\n|c|\u2606DjezzeMwoan|one\n|c|\u2606DjezzeMwoan|more\n|c|\u2606Qmos|oh no\n|\n|t:|1618164196\n|move|p2a: Palkia|Fire Blast|p1a: Boor Beuker\n|-supereffective|p1a: Boor Beuker\n|-damage|p1a: Boor Beuker|0 fnt\n|faint|p1a: Boor Beuker\n|\n|upkeep\n|c|\u2606DjezzeMwoan|f\n|\n|t:|1618164200\n|switch|p1a: Driehoek Z|Zygarde|51\/100 brn\n|-damage|p1a: Driehoek Z|45\/100 brn|[from] Stealth Rock\n|-ability|p1a: Driehoek Z|Aura Break\n|turn|63\n|c|\u2606DjezzeMwoan|gg\n|\n|t:|1618164204\n|move|p2a: Palkia|Spacial Rend|p1a: Driehoek Z\n|-supereffective|p1a: Driehoek Z\n|-damage|p1a: Driehoek Z|0 fnt\n|faint|p1a: Driehoek Z\n|\n|win|Qmos\n|c|\u2606DjezzeMwoan|wp man\n|c|\u2606Qmos|ggs\n|c|\u2606DjezzeMwoan|can u get replay>\n|c|\u2606DjezzeMwoan|?\n|c|\u2606Qmos|yea\n|c|\u2606DjezzeMwoan|ty\n|l|\u2606DjezzeMwoan\n|c|\u2606Qmos|np gl with the rest of your games :D\n","uploadtime":1618164218,"views":12,"p1id":"djezzemwoan","p2id":"qmos","formatid":"gen8nationaldexdraft","rating":0,"private":0,"password":null}