{"id":"sports-gen8nationaldexunrestricted-689123","p1":"abGodc","p2":"Elon Musk Rusk","format":"gen8nationaldexunrestricted","log":"|j|\u2606abGodc\n|j|\u2606Elon Musk Rusk\n|t:|1658005446\n|gametype|singles\n|player|p1|abGodc|n|\n|player|p2|Elon Musk Rusk|169|\n|teamsize|p1|6\n|teamsize|p2|6\n|gen|8\n|tier|[Gen 8] National Dex Unrestricted\n|rule|Sleep Clause Mod: Limit one foe put to sleep\n|rule|OHKO Clause: OHKO moves are banned\n|rule|Evasion Moves Clause: Evasion moves are banned\n|rule|Endless Battle Clause: Forcing endless battles is banned\n|rule|HP Percentage Mod: HP is shown in percentages\n|clearpoke\n|poke|p1|Scizor, M|\n|poke|p1|Infernape, M|\n|poke|p1|Hydreigon, F|\n|poke|p1|Jolteon, F|\n|poke|p1|Gastrodon, F|\n|poke|p1|Ditto|\n|poke|p2|Cinderace, F|\n|poke|p2|Arceus-*|\n|poke|p2|Kommo-o, F|\n|poke|p2|Suicune|\n|poke|p2|Xurkitree|\n|poke|p2|Articuno|\n|teampreview\n|html|<button name=\"send\" class=\"button\" value=\"\/timer ds\"><i class=\"fa fa-hourglass-start\"><\/i> DS Timer<\/button> <button name=\"send\" class=\"button\" value=\"\/timer smogon\"><i class=\"fa fa-hourglass-start\"><\/i> Smogon Timer<\/button>\n|inactive|Battle timer is ON: inactive players will automatically lose when time's up. (requested by abGodc)\n|inactiveoff|Battle timer is now OFF.\n|\n|t:|1658005460\n|start\n|switch|p1a: Infernape|Infernape, M|100\/100\n|switch|p2a: Kommo-o|Kommo-o, F|100\/100\n|turn|1\n|\n|t:|1658005469\n|move|p1a: Infernape|U-turn|p2a: Kommo-o\n|-resisted|p2a: Kommo-o\n|-damage|p2a: Kommo-o|94\/100\n|-damage|p1a: Infernape|88\/100|[from] ability: Rough Skin|[of] p2a: Kommo-o\n|-damage|p1a: Infernape|72\/100|[from] item: Rocky Helmet|[of] p2a: Kommo-o\n|\n|t:|1658005473\n|switch|p1a: Hydreigon|Hydreigon, F|100\/100|[from]move: U-turn\n|move|p2a: Kommo-o|Stealth Rock|p1a: Hydreigon\n|-sidestart|p1: abGodc|move: Stealth Rock\n|\n|upkeep\n|turn|2\n|j| Solumnist Acreed\n|\n|t:|1658005480\n|switch|p2a: Arceus|Arceus-Bug|100\/100\n|move|p1a: Hydreigon|Draco Meteor|p2a: Arceus\n|-damage|p2a: Arceus|43\/100\n|-unboost|p1a: Hydreigon|spa|2\n|-damage|p1a: Hydreigon|91\/100|[from] item: Life Orb\n|\n|upkeep\n|turn|3\n|j| Monarch Mae\n|\n|t:|1658005493\n|switch|p1a: Scizor|Scizor, M|100\/100\n|-damage|p1a: Scizor|88\/100|[from] Stealth Rock\n|move|p2a: Arceus|Recover|p2a: Arceus\n|-heal|p2a: Arceus|93\/100\n|\n|upkeep\n|turn|4\n|\n|t:|1658005499\n|switch|p1a: Hydreigon|Hydreigon, F|91\/100\n|-damage|p1a: Hydreigon|78\/100|[from] Stealth Rock\n|move|p2a: Arceus|Flamethrower|p1a: Hydreigon\n|-resisted|p1a: Hydreigon\n|-damage|p1a: Hydreigon|64\/100\n|\n|upkeep\n|turn|5\n|\n|t:|1658005505\n|move|p2a: Arceus|U-turn|p1a: Hydreigon\n|-supereffective|p1a: Hydreigon\n|-damage|p1a: Hydreigon|0 fnt\n|faint|p1a: Hydreigon\n|c|\u2606abGodc|Forgot it was a bug type\n|\n|t:|1658005519\n|switch|p2a: Cinderace|Cinderace, F|100\/100|[from]move: U-turn\n|\n|upkeep\n|\n|t:|1658005528\n|switch|p1a: Jolteon|Jolteon, F|100\/100\n|-damage|p1a: Jolteon|88\/100|[from] Stealth Rock\n|turn|6\n|\n|t:|1658005535\n|switch|p2a: Arceus|Arceus-Bug|93\/100\n|move|p1a: Jolteon|Volt Switch|p2a: Arceus\n|-damage|p2a: Arceus|64\/100\n|\n|t:|1658005540\n|switch|p1a: Ditto|Ditto|100\/100|[from]move: Volt Switch\n|-damage|p1a: Ditto|88\/100|[from] Stealth Rock\n|-transform|p1a: Ditto|p2a: Arceus|[from] ability: Imposter\n|\n|upkeep\n|turn|7\n|\n|t:|1658005547\n|move|p1a: Ditto|U-turn|p2a: Arceus\n|-damage|p2a: Arceus|46\/100\n|\n|t:|1658005549\n|switch|p1a: Infernape|Infernape, M|72\/100|[from]move: U-turn\n|-damage|p1a: Infernape|60\/100|[from] Stealth Rock\n|move|p2a: Arceus|Recover|p2a: Arceus\n|-heal|p2a: Arceus|96\/100\n|\n|upkeep\n|turn|8\n|\n|t:|1658005552\n|switch|p2a: Kommo-o|Kommo-o, F|94\/100\n|move|p1a: Infernape|U-turn|p2a: Kommo-o\n|-resisted|p2a: Kommo-o\n|-damage|p2a: Kommo-o|88\/100\n|-damage|p1a: Infernape|47\/100|[from] ability: Rough Skin|[of] p2a: Kommo-o\n|-damage|p1a: Infernape|31\/100|[from] item: Rocky Helmet|[of] p2a: Kommo-o\n|\n|t:|1658005555\n|switch|p1a: Jolteon|Jolteon, F|88\/100|[from]move: U-turn\n|-damage|p1a: Jolteon|76\/100|[from] Stealth Rock\n|\n|upkeep\n|turn|9\n|\n|t:|1658005561\n|move|p1a: Jolteon|Yawn|p2a: Kommo-o\n|-start|p2a: Kommo-o|move: Yawn|[of] p1a: Jolteon\n|move|p2a: Kommo-o|Body Press|p1a: Jolteon\n|-damage|p1a: Jolteon|0 fnt\n|faint|p1a: Jolteon\n|\n|upkeep\n|\n|t:|1658005567\n|switch|p1a: Ditto|Ditto|88\/100\n|-damage|p1a: Ditto|76\/100|[from] Stealth Rock\n|-transform|p1a: Ditto|p2a: Kommo-o|[from] ability: Imposter\n|turn|10\n|\n|t:|1658005579\n|switch|p2a: Articuno|Articuno|100\/100\n|move|p1a: Ditto|Stealth Rock|p2a: Articuno\n|-sidestart|p2: Elon Musk Rusk|move: Stealth Rock\n|\n|upkeep\n|turn|11\n|\n|t:|1658005588\n|switch|p1a: Gastrodon|Gastrodon, F|100\/100\n|-damage|p1a: Gastrodon|94\/100|[from] Stealth Rock\n|move|p2a: Articuno|Hurricane|p1a: Gastrodon\n|-damage|p1a: Gastrodon|37\/100\n|\n|upkeep\n|turn|12\n|\n|t:|1658005595\n|move|p2a: Articuno|Freeze-Dry|p1a: Gastrodon\n|-supereffective|p1a: Gastrodon\n|-damage|p1a: Gastrodon|0 fnt\n|faint|p1a: Gastrodon\n|\n|upkeep\n|\n|t:|1658005601\n|switch|p1a: Scizor|Scizor, M|88\/100\n|-damage|p1a: Scizor|76\/100|[from] Stealth Rock\n|turn|13\n|\n|t:|1658005605\n|detailschange|p1a: Scizor|Scizor-Mega, M\n|-mega|p1a: Scizor|Scizor|Scizorite\n|move|p2a: Articuno|Hurricane|p1a: Scizor|[miss]\n|-miss|p2a: Articuno|p1a: Scizor\n|move|p1a: Scizor|Gear Grind|p2a: Articuno|[miss]\n|-miss|p1a: Scizor|p2a: Articuno\n|\n|upkeep\n|turn|14\n|\n|t:|1658005612\n|move|p2a: Articuno|Hurricane|p1a: Scizor\n|-damage|p1a: Scizor|12\/100\n|move|p1a: Scizor|Gear Grind|p2a: Articuno\n|-supereffective|p2a: Articuno\n|-damage|p2a: Articuno|38\/100\n|-supereffective|p2a: Articuno\n|-damage|p2a: Articuno|0 fnt\n|faint|p2a: Articuno\n|-hitcount|p2: Articuno|2\n|\n|upkeep\n|c|\u2606Elon Musk Rusk|Fair enough\n|\n|t:|1658005620\n|switch|p2a: Arceus|Arceus-Bug|96\/100\n|-damage|p2a: Arceus|71\/100|[from] Stealth Rock\n|turn|15\n|\n|t:|1658005623\n|move|p1a: Scizor|Bullet Punch|p2a: Arceus\n|-damage|p2a: Arceus|52\/100\n|move|p2a: Arceus|Surf|p1a: Scizor\n|-damage|p1a: Scizor|0 fnt\n|faint|p1a: Scizor\n|\n|upkeep\n|\n|t:|1658005625\n|switch|p1a: Infernape|Infernape, M|31\/100\n|-damage|p1a: Infernape|19\/100|[from] Stealth Rock\n|turn|16\n|\n|t:|1658005629\n|switch|p2a: Kommo-o|Kommo-o, F|88\/100\n|-damage|p2a: Kommo-o|81\/100|[from] Stealth Rock\n|move|p1a: Infernape|Close Combat|p2a: Kommo-o\n|-damage|p2a: Kommo-o|51\/100\n|-unboost|p1a: Infernape|def|1\n|-unboost|p1a: Infernape|spd|1\n|-damage|p1a: Infernape|6\/100|[from] ability: Rough Skin|[of] p2a: Kommo-o\n|-damage|p1a: Infernape|0 fnt|[from] item: Rocky Helmet|[of] p2a: Kommo-o\n|faint|p1a: Infernape\n|\n|upkeep\n|\n|t:|1658005632\n|switch|p1a: Ditto|Ditto|76\/100\n|-damage|p1a: Ditto|63\/100|[from] Stealth Rock\n|-transform|p1a: Ditto|p2a: Kommo-o|[from] ability: Imposter\n|turn|17\n|\n|t:|1658005638\n|move|p1a: Ditto|Body Press|p2a: Kommo-o\n|-damage|p2a: Kommo-o|23\/100\n|-damage|p1a: Ditto|51\/100|[from] ability: Rough Skin|[of] p2a: Kommo-o\n|-damage|p1a: Ditto|35\/100|[from] item: Rocky Helmet|[of] p2a: Kommo-o\n|move|p2a: Kommo-o|Rest|p2a: Kommo-o\n|-status|p2a: Kommo-o|slp|[from] move: Rest\n|-heal|p2a: Kommo-o|100\/100 slp|[silent]\n|\n|upkeep\n|turn|18\n|\n|t:|1658005642\n|move|p1a: Ditto|Body Press|p2a: Kommo-o\n|-damage|p2a: Kommo-o|73\/100 slp\n|-damage|p1a: Ditto|22\/100|[from] ability: Rough Skin|[of] p2a: Kommo-o\n|-damage|p1a: Ditto|6\/100|[from] item: Rocky Helmet|[of] p2a: Kommo-o\n|cant|p2a: Kommo-o|slp\n|\n|upkeep\n|turn|19\n|\n|t:|1658005647\n|move|p1a: Ditto|Body Press|p2a: Kommo-o\n|-damage|p2a: Kommo-o|45\/100 slp\n|-damage|p1a: Ditto|0 fnt|[from] ability: Rough Skin|[of] p2a: Kommo-o\n|faint|p1a: Ditto\n|\n|win|Elon Musk Rusk\n","uploadtime":1658005651,"views":15,"p1id":"abgodc","p2id":"elonmuskrusk","formatid":"gen8nationaldexunrestricted","rating":0,"private":0,"password":null}