{"id":"sports-gen8nationaldexlegacy-40544","p1":"Walletinspector62","p2":"JoltsOfEnergy","format":"gen8nationaldexlegacy","log":"|j|\u2606Walletinspector62\n|j|\u2606JoltsOfEnergy\n|player|p1|Walletinspector62|265|\n|player|p2|JoltsOfEnergy|102|\n|teamsize|p1|6\n|teamsize|p2|6\n|gametype|singles\n|gen|8\n|tier|[Gen 8] National Dex Legacy\n|rule|Sleep Clause Mod: Limit one foe put to sleep\n|rule|Species Clause: Limit one of each Pok\u00e9mon\n|rule|OHKO Clause: OHKO moves are banned\n|rule|Evasion Moves Clause: Evasion moves are banned\n|rule|Endless Battle Clause: Forcing endless battles is banned\n|rule|HP Percentage Mod: HP is shown in percentages\n|clearpoke\n|poke|p1|Landorus-Therian, M|\n|poke|p1|Corviknight, M|\n|poke|p1|Whimsicott, F|\n|poke|p1|Rotom-Heat|\n|poke|p1|Goodra, M|\n|poke|p1|Obstagoon, M|\n|poke|p2|Celesteela|\n|poke|p2|Venusaur, M|\n|poke|p2|Rotom-Wash|\n|poke|p2|Comfey, F|\n|poke|p2|Haxorus, F|\n|poke|p2|Mudsdale, F|\n|rule|Dynamax Clause: You cannot dynamax\n|teampreview\n|c|\u2606JoltsOfEnergy|gl hf\n|c|\u2606Walletinspector62|Glhd\n|c|\u2606Walletinspector62|glhf\n|\n|start\n|switch|p1a: Whimsicott|Whimsicott, F|100\/100\n|switch|p2a: Venusaur|Venusaur, M|100\/100\n|turn|1\n|\n|switch|p1a: Goodra|Goodra, M|100\/100\n|detailschange|p2a: Venusaur|Venusaur-Mega, M\n|-mega|p2a: Venusaur|Venusaur|Venusaurite\n|move|p2a: Venusaur|Knock Off|p1a: Goodra\n|-damage|p1a: Goodra|78\/100\n|-enditem|p1a: Goodra|Assault Vest|[from] move: Knock Off|[of] p2a: Venusaur\n|\n|upkeep\n|turn|2\n|\n|move|p2a: Venusaur|Sludge Bomb|p1a: Goodra\n|-damage|p1a: Goodra|53\/100\n|-status|p1a: Goodra|psn\n|move|p1a: Goodra|Infestation|p2a: Venusaur\n|-damage|p2a: Venusaur|96\/100\n|-activate|p2a: Venusaur|move: Infestation|[of] p1a: Goodra\n|\n|-damage|p1a: Goodra|41\/100 psn|[from] psn\n|-damage|p2a: Venusaur|84\/100|[from] move: Infestation|[partiallytrapped]\n|upkeep\n|turn|3\n|\n|move|p2a: Venusaur|Sludge Bomb|p1a: Goodra\n|-damage|p1a: Goodra|17\/100 psn\n|move|p1a: Goodra|Dragon Pulse|p2a: Venusaur\n|-damage|p2a: Venusaur|55\/100\n|\n|-damage|p1a: Goodra|5\/100 psn|[from] psn\n|-damage|p2a: Venusaur|43\/100|[from] move: Infestation|[partiallytrapped]\n|upkeep\n|turn|4\n|\n|move|p2a: Venusaur|Synthesis|p2a: Venusaur\n|-heal|p2a: Venusaur|93\/100\n|move|p1a: Goodra|Dragon Pulse|p2a: Venusaur\n|-damage|p2a: Venusaur|64\/100\n|\n|-damage|p1a: Goodra|0 fnt|[from] psn\n|faint|p1a: Goodra\n|-end|p2a: Venusaur|Infestation|[partiallytrapped]|[silent]\n|upkeep\n|\n|switch|p1a: Corviknight|Corviknight, M, shiny|100\/100\n|-ability|p1a: Corviknight|Pressure\n|turn|5\n|\n|switch|p2a: Rotom|Rotom-Wash|100\/100\n|move|p1a: Corviknight|Brave Bird|p2a: Rotom\n|-resisted|p2a: Rotom\n|-damage|p2a: Rotom|79\/100\n|-damage|p1a: Corviknight|95\/100|[from] Recoil\n|\n|-heal|p2a: Rotom|85\/100|[from] item: Leftovers\n|-heal|p1a: Corviknight|100\/100|[from] item: Leftovers\n|upkeep\n|turn|6\n|\n|switch|p1a: Whimsicott|Whimsicott, F|100\/100\n|move|p2a: Rotom|Volt Switch|p1a: Whimsicott\n|-resisted|p1a: Whimsicott\n|-damage|p1a: Whimsicott|78\/100\n|\n|switch|p2a: Venusaur|Venusaur-Mega, M|64\/100|[from]move: Volt Switch\n|\n|-heal|p1a: Whimsicott|84\/100|[from] item: Leftovers\n|upkeep\n|turn|7\n|\n|switch|p1a: Corviknight|Corviknight, M, shiny|100\/100\n|-ability|p1a: Corviknight|Pressure\n|move|p2a: Venusaur|Leech Seed|p1a: Corviknight\n|-start|p1a: Corviknight|move: Leech Seed\n|\n|-damage|p1a: Corviknight|88\/100|[from] Leech Seed|[of] p2a: Venusaur\n|-heal|p2a: Venusaur|78\/100|[silent]\n|upkeep\n|turn|8\n|\n|switch|p2a: Rotom|Rotom-Wash|85\/100\n|move|p1a: Corviknight|Taunt|p2a: Rotom\n|-start|p2a: Rotom|move: Taunt\n|\n|-heal|p2a: Rotom|91\/100|[from] item: Leftovers\n|-heal|p1a: Corviknight|94\/100|[from] item: Leftovers\n|-damage|p1a: Corviknight|82\/100|[from] Leech Seed|[of] p2a: Rotom\n|-heal|p2a: Rotom|100\/100|[silent]\n|upkeep\n|turn|9\n|\n|switch|p1a: Whimsicott|Whimsicott, F|84\/100\n|move|p2a: Rotom|Volt Switch|p1a: Whimsicott\n|-resisted|p1a: Whimsicott\n|-crit|p1a: Whimsicott\n|-damage|p1a: Whimsicott|50\/100\n|\n|switch|p2a: Celesteela|Celesteela|100\/100|[from]move: Volt Switch\n|\n|-heal|p1a: Whimsicott|56\/100|[from] item: Leftovers\n|upkeep\n|turn|10\n|\n|switch|p1a: Rotom|Rotom-Heat|100\/100\n|move|p2a: Celesteela|Heavy Slam|p1a: Rotom\n|-resisted|p1a: Rotom\n|-damage|p1a: Rotom|89\/100\n|\n|upkeep\n|turn|11\n|\n|switch|p2a: Venusaur|Venusaur-Mega, M|78\/100\n|move|p1a: Rotom|Will-O-Wisp|p2a: Venusaur\n|-status|p2a: Venusaur|brn\n|\n|-damage|p2a: Venusaur|72\/100 brn|[from] brn\n|upkeep\n|turn|12\n|\n|move|p1a: Rotom|Volt Switch|p2a: Venusaur\n|-resisted|p2a: Venusaur\n|-damage|p2a: Venusaur|64\/100 brn\n|\n|switch|p1a: Obstagoon|Obstagoon, M|100\/100|[from]move: Volt Switch\n|move|p2a: Venusaur|Knock Off|p1a: Obstagoon\n|-resisted|p1a: Obstagoon\n|-damage|p1a: Obstagoon|95\/100\n|-enditem|p1a: Obstagoon|Flame Orb|[from] move: Knock Off|[of] p2a: Venusaur\n|\n|-damage|p2a: Venusaur|58\/100 brn|[from] brn\n|upkeep\n|turn|13\n|\n|switch|p2a: Mudsdale|Mudsdale, F|100\/100\n|move|p1a: Obstagoon|Parting Shot|p2a: Mudsdale\n|-unboost|p2a: Mudsdale|atk|1\n|-unboost|p2a: Mudsdale|spa|1\n|\n|switch|p1a: Whimsicott|Whimsicott, F|56\/100|[from]move: Parting Shot\n|\n|-heal|p1a: Whimsicott|62\/100|[from] item: Leftovers\n|upkeep\n|turn|14\n|\n|switch|p2a: Venusaur|Venusaur-Mega, M|58\/100 brn\n|move|p1a: Whimsicott|Hurricane|p2a: Venusaur\n|-supereffective|p2a: Venusaur\n|-damage|p2a: Venusaur|31\/100 brn\n|\n|-heal|p1a: Whimsicott|68\/100|[from] item: Leftovers\n|-damage|p2a: Venusaur|25\/100 brn|[from] brn\n|upkeep\n|turn|15\n|\n|switch|p2a: Celesteela|Celesteela|100\/100\n|move|p1a: Whimsicott|Hurricane|p2a: Celesteela|[miss]\n|-miss|p1a: Whimsicott|p2a: Celesteela\n|\n|-heal|p1a: Whimsicott|74\/100|[from] item: Leftovers\n|upkeep\n|turn|16\n|\n|switch|p1a: Landorus|Landorus-Therian, M|100\/100\n|-ability|p1a: Landorus|Intimidate|boost\n|-unboost|p2a: Celesteela|atk|1\n|move|p2a: Celesteela|Leech Seed|p1a: Landorus\n|-start|p1a: Landorus|move: Leech Seed\n|\n|-damage|p1a: Landorus|88\/100|[from] Leech Seed|[of] p2a: Celesteela\n|upkeep\n|turn|17\n|\n|move|p1a: Landorus|Knock Off|p2a: Celesteela\n|-damage|p2a: Celesteela|78\/100\n|-enditem|p2a: Celesteela|Leftovers|[from] move: Knock Off|[of] p1a: Landorus\n|move|p2a: Celesteela|Flamethrower|p1a: Landorus\n|-damage|p1a: Landorus|59\/100\n|\n|-heal|p1a: Landorus|65\/100|[from] item: Leftovers\n|-damage|p1a: Landorus|53\/100|[from] Leech Seed|[of] p2a: Celesteela\n|-heal|p2a: Celesteela|88\/100|[silent]\n|upkeep\n|turn|18\n|\n|switch|p1a: Rotom|Rotom-Heat|89\/100\n|move|p2a: Celesteela|Leech Seed|p1a: Rotom\n|-start|p1a: Rotom|move: Leech Seed\n|\n|-damage|p1a: Rotom|76\/100|[from] Leech Seed|[of] p2a: Celesteela\n|-heal|p2a: Celesteela|97\/100|[silent]\n|upkeep\n|turn|19\n|\n|move|p2a: Celesteela|Protect|p2a: Celesteela\n|-singleturn|p2a: Celesteela|Protect\n|move|p1a: Rotom|Overheat|p2a: Celesteela\n|-activate|p2a: Celesteela|move: Protect\n|\n|-damage|p1a: Rotom|64\/100|[from] Leech Seed|[of] p2a: Celesteela\n|-heal|p2a: Celesteela|100\/100|[silent]\n|upkeep\n|turn|20\n|\n|switch|p2a: Venusaur|Venusaur-Mega, M|25\/100 brn\n|move|p1a: Rotom|Overheat|p2a: Venusaur\n|-supereffective|p2a: Venusaur\n|-damage|p2a: Venusaur|0 fnt\n|-unboost|p1a: Rotom|spa|2\n|faint|p2a: Venusaur\n|\n|upkeep\n|\n|switch|p2a: Haxorus|Haxorus, F|100\/100\n|-ability|p2a: Haxorus|Mold Breaker\n|turn|21\n|\n|switch|p1a: Whimsicott|Whimsicott, F|74\/100\n|move|p2a: Haxorus|Dragon Dance|p2a: Haxorus\n|-boost|p2a: Haxorus|atk|1\n|-boost|p2a: Haxorus|spe|1\n|\n|-heal|p1a: Whimsicott|80\/100|[from] item: Leftovers\n|upkeep\n|turn|22\n|\n|move|p1a: Whimsicott|Leech Seed|p2a: Haxorus\n|-start|p2a: Haxorus|move: Leech Seed\n|move|p2a: Haxorus|Poison Jab|p1a: Whimsicott\n|-supereffective|p1a: Whimsicott\n|-damage|p1a: Whimsicott|0 fnt\n|faint|p1a: Whimsicott\n|\n|upkeep\n|\n|switch|p1a: Corviknight|Corviknight, M, shiny|82\/100\n|-ability|p1a: Corviknight|Pressure\n|turn|23\n|j| Ravens19\n|\n|switch|p2a: Rotom|Rotom-Wash|100\/100\n|move|p1a: Corviknight|Roost|p1a: Corviknight\n|-heal|p1a: Corviknight|100\/100\n|-singleturn|p1a: Corviknight|move: Roost\n|\n|upkeep\n|turn|24\n|\n|switch|p1a: Landorus|Landorus-Therian, M|53\/100\n|-ability|p1a: Landorus|Intimidate|boost\n|-unboost|p2a: Rotom|atk|1\n|move|p2a: Rotom|Hydro Pump|p1a: Landorus|[miss]\n|-miss|p2a: Rotom|p1a: Landorus\n|\n|-heal|p1a: Landorus|59\/100|[from] item: Leftovers\n|upkeep\n|turn|25\n|l| Ravens19\n|\n|move|p1a: Landorus|U-turn|p2a: Rotom\n|-damage|p2a: Rotom|72\/100\n|\n|switch|p1a: Obstagoon|Obstagoon, M|95\/100|[from]move: U-turn\n|move|p2a: Rotom|Hydro Pump|p1a: Obstagoon\n|-damage|p1a: Obstagoon|33\/100\n|\n|-heal|p2a: Rotom|78\/100|[from] item: Leftovers\n|upkeep\n|turn|26\n|\n|switch|p2a: Mudsdale|Mudsdale, F|100\/100\n|move|p1a: Obstagoon|Obstruct||[still]\n|-fail|p1a: Obstagoon\n|\n|upkeep\n|turn|27\n|\n|move|p1a: Obstagoon|Parting Shot|p2a: Mudsdale\n|-unboost|p2a: Mudsdale|atk|1\n|-unboost|p2a: Mudsdale|spa|1\n|\n|switch|p1a: Landorus|Landorus-Therian, M|59\/100|[from]move: Parting Shot\n|-ability|p1a: Landorus|Intimidate|boost\n|-unboost|p2a: Mudsdale|atk|1\n|move|p2a: Mudsdale|Stealth Rock|p1a: Landorus\n|-sidestart|p1: Walletinspector62|move: Stealth Rock\n|\n|-heal|p1a: Landorus|65\/100|[from] item: Leftovers\n|upkeep\n|turn|28\n|\n|move|p1a: Landorus|Swords Dance|p1a: Landorus\n|-boost|p1a: Landorus|atk|2\n|move|p2a: Mudsdale|Toxic|p1a: Landorus\n|-status|p1a: Landorus|tox\n|\n|-heal|p1a: Landorus|71\/100 tox|[from] item: Leftovers\n|-damage|p1a: Landorus|65\/100 tox|[from] psn\n|upkeep\n|turn|29\n|\n|switch|p2a: Celesteela|Celesteela|100\/100\n|move|p1a: Landorus|Earthquake|p2a: Celesteela\n|-immune|p2a: Celesteela\n|\n|-heal|p1a: Landorus|71\/100 tox|[from] item: Leftovers\n|-damage|p1a: Landorus|59\/100 tox|[from] psn\n|upkeep\n|turn|30\n|\n|move|p1a: Landorus|Knock Off|p2a: Celesteela\n|-damage|p2a: Celesteela|72\/100\n|move|p2a: Celesteela|Leech Seed|p1a: Landorus|[miss]\n|-miss|p2a: Celesteela|p1a: Landorus\n|\n|-heal|p1a: Landorus|65\/100 tox|[from] item: Leftovers\n|-damage|p1a: Landorus|47\/100 tox|[from] psn\n|upkeep\n|turn|31\n|\n|move|p1a: Landorus|U-turn|p2a: Celesteela\n|-resisted|p2a: Celesteela\n|-damage|p2a: Celesteela|64\/100\n|\n|switch|p1a: Rotom|Rotom-Heat|64\/100|[from]move: U-turn\n|move|p2a: Celesteela|Leech Seed|p1a: Rotom|[miss]\n|-miss|p2a: Celesteela|p1a: Rotom\n|\n|upkeep\n|turn|32\n|\n|switch|p2a: Rotom|Rotom-Wash|78\/100\n|move|p1a: Rotom|Will-O-Wisp|p2a: Rotom\n|-status|p2a: Rotom|brn\n|\n|-heal|p2a: Rotom|84\/100 brn|[from] item: Leftovers\n|-damage|p2a: Rotom|78\/100 brn|[from] brn\n|upkeep\n|turn|33\n|\n|switch|p1a: Obstagoon|Obstagoon, M|33\/100\n|-damage|p1a: Obstagoon|21\/100|[from] Stealth Rock\n|move|p2a: Rotom|Hydro Pump|p1a: Obstagoon\n|-crit|p1a: Obstagoon\n|-damage|p1a: Obstagoon|0 fnt\n|faint|p1a: Obstagoon\n|\n|-heal|p2a: Rotom|84\/100 brn|[from] item: Leftovers\n|-damage|p2a: Rotom|78\/100 brn|[from] brn\n|upkeep\n|\n|switch|p1a: Landorus|Landorus-Therian, M|47\/100 tox\n|-damage|p1a: Landorus|35\/100 tox|[from] Stealth Rock\n|-ability|p1a: Landorus|Intimidate|boost\n|-unboost|p2a: Rotom|atk|1\n|turn|34\n|\n|move|p1a: Landorus|Knock Off|p2a: Rotom\n|-damage|p2a: Rotom|39\/100 brn\n|-enditem|p2a: Rotom|Leftovers|[from] move: Knock Off|[of] p1a: Landorus\n|move|p2a: Rotom|Hydro Pump|p1a: Landorus\n|-supereffective|p1a: Landorus\n|-damage|p1a: Landorus|0 fnt\n|faint|p1a: Landorus\n|\n|-damage|p2a: Rotom|33\/100 brn|[from] brn\n|upkeep\n|\n|switch|p1a: Corviknight|Corviknight, M, shiny|100\/100\n|-damage|p1a: Corviknight|88\/100|[from] Stealth Rock\n|-ability|p1a: Corviknight|Pressure\n|turn|35\n|\n|move|p2a: Rotom|Discharge|p1a: Corviknight\n|-supereffective|p1a: Corviknight\n|-damage|p1a: Corviknight|10\/100\n|move|p1a: Corviknight|Roost|p1a: Corviknight\n|-heal|p1a: Corviknight|60\/100\n|-singleturn|p1a: Corviknight|move: Roost\n|\n|-heal|p1a: Corviknight|66\/100|[from] item: Leftovers\n|-damage|p2a: Rotom|27\/100 brn|[from] brn\n|upkeep\n|turn|36\n|\n|switch|p1a: Rotom|Rotom-Heat|64\/100\n|move|p2a: Rotom|Discharge|p1a: Rotom\n|-resisted|p1a: Rotom\n|-damage|p1a: Rotom|51\/100\n|\n|-damage|p2a: Rotom|21\/100 brn|[from] brn\n|upkeep\n|turn|37\n|\n|move|p2a: Rotom|Hydro Pump|p1a: Rotom\n|-supereffective|p1a: Rotom\n|-damage|p1a: Rotom|0 fnt\n|faint|p1a: Rotom\n|\n|-damage|p2a: Rotom|15\/100 brn|[from] brn\n|upkeep\n|\n|switch|p1a: Corviknight|Corviknight, M, shiny|66\/100\n|-damage|p1a: Corviknight|54\/100|[from] Stealth Rock\n|-ability|p1a: Corviknight|Pressure\n|turn|38\n|c|\u2606Walletinspector62|Gg\n|\n|move|p2a: Rotom|Discharge|p1a: Corviknight\n|-supereffective|p1a: Corviknight\n|-damage|p1a: Corviknight|0 fnt\n|faint|p1a: Corviknight\n|\n|win|JoltsOfEnergy\n|c|\u2606JoltsOfEnergy|gg\n|l|\u2606Walletinspector62\n","uploadtime":1584235111,"views":20,"p1id":"walletinspector62","p2id":"joltsofenergy","formatid":"gen8nationaldexlegacy","rating":0,"private":0,"password":null}