{"id":"sports-gen8bdspbdspdraft-592126","p1":"Mon43","p2":"AsterJ","format":"gen8bdspbdspdraft","log":"|j|\u2606Mon43\n|j|\u2606AsterJ\n|t:|1644720415\n|gametype|singles\n|player|p1|Mon43|wallace|\n|player|p2|AsterJ|asterj.png|\n|teamsize|p1|6\n|teamsize|p2|6\n|gen|8\n|tier|[Gen 8 BDSP] BDSP Draft\n|rule|Sleep Clause Mod: Limit one foe put to sleep\n|rule|OHKO Clause: OHKO moves are banned\n|rule|Evasion Moves Clause: Evasion moves are banned\n|rule|Endless Battle Clause: Forcing endless battles is banned\n|rule|HP Percentage Mod: HP is shown in percentages\n|clearpoke\n|poke|p1|Sceptile, F|\n|poke|p1|Dragonite, M|\n|poke|p1|Scizor, M|\n|poke|p1|Gliscor, F|\n|poke|p1|Cresselia, F|\n|poke|p1|Empoleon, F|\n|poke|p2|Suicune|\n|poke|p2|Rotom-Wash|\n|poke|p2|Garchomp, F|\n|poke|p2|Tyranitar, F|\n|poke|p2|Blissey, F|\n|poke|p2|Vileplume, M|\n|teampreview\n|html|<button name=\"send\" class=\"button\" value=\"\/timer ds\"><i class=\"fa fa-hourglass-start\"><\/i> DS Timer<\/button> <button name=\"send\" class=\"button\" value=\"\/timer smogon\"><i class=\"fa fa-hourglass-start\"><\/i> Smogon Timer<\/button>\n|c|\u2606AsterJ|Gl hf my dude\n|c|\u2606Mon43|u2!\n|j| PorygonTheBot\n|c| PorygonTheBot|Porygon has digitized into the match... booting up... successfully calibrating stats!\n|\n|t:|1644720466\n|start\n|switch|p1a: Sceptile|Sceptile, F|100\/100\n|switch|p2a: Rotom|Rotom-Wash|100\/100\n|turn|1\n|\n|t:|1644720539\n|switch|p2a: Vileplume|Vileplume, M|100\/100\n|move|p1a: Sceptile|Substitute|p1a: Sceptile\n|-start|p1a: Sceptile|Substitute\n|-damage|p1a: Sceptile|76\/100\n|\n|-heal|p1a: Sceptile|82\/100|[from] item: Leftovers\n|upkeep\n|turn|2\n|\n|t:|1644720546\n|move|p1a: Sceptile|Earthquake|p2a: Vileplume\n|-damage|p2a: Vileplume|83\/100\n|move|p2a: Vileplume|Sludge Bomb|p1a: Sceptile\n|-supereffective|p1a: Sceptile\n|-end|p1a: Sceptile|Substitute\n|\n|-heal|p1a: Sceptile|88\/100|[from] item: Leftovers\n|upkeep\n|turn|3\n|\n|t:|1644720555\n|switch|p1a: Scizor|Scizor, M|100\/100\n|move|p2a: Vileplume|Sludge Bomb|p1a: Scizor\n|-immune|p1a: Scizor\n|\n|upkeep\n|turn|4\n|\n|t:|1644720568\n|move|p1a: Scizor|U-turn|p2a: Vileplume\n|-damage|p2a: Vileplume|55\/100\n|-status|p1a: Scizor|slp|[from] ability: Effect Spore|[of] p2a: Vileplume\n|\n|t:|1644720575\n|switch|p1a: Empoleon|Empoleon, F|100\/100|[from]move: U-turn\n|move|p2a: Vileplume|Strength Sap|p1a: Empoleon\n|-unboost|p1a: Empoleon|atk|1\n|-heal|p2a: Vileplume|100\/100\n|\n|upkeep\n|turn|5\n|\n|t:|1644720585\n|switch|p2a: Rotom|Rotom-Wash|100\/100\n|move|p1a: Empoleon|Yawn|p2a: Rotom\n|-start|p2a: Rotom|move: Yawn|[of] p1a: Empoleon\n|\n|upkeep\n|turn|6\n|\n|t:|1644720606\n|switch|p2a: Tyranitar|Tyranitar, F|100\/100\n|-weather|Sandstorm|[from] ability: Sand Stream|[of] p2a: Tyranitar\n|switch|p1a: Gliscor|Gliscor, F|100\/100\n|\n|-weather|Sandstorm|[upkeep]\n|-status|p1a: Gliscor|tox|[from] item: Toxic Orb\n|upkeep\n|turn|7\n|\n|t:|1644720625\n|move|p1a: Gliscor|Earthquake|p2a: Tyranitar\n|-supereffective|p2a: Tyranitar\n|-damage|p2a: Tyranitar|16\/100\n|move|p2a: Tyranitar|Ice Fang|p1a: Gliscor\n|-supereffective|p1a: Gliscor\n|-damage|p1a: Gliscor|0 fnt\n|faint|p1a: Gliscor\n|\n|-weather|Sandstorm|[upkeep]\n|upkeep\n|\n|t:|1644720641\n|switch|p1a: Empoleon|Empoleon, F|100\/100\n|turn|8\n|\n|t:|1644720649\n|switch|p2a: Blissey|Blissey, F|100\/100\n|move|p1a: Empoleon|Scald|p2a: Blissey\n|-damage|p2a: Blissey|86\/100\n|\n|-weather|Sandstorm|[upkeep]\n|-damage|p2a: Blissey|80\/100|[from] Sandstorm\n|-heal|p2a: Blissey|86\/100|[from] item: Leftovers\n|upkeep\n|turn|9\n|\n|t:|1644720655\n|move|p1a: Empoleon|Yawn|p2a: Blissey\n|-start|p2a: Blissey|move: Yawn|[of] p1a: Empoleon\n|move|p2a: Blissey|Seismic Toss|p1a: Empoleon\n|-damage|p1a: Empoleon|70\/100\n|\n|-weather|Sandstorm|[upkeep]\n|-damage|p2a: Blissey|80\/100|[from] Sandstorm\n|-heal|p1a: Empoleon|76\/100|[from] item: Leftovers\n|-heal|p2a: Blissey|86\/100|[from] item: Leftovers\n|upkeep\n|turn|10\n|\n|t:|1644720664\n|switch|p1a: Scizor|Scizor, M|100\/100 slp\n|move|p2a: Blissey|Seismic Toss|p1a: Scizor\n|-damage|p1a: Scizor|71\/100 slp\n|\n|-weather|none\n|-heal|p1a: Scizor|78\/100 slp|[from] item: Leftovers\n|-heal|p2a: Blissey|92\/100|[from] item: Leftovers\n|-end|p2a: Blissey|move: Yawn|[silent]\n|-status|p2a: Blissey|slp\n|upkeep\n|turn|11\n|\n|t:|1644720672\n|-curestatus|p2a: Blissey|slp|[from] ability: Natural Cure\n|switch|p2a: Garchomp|Garchomp, F|100\/100\n|cant|p1a: Scizor|slp\n|\n|-heal|p1a: Scizor|84\/100 slp|[from] item: Leftovers\n|upkeep\n|turn|12\n|\n|t:|1644720679\n|move|p2a: Garchomp|Stealth Rock|p1a: Scizor\n|-sidestart|p1: Mon43|move: Stealth Rock\n|-curestatus|p1a: Scizor|slp|[msg]\n|move|p1a: Scizor|Roost|p1a: Scizor\n|-heal|p1a: Scizor|100\/100\n|-singleturn|p1a: Scizor|move: Roost\n|\n|upkeep\n|turn|13\n|\n|t:|1644720685\n|move|p2a: Garchomp|Earthquake|p1a: Scizor\n|-damage|p1a: Scizor|65\/100\n|move|p1a: Scizor|Defog|p2a: Garchomp\n|-unboost|p2a: Garchomp|evasion|1\n|-sideend|p1: Mon43|Stealth Rock|[from] move: Defog|[of] p1a: Scizor\n|\n|-heal|p1a: Scizor|71\/100|[from] item: Leftovers\n|upkeep\n|turn|14\n|\n|t:|1644720692\n|move|p2a: Garchomp|Swords Dance|p2a: Garchomp\n|-boost|p2a: Garchomp|atk|2\n|move|p1a: Scizor|U-turn|p2a: Garchomp\n|-damage|p2a: Garchomp|77\/100\n|-damage|p1a: Scizor|58\/100|[from] ability: Rough Skin|[of] p2a: Garchomp\n|\n|t:|1644720697\n|switch|p1a: Sceptile|Sceptile, F|88\/100|[from]move: U-turn\n|\n|-heal|p1a: Sceptile|94\/100|[from] item: Leftovers\n|-heal|p2a: Garchomp|83\/100|[from] item: Leftovers\n|upkeep\n|turn|15\n|\n|t:|1644720707\n|move|p1a: Sceptile|Leech Seed|p2a: Garchomp\n|-start|p2a: Garchomp|move: Leech Seed\n|move|p2a: Garchomp|Dual Chop|p1a: Sceptile\n|-damage|p1a: Sceptile|46\/100\n|-damage|p1a: Sceptile|0 fnt\n|faint|p1a: Sceptile\n|-hitcount|p1: Sceptile|2\n|\n|-heal|p2a: Garchomp|89\/100|[from] item: Leftovers\n|upkeep\n|\n|t:|1644720717\n|switch|p1a: Dragonite|Dragonite, M|100\/100\n|turn|16\n|\n|t:|1644720725\n|switch|p1a: Empoleon|Empoleon, F|76\/100\n|move|p2a: Garchomp|Dual Chop|p1a: Empoleon\n|-resisted|p1a: Empoleon\n|-damage|p1a: Empoleon|56\/100\n|-resisted|p1a: Empoleon\n|-damage|p1a: Empoleon|37\/100\n|-hitcount|p1a: Empoleon|2\n|\n|-heal|p2a: Garchomp|95\/100|[from] item: Leftovers\n|-heal|p1a: Empoleon|43\/100|[from] item: Leftovers\n|-damage|p2a: Garchomp|83\/100|[from] Leech Seed|[of] p1a: Empoleon\n|-heal|p1a: Empoleon|59\/100|[silent]\n|upkeep\n|turn|17\n|\n|t:|1644720736\n|switch|p2a: Blissey|Blissey, F|92\/100\n|switch|p1a: Cresselia|Cresselia, F|100\/100\n|\n|-heal|p2a: Blissey|98\/100|[from] item: Leftovers\n|upkeep\n|turn|18\n|\n|t:|1644720747\n|switch|p1a: Scizor|Scizor, M|58\/100\n|switch|p2a: Suicune|Suicune|100\/100\n|\n|-heal|p1a: Scizor|64\/100|[from] item: Leftovers\n|upkeep\n|turn|19\n|\n|t:|1644720767\n|move|p2a: Suicune|Scald|p1a: Scizor\n|-damage|p1a: Scizor|36\/100\n|move|p1a: Scizor|U-turn|p2a: Suicune\n|-damage|p2a: Suicune|79\/100\n|\n|t:|1644720781\n|switch|p1a: Cresselia|Cresselia, F|100\/100|[from]move: U-turn\n|\n|-heal|p2a: Suicune|85\/100|[from] item: Leftovers\n|upkeep\n|turn|20\n|\n|t:|1644720785\n|move|p2a: Suicune|Calm Mind|p2a: Suicune\n|-boost|p2a: Suicune|spa|1\n|-boost|p2a: Suicune|spd|1\n|move|p1a: Cresselia|Calm Mind|p1a: Cresselia\n|-boost|p1a: Cresselia|spa|1\n|-boost|p1a: Cresselia|spd|1\n|\n|-heal|p2a: Suicune|91\/100|[from] item: Leftovers\n|upkeep\n|turn|21\n|\n|t:|1644720790\n|move|p2a: Suicune|Calm Mind|p2a: Suicune\n|-boost|p2a: Suicune|spa|1\n|-boost|p2a: Suicune|spd|1\n|move|p1a: Cresselia|Calm Mind|p1a: Cresselia\n|-boost|p1a: Cresselia|spa|1\n|-boost|p1a: Cresselia|spd|1\n|\n|-heal|p2a: Suicune|98\/100|[from] item: Leftovers\n|upkeep\n|turn|22\n|\n|t:|1644720794\n|move|p2a: Suicune|Calm Mind|p2a: Suicune\n|-boost|p2a: Suicune|spa|1\n|-boost|p2a: Suicune|spd|1\n|move|p1a: Cresselia|Calm Mind|p1a: Cresselia\n|-boost|p1a: Cresselia|spa|1\n|-boost|p1a: Cresselia|spd|1\n|\n|-heal|p2a: Suicune|100\/100|[from] item: Leftovers\n|upkeep\n|turn|23\n|\n|t:|1644720798\n|move|p2a: Suicune|Calm Mind|p2a: Suicune\n|-boost|p2a: Suicune|spa|1\n|-boost|p2a: Suicune|spd|1\n|move|p1a: Cresselia|Psychic|p2a: Suicune\n|-damage|p2a: Suicune|76\/100\n|\n|-heal|p2a: Suicune|82\/100|[from] item: Leftovers\n|upkeep\n|turn|24\n|\n|t:|1644720802\n|move|p2a: Suicune|Calm Mind|p2a: Suicune\n|-boost|p2a: Suicune|spa|1\n|-boost|p2a: Suicune|spd|1\n|move|p1a: Cresselia|Psychic|p2a: Suicune\n|-damage|p2a: Suicune|62\/100\n|\n|-heal|p2a: Suicune|68\/100|[from] item: Leftovers\n|upkeep\n|turn|25\n|\n|t:|1644720819\n|move|p2a: Suicune|Scald|p1a: Cresselia\n|-crit|p1a: Cresselia\n|-damage|p1a: Cresselia|19\/100\n|move|p1a: Cresselia|Psychic|p2a: Suicune\n|-damage|p2a: Suicune|47\/100\n|\n|-heal|p2a: Suicune|54\/100|[from] item: Leftovers\n|-heal|p1a: Cresselia|25\/100|[from] item: Leftovers\n|upkeep\n|turn|26\n|\n|t:|1644720825\n|move|p2a: Suicune|Rest|p2a: Suicune\n|-status|p2a: Suicune|slp|[from] move: Rest\n|-heal|p2a: Suicune|100\/100 slp|[silent]\n|move|p1a: Cresselia|Moonlight|p1a: Cresselia\n|-heal|p1a: Cresselia|75\/100\n|\n|-heal|p1a: Cresselia|82\/100|[from] item: Leftovers\n|upkeep\n|turn|27\n|\n|t:|1644720830\n|cant|p2a: Suicune|slp\n|move|p1a: Cresselia|Psychic|p2a: Suicune\n|-damage|p2a: Suicune|80\/100 slp\n|\n|-heal|p2a: Suicune|87\/100 slp|[from] item: Leftovers\n|-heal|p1a: Cresselia|88\/100|[from] item: Leftovers\n|upkeep\n|turn|28\n|\n|t:|1644720834\n|cant|p2a: Suicune|slp\n|move|p1a: Cresselia|Psychic|p2a: Suicune\n|-damage|p2a: Suicune|67\/100 slp\n|\n|-heal|p2a: Suicune|73\/100 slp|[from] item: Leftovers\n|-heal|p1a: Cresselia|94\/100|[from] item: Leftovers\n|upkeep\n|turn|29\n|\n|t:|1644720839\n|move|p1a: Cresselia|Psychic|p2a: Suicune\n|-damage|p2a: Suicune|55\/100 slp\n|-unboost|p2a: Suicune|spd|1\n|-curestatus|p2a: Suicune|slp|[msg]\n|move|p2a: Suicune|Roar|p1a: Cresselia\n|drag|p1a: Scizor|Scizor, M|36\/100\n|\n|-heal|p2a: Suicune|61\/100|[from] item: Leftovers\n|-heal|p1a: Scizor|42\/100|[from] item: Leftovers\n|upkeep\n|turn|30\n|\n|t:|1644720845\n|move|p2a: Suicune|Scald|p1a: Scizor\n|-damage|p1a: Scizor|0 fnt\n|faint|p1a: Scizor\n|\n|-heal|p2a: Suicune|68\/100|[from] item: Leftovers\n|upkeep\n|\n|t:|1644720847\n|switch|p1a: Dragonite|Dragonite, M|100\/100\n|turn|31\n|\n|t:|1644720855\n|move|p2a: Suicune|Scald|p1a: Dragonite\n|-resisted|p1a: Dragonite\n|-damage|p1a: Dragonite|76\/100\n|move|p1a: Dragonite|Dragon Dance|p1a: Dragonite\n|-boost|p1a: Dragonite|atk|1\n|-boost|p1a: Dragonite|spe|1\n|\n|-heal|p2a: Suicune|74\/100|[from] item: Leftovers\n|upkeep\n|turn|32\n|\n|t:|1644720861\n|move|p1a: Dragonite|Outrage|p2a: Suicune\n|-damage|p2a: Suicune|4\/100\n|move|p2a: Suicune|Roar|p1a: Dragonite\n|drag|p1a: Cresselia|Cresselia, F|94\/100\n|\n|-heal|p2a: Suicune|10\/100|[from] item: Leftovers\n|-heal|p1a: Cresselia|99\/100|[from] item: Leftovers\n|upkeep\n|turn|33\n|\n|t:|1644720867\n|move|p2a: Suicune|Scald|p1a: Cresselia\n|-damage|p1a: Cresselia|50\/100\n|-status|p1a: Cresselia|brn\n|move|p1a: Cresselia|Psychic|p2a: Suicune\n|-damage|p2a: Suicune|1\/100\n|\n|-heal|p2a: Suicune|8\/100|[from] item: Leftovers\n|-heal|p1a: Cresselia|56\/100 brn|[from] item: Leftovers\n|-damage|p1a: Cresselia|50\/100 brn|[from] brn\n|upkeep\n|turn|34\n|\n|t:|1644720874\n|move|p2a: Suicune|Scald|p1a: Cresselia\n|-damage|p1a: Cresselia|0 fnt\n|faint|p1a: Cresselia\n|\n|-heal|p2a: Suicune|14\/100|[from] item: Leftovers\n|upkeep\n|\n|t:|1644720877\n|switch|p1a: Dragonite|Dragonite, M|76\/100\n|turn|35\n|\n|t:|1644720880\n|move|p2a: Suicune|Scald|p1a: Dragonite\n|-resisted|p1a: Dragonite\n|-damage|p1a: Dragonite|34\/100\n|move|p1a: Dragonite|Dragon Dance|p1a: Dragonite\n|-boost|p1a: Dragonite|atk|1\n|-boost|p1a: Dragonite|spe|1\n|\n|-heal|p2a: Suicune|20\/100|[from] item: Leftovers\n|upkeep\n|turn|36\n|\n|t:|1644720897\n|move|p1a: Dragonite|Outrage|p2a: Suicune\n|-damage|p2a: Suicune|0 fnt\n|faint|p2a: Suicune\n|\n|upkeep\n|\n|t:|1644720904\n|switch|p2a: Vileplume|Vileplume, M|100\/100\n|turn|37\n|\n|t:|1644720910\n|move|p1a: Dragonite|Outrage|p2a: Vileplume|[from]lockedmove\n|-damage|p2a: Vileplume|11\/100\n|-start|p1a: Dragonite|confusion|[fatigue]\n|-enditem|p1a: Dragonite|Lum Berry|[eat]\n|-end|p1a: Dragonite|confusion\n|move|p2a: Vileplume|Strength Sap|p1a: Dragonite\n|-unboost|p1a: Dragonite|atk|1\n|-heal|p2a: Vileplume|100\/100\n|\n|upkeep\n|turn|38\n|\n|t:|1644720916\n|move|p1a: Dragonite|Dragon Dance|p1a: Dragonite\n|-boost|p1a: Dragonite|atk|1\n|-boost|p1a: Dragonite|spe|1\n|move|p2a: Vileplume|Strength Sap|p1a: Dragonite\n|-unboost|p1a: Dragonite|atk|1\n|\n|upkeep\n|turn|39\n|\n|t:|1644720919\n|move|p1a: Dragonite|Dragon Dance|p1a: Dragonite\n|-boost|p1a: Dragonite|atk|1\n|-boost|p1a: Dragonite|spe|1\n|move|p2a: Vileplume|Sludge Bomb|p1a: Dragonite\n|-damage|p1a: Dragonite|0 fnt\n|faint|p1a: Dragonite\n|\n|upkeep\n|\n|t:|1644720921\n|switch|p1a: Empoleon|Empoleon, F|59\/100\n|turn|40\n|\n|t:|1644720924\n|move|p1a: Empoleon|Agility|p1a: Empoleon\n|-boost|p1a: Empoleon|spe|2\n|move|p2a: Vileplume|Leech Seed|p1a: Empoleon\n|-start|p1a: Empoleon|move: Leech Seed\n|\n|-heal|p1a: Empoleon|65\/100|[from] item: Leftovers\n|-damage|p1a: Empoleon|53\/100|[from] Leech Seed|[of] p2a: Vileplume\n|upkeep\n|turn|41\n|\n|t:|1644720931\n|switch|p2a: Blissey|Blissey, F|98\/100\n|move|p1a: Empoleon|Ice Beam|p2a: Blissey\n|-damage|p2a: Blissey|87\/100\n|\n|-heal|p1a: Empoleon|59\/100|[from] item: Leftovers\n|-heal|p2a: Blissey|93\/100|[from] item: Leftovers\n|-damage|p1a: Empoleon|47\/100|[from] Leech Seed|[of] p2a: Blissey\n|-heal|p2a: Blissey|99\/100|[silent]\n|upkeep\n|turn|42\n|\n|t:|1644720935\n|move|p1a: Empoleon|Yawn|p2a: Blissey\n|-start|p2a: Blissey|move: Yawn|[of] p1a: Empoleon\n|move|p2a: Blissey|Seismic Toss|p1a: Empoleon\n|-damage|p1a: Empoleon|16\/100\n|\n|-heal|p1a: Empoleon|22\/100|[from] item: Leftovers\n|-heal|p2a: Blissey|100\/100|[from] item: Leftovers\n|-damage|p1a: Empoleon|10\/100|[from] Leech Seed|[of] p2a: Blissey\n|upkeep\n|turn|43\n|\n|t:|1644720938\n|move|p1a: Empoleon|Scald|p2a: Blissey\n|-damage|p2a: Blissey|78\/100\n|move|p2a: Blissey|Seismic Toss|p1a: Empoleon\n|-damage|p1a: Empoleon|0 fnt\n|faint|p1a: Empoleon\n|\n|win|AsterJ\n|l| PorygonTheBot\n|c|\u2606AsterJ|Gg\n|c|\u2606Mon43|gg\n|c|\u2606AsterJ|Sorry for the Suicune rolls\n","uploadtime":1644720939,"views":23,"p1id":"mon43","p2id":"asterj","formatid":"gen8bdspbdspdraft","rating":0,"private":0,"password":null}