{"id":"sports-gen8nationaldexdraft-632837","p1":"Gelbel3c","p2":"AsterJ","format":"gen8nationaldexdraft","log":"|j|\u2606Gelbel3c\n|j|\u2606AsterJ\n|t:|1649959408\n|gametype|singles\n|player|p1|Gelbel3c|gelbel3c.png|\n|player|p2|AsterJ|asterj.png|\n|teamsize|p1|6\n|teamsize|p2|6\n|gen|8\n|tier|[Gen 8] National Dex Draft\n|rule|Sleep Clause Mod: Limit one foe put to sleep\n|rule|OHKO Clause: OHKO moves are banned\n|rule|Evasion Moves Clause: Evasion moves are banned\n|rule|Endless Battle Clause: Forcing endless battles is banned\n|rule|HP Percentage Mod: HP is shown in percentages\n|rule|Dynamax Clause: You cannot dynamax\n|clearpoke\n|poke|p1|Zapdos-Galar|\n|poke|p1|Tsareena, F|\n|poke|p1|Klefki, F|\n|poke|p1|Excadrill, F|\n|poke|p1|Manectric, M|\n|poke|p1|Latias, F|\n|poke|p2|Stoutland, M|\n|poke|p2|Melmetal|\n|poke|p2|Tapu Bulu|\n|poke|p2|Zapdos|\n|poke|p2|Tyranitar, M|\n|poke|p2|Nidoking, M|\n|teampreview\n|html|<button name=\"send\" class=\"button\" value=\"\/timer ds\"><i class=\"fa fa-hourglass-start\"><\/i> DS Timer<\/button> <button name=\"send\" class=\"button\" value=\"\/timer smogon\"><i class=\"fa fa-hourglass-start\"><\/i> Smogon Timer<\/button>\n|c|\u2606AsterJ|Hf man!\n|c|\u2606Gelbel3c|glhf !\n|j| Leroiluxrayps\n|\n|t:|1649959539\n|start\n|switch|p1a: Klefki|Klefki, F|100\/100\n|switch|p2a: Melmetal|Melmetal|100\/100\n|turn|1\n|j| BrrBrrStonksInc\n|\n|t:|1649959587\n|move|p1a: Klefki|Spikes|p2a: Melmetal\n|-sidestart|p2: AsterJ|Spikes\n|move|p2a: Melmetal|High Horsepower|p1a: Klefki|[miss]\n|-miss|p2a: Melmetal|p1a: Klefki\n|\n|upkeep\n|turn|2\n|\n|t:|1649959596\n|move|p1a: Klefki|Spikes|p2a: Melmetal\n|-sidestart|p2: AsterJ|Spikes\n|move|p2a: Melmetal|Double Iron Bash|p1a: Klefki\n|-damage|p1a: Klefki|44\/100\n|-damage|p1a: Klefki|0 fnt\n|faint|p1a: Klefki\n|-hitcount|p1: Klefki|2\n|\n|upkeep\n|j| Boulicrok\n|\n|t:|1649959617\n|switch|p1a: Manectric|Manectric, M, shiny|100\/100\n|turn|3\n|\n|t:|1649959633\n|switch|p2a: Nidoking|Nidoking, M|100\/100\n|-damage|p2a: Nidoking|84\/100|[from] Spikes\n|detailschange|p1a: Manectric|Manectric-Mega, M, shiny\n|-mega|p1a: Manectric|Manectric|Manectite\n|-ability|p1a: Manectric|Intimidate|boost\n|-unboost|p2a: Nidoking|atk|1\n|move|p1a: Manectric|Flamethrower|p2a: Nidoking\n|-damage|p2a: Nidoking|53\/100\n|\n|-heal|p2a: Nidoking|59\/100|[from] item: Black Sludge\n|upkeep\n|turn|4\n|\n|t:|1649959647\n|switch|p1a: Latias|Latias, F|100\/100\n|move|p2a: Nidoking|Toxic|p1a: Latias\n|-status|p1a: Latias|tox\n|\n|-heal|p2a: Nidoking|65\/100|[from] item: Black Sludge\n|-damage|p1a: Latias|94\/100 tox|[from] psn\n|upkeep\n|turn|5\n|l| Boulicrok\n|\n|t:|1649959686\n|move|p2a: Nidoking|Protect|p2a: Nidoking\n|-singleturn|p2a: Nidoking|Protect\n|move|p1a: Latias|Future Sight|p2a: Nidoking\n|-start|p1a: Latias|move: Future Sight\n|\n|-heal|p2a: Nidoking|71\/100|[from] item: Black Sludge\n|-damage|p1a: Latias|82\/100 tox|[from] psn\n|upkeep\n|turn|6\n|\n|t:|1649959708\n|move|p1a: Latias|Aura Sphere|p2a: Nidoking\n|-resisted|p2a: Nidoking\n|-damage|p2a: Nidoking|57\/100\n|-damage|p1a: Latias|72\/100 tox|[from] item: Life Orb\n|move|p2a: Nidoking|Sludge Wave|p1a: Latias\n|-damage|p1a: Latias|38\/100 tox\n|\n|-heal|p2a: Nidoking|63\/100|[from] item: Black Sludge\n|-damage|p1a: Latias|20\/100 tox|[from] psn\n|upkeep\n|turn|7\n|\n|t:|1649959741\n|switch|p2a: Tyranitar|Tyranitar, M|100\/100\n|-damage|p2a: Tyranitar|84\/100|[from] Spikes\n|-weather|Sandstorm|[from] ability: Sand Stream|[of] p2a: Tyranitar\n|move|p1a: Latias|Aura Sphere|p2a: Tyranitar\n|-supereffective|p2a: Tyranitar\n|-damage|p2a: Tyranitar|15\/100\n|-damage|p1a: Latias|10\/100 tox|[from] item: Life Orb\n|\n|-weather|Sandstorm|[upkeep]\n|-damage|p1a: Latias|4\/100 tox|[from] Sandstorm\n|-end|p2a: Tyranitar|move: Future Sight\n|-immune|p2a: Tyranitar\n|-damage|p1a: Latias|0 fnt|[from] item: Life Orb\n|faint|p1a: Latias\n|upkeep\n|\n|t:|1649959776\n|switch|p1a: Tsareena|Tsareena, F, shiny|100\/100\n|turn|8\n|\n|t:|1649959797\n|detailschange|p2a: Tyranitar|Tyranitar-Mega, M\n|-mega|p2a: Tyranitar|Tyranitar|Tyranitarite\n|move|p2a: Tyranitar|Protect|p2a: Tyranitar\n|-singleturn|p2a: Tyranitar|Protect\n|move|p1a: Tsareena|Triple Axel|p2a: Tyranitar\n|-activate|p2a: Tyranitar|move: Protect\n|\n|-weather|Sandstorm|[upkeep]\n|-damage|p1a: Tsareena|95\/100|[from] Sandstorm\n|upkeep\n|turn|9\n|j| palkia62\n|\n|t:|1649959824\n|move|p1a: Tsareena|Triple Axel|p2a: Tyranitar\n|-crit|p2a: Tyranitar\n|-damage|p2a: Tyranitar|9\/100\n|-damage|p2a: Tyranitar|2\/100\n|-damage|p2a: Tyranitar|0 fnt\n|faint|p2a: Tyranitar\n|-hitcount|p2: Tyranitar|3\n|\n|-weather|Sandstorm|[upkeep]\n|-damage|p1a: Tsareena|89\/100|[from] Sandstorm\n|upkeep\n|\n|t:|1649959912\n|switch|p2a: Melmetal|Melmetal|100\/100\n|-damage|p2a: Melmetal|84\/100|[from] Spikes\n|turn|10\n|\n|t:|1649959932\n|move|p2a: Melmetal|Protect|p2a: Melmetal\n|-singleturn|p2a: Melmetal|Protect\n|move|p1a: Tsareena|High Jump Kick|p2a: Melmetal\n|-activate|p2a: Melmetal|move: Protect\n|-damage|p1a: Tsareena|39\/100|[from] highjumpkick\n|\n|-weather|Sandstorm|[upkeep]\n|-damage|p1a: Tsareena|33\/100|[from] Sandstorm\n|-heal|p2a: Melmetal|90\/100|[from] item: Leftovers\n|upkeep\n|turn|11\n|\n|t:|1649959979\n|move|p1a: Tsareena|High Jump Kick|p2a: Melmetal\n|-supereffective|p2a: Melmetal\n|-damage|p2a: Melmetal|38\/100\n|move|p2a: Melmetal|Double Iron Bash|p1a: Tsareena\n|-damage|p1a: Tsareena|0 fnt\n|faint|p1a: Tsareena\n|-hitcount|p1: Tsareena|1\n|\n|-weather|none\n|-heal|p2a: Melmetal|45\/100|[from] item: Leftovers\n|upkeep\n|\n|t:|1649960043\n|switch|p1a: Manectric|Manectric-Mega, M, shiny|100\/100\n|-ability|p1a: Manectric|Intimidate|boost\n|-unboost|p2a: Melmetal|atk|1\n|turn|12\n|\n|t:|1649960074\n|move|p2a: Melmetal|Protect|p2a: Melmetal\n|-singleturn|p2a: Melmetal|Protect\n|move|p1a: Manectric|Flamethrower|p2a: Melmetal\n|-activate|p2a: Melmetal|move: Protect\n|\n|-heal|p2a: Melmetal|51\/100|[from] item: Leftovers\n|upkeep\n|turn|13\n|\n|t:|1649960087\n|move|p1a: Manectric|Flamethrower|p2a: Melmetal\n|-supereffective|p2a: Melmetal\n|-damage|p2a: Melmetal|5\/100\n|move|p2a: Melmetal|High Horsepower|p1a: Manectric\n|-supereffective|p1a: Manectric\n|-damage|p1a: Manectric|39\/100\n|\n|-heal|p2a: Melmetal|11\/100|[from] item: Leftovers\n|upkeep\n|turn|14\n|\n|t:|1649960098\n|move|p1a: Manectric|Flamethrower|p2a: Melmetal\n|-supereffective|p2a: Melmetal\n|-damage|p2a: Melmetal|0 fnt\n|faint|p2a: Melmetal\n|\n|upkeep\n|\n|t:|1649960109\n|switch|p2a: Nidoking|Nidoking, M|63\/100\n|-damage|p2a: Nidoking|46\/100|[from] Spikes\n|turn|15\n|\n|t:|1649960145\n|switch|p1a: Zapdos|Zapdos-Galar|100\/100\n|move|p2a: Nidoking|Sludge Wave|p1a: Zapdos\n|-damage|p1a: Zapdos|55\/100\n|\n|-heal|p2a: Nidoking|52\/100|[from] item: Black Sludge\n|upkeep\n|turn|16\n|\n|t:|1649960163\n|switch|p2a: Zapdos|Zapdos|100\/100\n|move|p1a: Zapdos|U-turn|p2a: Zapdos\n|-resisted|p2a: Zapdos\n|-damage|p2a: Zapdos|90\/100\n|\n|t:|1649960168\n|switch|p1a: Manectric|Manectric-Mega, M, shiny|39\/100|[from]move: U-turn\n|-ability|p1a: Manectric|Intimidate|boost\n|-unboost|p2a: Zapdos|atk|1\n|\n|upkeep\n|turn|17\n|\n|t:|1649960189\n|move|p1a: Manectric|Toxic|p2a: Zapdos\n|-status|p2a: Zapdos|tox\n|move|p2a: Zapdos|Defog|p1a: Manectric\n|-unboost|p1a: Manectric|evasion|1\n|-sideend|p2: AsterJ|Spikes|[from] move: Defog|[of] p2a: Zapdos\n|\n|-damage|p2a: Zapdos|84\/100 tox|[from] psn\n|upkeep\n|turn|18\n|\n|t:|1649960201\n|switch|p2a: Nidoking|Nidoking, M|52\/100\n|move|p1a: Manectric|Flamethrower|p2a: Nidoking\n|-damage|p2a: Nidoking|21\/100\n|\n|-heal|p2a: Nidoking|27\/100|[from] item: Black Sludge\n|upkeep\n|turn|19\n|\n|t:|1649960229\n|move|p1a: Manectric|Flamethrower|p2a: Nidoking\n|-damage|p2a: Nidoking|0 fnt\n|faint|p2a: Nidoking\n|\n|upkeep\n|\n|t:|1649960236\n|switch|p2a: Stoutland|Stoutland, M|100\/100\n|turn|20\n|l| palkia62\n|j| palkia62\n|\n|t:|1649960345\n|move|p2a: Stoutland|Last Resort||[still]\n|-fail|p2a: Stoutland\n|move|p1a: Manectric|Volt Switch|p2a: Stoutland\n|-damage|p2a: Stoutland|59\/100\n|\n|t:|1649960363\n|switch|p1a: Zapdos|Zapdos-Galar|55\/100|[from]move: Volt Switch\n|\n|upkeep\n|turn|21\n|c|\u2606AsterJ|Wait what\n|c|\u2606AsterJ|Omg they changed it\n|c|\u2606Gelbel3c|that's already been like that f I remember correctly\n|c|\u2606Gelbel3c|only komala works because of sleep talk\n|c|\u2606AsterJ|For real?\n|c|\u2606Gelbel3c|yes\n|c|\u2606AsterJ|Ahh fuck oh well\n|\n|t:|1649960422\n|switch|p2a: Zapdos|Zapdos|84\/100 tox\n|move|p1a: Zapdos|U-turn|p2a: Zapdos\n|-resisted|p2a: Zapdos\n|-damage|p2a: Zapdos|73\/100 tox\n|c| palkia62|Yh you need another move on it for it to work yh\n|\n|t:|1649960426\n|switch|p1a: Manectric|Manectric-Mega, M, shiny|39\/100|[from]move: U-turn\n|-ability|p1a: Manectric|Intimidate|boost\n|-unboost|p2a: Zapdos|atk|1\n|\n|-damage|p2a: Zapdos|67\/100 tox|[from] psn\n|upkeep\n|turn|22\n|\n|t:|1649960462\n|switch|p2a: Stoutland|Stoutland, M|59\/100\n|move|p1a: Manectric|Thunderbolt|p2a: Stoutland\n|-damage|p2a: Stoutland|8\/100\n|\n|upkeep\n|turn|23\n|\n|t:|1649960487\n|move|p2a: Stoutland|Last Resort||[still]\n|-fail|p2a: Stoutland\n|move|p1a: Manectric|Volt Switch|p2a: Stoutland\n|-damage|p2a: Stoutland|0 fnt\n|faint|p2a: Stoutland\n|\n|t:|1649960511\n|switch|p1a: Excadrill|Excadrill, F|100\/100|[from]move: Volt Switch\n|-ability|p1a: Excadrill|Mold Breaker\n|\n|upkeep\n|\n|t:|1649960561\n|switch|p2a: Tapu Bulu|Tapu Bulu|100\/100\n|-fieldstart|move: Grassy Terrain|[from] ability: Grassy Surge|[of] p2a: Tapu Bulu\n|turn|24\n|\n|t:|1649960565\n|switch|p2a: Zapdos|Zapdos|67\/100 tox\n|move|p1a: Excadrill|Iron Head|p2a: Zapdos\n|-resisted|p2a: Zapdos\n|-damage|p2a: Zapdos|49\/100 tox\n|-status|p1a: Excadrill|par|[from] ability: Static|[of] p2a: Zapdos\n|\n|-damage|p2a: Zapdos|42\/100 tox|[from] psn\n|upkeep\n|turn|25\n|\n|t:|1649960574\n|switch|p1a: Manectric|Manectric-Mega, M, shiny|39\/100\n|-ability|p1a: Manectric|Intimidate|boost\n|-unboost|p2a: Zapdos|atk|1\n|move|p2a: Zapdos|Roost|p2a: Zapdos\n|-heal|p2a: Zapdos|93\/100 tox\n|-singleturn|p2a: Zapdos|move: Roost\n|\n|-heal|p1a: Manectric|45\/100|[from] Grassy Terrain\n|-heal|p2a: Zapdos|99\/100 tox|[from] Grassy Terrain\n|-damage|p2a: Zapdos|86\/100 tox|[from] psn\n|upkeep\n|turn|26\n|\n|t:|1649960582\n|move|p1a: Manectric|Flamethrower|p2a: Zapdos\n|-damage|p2a: Zapdos|53\/100 tox\n|move|p2a: Zapdos|Volt Switch|p1a: Manectric\n|-resisted|p1a: Manectric\n|-damage|p1a: Manectric|25\/100\n|\n|t:|1649960587\n|switch|p2a: Tapu Bulu|Tapu Bulu|100\/100|[from]move: Volt Switch\n|\n|-heal|p1a: Manectric|31\/100|[from] Grassy Terrain\n|upkeep\n|turn|27\n|\n|t:|1649960600\n|switch|p1a: Excadrill|Excadrill, F|100\/100 par\n|-ability|p1a: Excadrill|Mold Breaker\n|move|p2a: Tapu Bulu|Wood Hammer|p1a: Excadrill\n|-damage|p1a: Excadrill|0 fnt\n|faint|p1a: Excadrill\n|-damage|p2a: Tapu Bulu|65\/100|[from] Recoil\n|\n|-heal|p2a: Tapu Bulu|71\/100|[from] Grassy Terrain\n|upkeep\n|\n|t:|1649960604\n|switch|p1a: Zapdos|Zapdos-Galar|55\/100\n|turn|28\n|\n|t:|1649960611\n|move|p2a: Tapu Bulu|Protect|p2a: Tapu Bulu\n|-singleturn|p2a: Tapu Bulu|Protect\n|move|p1a: Zapdos|Brave Bird|p2a: Tapu Bulu\n|-activate|p2a: Tapu Bulu|move: Protect\n|\n|-heal|p2a: Tapu Bulu|77\/100|[from] Grassy Terrain\n|-fieldend|move: Grassy Terrain\n|upkeep\n|turn|29\n|\n|t:|1649960674\n|move|p1a: Zapdos|Brave Bird|p2a: Tapu Bulu\n|-supereffective|p2a: Tapu Bulu\n|-damage|p2a: Tapu Bulu|0 fnt\n|faint|p2a: Tapu Bulu\n|-damage|p1a: Zapdos|29\/100|[from] Recoil\n|\n|upkeep\n|\n|t:|1649960676\n|switch|p2a: Zapdos|Zapdos|53\/100 tox\n|turn|30\n|\n|t:|1649960684\n|move|p1a: Zapdos|Thunderous Kick|p2a: Zapdos\n|-resisted|p2a: Zapdos\n|-damage|p2a: Zapdos|35\/100 tox\n|-unboost|p2a: Zapdos|def|1\n|move|p2a: Zapdos|Roost|p2a: Zapdos\n|-heal|p2a: Zapdos|85\/100 tox\n|-singleturn|p2a: Zapdos|move: Roost\n|\n|-damage|p2a: Zapdos|79\/100 tox|[from] psn\n|upkeep\n|turn|31\n|\n|t:|1649960695\n|move|p1a: Zapdos|Brave Bird|p2a: Zapdos\n|-resisted|p2a: Zapdos\n|-damage|p2a: Zapdos|42\/100 tox\n|-damage|p1a: Zapdos|15\/100|[from] Recoil\n|move|p2a: Zapdos|Roost|p2a: Zapdos\n|-heal|p2a: Zapdos|92\/100 tox\n|-singleturn|p2a: Zapdos|move: Roost\n|\n|-damage|p2a: Zapdos|80\/100 tox|[from] psn\n|upkeep\n|turn|32\n|\n|t:|1649960714\n|move|p1a: Zapdos|Thunderous Kick|p2a: Zapdos\n|-resisted|p2a: Zapdos\n|-damage|p2a: Zapdos|51\/100 tox\n|-unboost|p2a: Zapdos|def|1\n|move|p2a: Zapdos|Roost|p2a: Zapdos\n|-heal|p2a: Zapdos|100\/100 tox\n|-singleturn|p2a: Zapdos|move: Roost\n|\n|-damage|p2a: Zapdos|82\/100 tox|[from] psn\n|upkeep\n|turn|33\n|\n|t:|1649960722\n|move|p1a: Zapdos|Thunderous Kick|p2a: Zapdos\n|-resisted|p2a: Zapdos\n|-crit|p2a: Zapdos\n|-damage|p2a: Zapdos|19\/100 tox\n|-unboost|p2a: Zapdos|def|1\n|move|p2a: Zapdos|Roost|p2a: Zapdos\n|-heal|p2a: Zapdos|70\/100 tox\n|-singleturn|p2a: Zapdos|move: Roost\n|\n|-damage|p2a: Zapdos|45\/100 tox|[from] psn\n|upkeep\n|turn|34\n|c|\u2606AsterJ|Gg\n|c|\u2606Gelbel3c|gg\n|\n|t:|1649960739\n|move|p1a: Zapdos|Brave Bird|p2a: Zapdos\n|-resisted|p2a: Zapdos\n|-damage|p2a: Zapdos|0 fnt\n|faint|p2a: Zapdos\n|-damage|p1a: Zapdos|0 fnt|[from] Recoil\n|faint|p1a: Zapdos\n|\n|win|Gelbel3c\n|c|\u2606AsterJ|Were u pads?\n|c|\u2606Gelbel3c|yeah\n|c|\u2606AsterJ|Fair enough\n|l| palkia62\n","uploadtime":1649960765,"views":70,"p1id":"gelbel3c","p2id":"asterj","formatid":"gen8nationaldexdraft","rating":0,"private":0,"password":null}