{"id":"sports-gen8oldnationaldlc2draft-317655","p1":"Specs KD","p2":"CyperKnight","format":"gen8oldnationaldlc2draft","log":"|j|\u2606Specs KD\n|j|\u2606CyperKnight\n|t:|1610502111\n|player|p1|Specs KD|170|\n|player|p2|CyperKnight|colress|\n|teamsize|p1|6\n|teamsize|p2|6\n|gametype|singles\n|gen|8\n|tier|[Gen 8] Old National DLC2 Draft\n|rule|Sleep Clause Mod: Limit one foe put to sleep\n|rule|OHKO Clause: OHKO moves are banned\n|rule|Evasion Moves Clause: Evasion moves are banned\n|rule|Endless Battle Clause: Forcing endless battles is banned\n|rule|HP Percentage Mod: HP is shown in percentages\n|clearpoke\n|poke|p1|Mawile, F|\n|poke|p1|Alakazam, M|\n|poke|p1|Hawlucha, M|\n|poke|p1|Rillaboom, M|\n|poke|p1|Crawdaunt, M|\n|poke|p1|Azelf|\n|poke|p2|Typhlosion, M|\n|poke|p2|Toxapex, M|\n|poke|p2|Zeraora|\n|poke|p2|Altaria, F|\n|poke|p2|Celebi|\n|poke|p2|Scizor, F|\n|rule|Dynamax Clause: You cannot dynamax\n|teampreview\n|html|<button name=\"send\" class=\"button\" value=\"\/timer ds\"><i class=\"fa fa-hourglass-start\"><\/i> DS Timer<\/button> <button name=\"send\" class=\"button\" value=\"\/timer smogon\"><i class=\"fa fa-hourglass-start\"><\/i> Smogon Timer<\/button>\n|c|\u2606CyperKnight|Glhf\n|j| Patcantwin\n|j| tealnation\n|c| tealnation|wow rory too embarrassed after loss to come watch\n|c|\u2606Specs KD|you too\n|\n|t:|1610502179\n|start\n|switch|p1a: Mew?|Azelf, shiny|100\/100\n|switch|p2a: Toxapex|Toxapex, M|100\/100\n|turn|1\n|\n|t:|1610502185\n|move|p1a: Mew?|Taunt|p2a: Toxapex\n|-start|p2a: Toxapex|move: Taunt\n|cant|p2a: Toxapex|move: Taunt|Toxic Spikes\n|\n|upkeep\n|turn|2\n|c| tealnation|hey look a mew\n|\n|t:|1610502191\n|switch|p2a: Scizor|Scizor, F|100\/100\n|move|p1a: Mew?|Stealth Rock|p2a: Scizor\n|-sidestart|p2: CyperKnight|move: Stealth Rock\n|\n|upkeep\n|turn|3\n|\n|t:|1610502195\n|move|p1a: Mew?|Flamethrower|p2a: Scizor\n|-supereffective|p2a: Scizor\n|-damage|p2a: Scizor|0 fnt\n|faint|p2a: Scizor\n|\n|upkeep\n|\n|t:|1610502208\n|switch|p2a: Zeraora|Zeraora|100\/100\n|-damage|p2a: Zeraora|88\/100|[from] Stealth Rock\n|turn|4\n|\n|t:|1610502211\n|move|p2a: Zeraora|Knock Off|p1a: Mew?\n|-supereffective|p1a: Mew?\n|-enditem|p1a: Mew?|Focus Sash\n|-damage|p1a: Mew?|1\/100\n|-damage|p2a: Zeraora|78\/100|[from] item: Life Orb\n|move|p1a: Mew?|Explosion|p2a: Zeraora\n|-damage|p2a: Zeraora|0 fnt\n|faint|p1a: Mew?\n|faint|p2a: Zeraora\n|\n|upkeep\n|c|\u2606CyperKnight|Dang\n|\n|t:|1610502238\n|switch|p2a: Altaria|Altaria, F|100\/100\n|switch|p1a: The Daun|Crawdaunt, M, shiny|100\/100\n|-damage|p2a: Altaria|76\/100|[from] Stealth Rock\n|turn|5\n|c|\u2606Specs KD|dats my gen 4 bb\n|\n|t:|1610502255\n|switch|p1a: Pod|Mawile, F, shiny|100\/100\n|-ability|p1a: Pod|Intimidate|boost\n|-unboost|p2a: Altaria|atk|1\n|detailschange|p2a: Altaria|Altaria-Mega, F\n|-mega|p2a: Altaria|Altaria|Altarianite\n|move|p2a: Altaria|Dragon Dance|p2a: Altaria\n|-boost|p2a: Altaria|atk|1\n|-boost|p2a: Altaria|spe|1\n|\n|upkeep\n|turn|6\n|\n|t:|1610502300\n|switch|p2a: Toxapex|Toxapex, M|100\/100\n|-damage|p2a: Toxapex|88\/100|[from] Stealth Rock\n|detailschange|p1a: Pod|Mawile-Mega, F, shiny\n|-mega|p1a: Pod|Mawile|Mawilite\n|move|p1a: Pod|Play Rough|p2a: Toxapex\n|-resisted|p2a: Toxapex\n|-damage|p2a: Toxapex|61\/100\n|\n|-heal|p2a: Toxapex|67\/100|[from] item: Leftovers\n|upkeep\n|turn|7\n|\n|t:|1610502310\n|move|p2a: Toxapex|Baneful Bunker|p2a: Toxapex\n|-singleturn|p2a: Toxapex|move: Protect\n|move|p1a: Pod|Substitute|p1a: Pod\n|-start|p1a: Pod|Substitute\n|-damage|p1a: Pod|76\/100\n|\n|-heal|p2a: Toxapex|73\/100|[from] item: Leftovers\n|upkeep\n|turn|8\n|\n|t:|1610502314\n|move|p1a: Pod|Psychic Fangs|p2a: Toxapex\n|-supereffective|p2a: Toxapex\n|-crit|p2a: Toxapex\n|-damage|p2a: Toxapex|0 fnt\n|faint|p2a: Toxapex\n|\n|upkeep\n|\n|t:|1610502318\n|switch|p2a: Typhlosion|Typhlosion, M|100\/100\n|-damage|p2a: Typhlosion|76\/100|[from] Stealth Rock\n|turn|9\n|c|\u2606CyperKnight|DANGGGGGG\n|c|\u2606Specs KD|you spdef?\n|c|\u2606CyperKnight|No def\n|c|\u2606CyperKnight|I am i used max def\n|c|\u2606Specs KD|huh. that shouldnt have done 73 even with a crit\n|c|\u2606Specs KD|i must have a calc error\n|c| tealnation|silly goose\n|c|\u2606Specs KD|yup\n|j| rofokidd\n|c|\u2606Specs KD|it still thinks my ability is intimidate\n|c|\u2606Specs KD|not huge power\n|c|\u2606CyperKnight|Lol\n|c|\u2606Specs KD|that did 63 min\n|\n|t:|1610502444\n|move|p2a: Typhlosion|Flamethrower|p1a: Pod\n|-supereffective|p1a: Pod\n|-end|p1a: Pod|Substitute\n|move|p1a: Pod|Psychic Fangs|p2a: Typhlosion\n|-damage|p2a: Typhlosion|0 fnt\n|faint|p2a: Typhlosion\n|\n|upkeep\n|\n|t:|1610502459\n|switch|p2a: Celebi|Celebi|100\/100\n|-damage|p2a: Celebi|88\/100|[from] Stealth Rock\n|turn|10\n|c| tealnation|such a sexy looking eggplant shiny pokemon if were being honest\n|\n|t:|1610502479\n|move|p2a: Celebi|Earth Power|p1a: Pod\n|-supereffective|p1a: Pod\n|-damage|p1a: Pod|18\/100\n|move|p1a: Pod|Fire Fang|p2a: Celebi\n|-supereffective|p2a: Celebi\n|-damage|p2a: Celebi|9\/100\n|\n|upkeep\n|turn|11\n|c|\u2606CyperKnight|IT LIVED\n|\n|t:|1610502493\n|switch|p1a: Grohilla|Rillaboom, M, shiny|100\/100\n|-fieldstart|move: Grassy Terrain|[from] ability: Grassy Surge|[of] p1a: Grohilla\n|move|p2a: Celebi|Earth Power|p1a: Grohilla\n|-resisted|p1a: Grohilla\n|-crit|p1a: Grohilla\n|-damage|p1a: Grohilla|77\/100\n|\n|-heal|p2a: Celebi|15\/100|[from] Grassy Terrain\n|-heal|p1a: Grohilla|83\/100|[from] Grassy Terrain\n|upkeep\n|turn|12\n|c| tealnation|the COVERGE on this thing\n|\n|t:|1610502496\n|move|p2a: Celebi|Psychic|p1a: Grohilla\n|-damage|p1a: Grohilla|37\/100\n|move|p1a: Grohilla|U-turn|p2a: Celebi\n|-supereffective|p2a: Celebi\n|-damage|p2a: Celebi|0 fnt\n|faint|p2a: Celebi\n|\n|t:|1610502509\n|switch|p1a: Zaddy|Alakazam, M, shiny|100\/100|[from]move: U-turn\n|\n|upkeep\n|\n|t:|1610502517\n|switch|p2a: Altaria|Altaria-Mega, F|76\/100\n|-damage|p2a: Altaria|63\/100|[from] Stealth Rock\n|turn|13\n|c|\u2606CyperKnight|Ik im about to get dazzling gleam\n|c|\u2606Specs KD|nah actually\n|\n|t:|1610502565\n|move|p1a: Zaddy|Nasty Plot|p1a: Zaddy\n|-boost|p1a: Zaddy|spa|2\n|move|p2a: Altaria|Dragon Dance|p2a: Altaria\n|-boost|p2a: Altaria|atk|1\n|-boost|p2a: Altaria|spe|1\n|\n|-heal|p2a: Altaria|70\/100|[from] Grassy Terrain\n|upkeep\n|turn|14\n|c|\u2606Specs KD|couldnt bring enough coverage for all dat\n|c| tealnation|now dazzling gleam\n|c|\u2606Specs KD|no\n|c| tealnation|lol\n|c|\u2606CyperKnight|And now sash actives\n|\n|t:|1610502591\n|move|p2a: Altaria|Dragon Claw|p1a: Zaddy\n|-enditem|p1a: Zaddy|Focus Sash\n|-damage|p1a: Zaddy|1\/100\n|move|p1a: Zaddy|Psychic|p2a: Altaria\n|-crit|p2a: Altaria\n|-damage|p2a: Altaria|0 fnt\n|faint|p2a: Altaria\n|\n|win|Specs KD\n|c|\u2606Specs KD|im not revealing shit\n|c|\u2606Specs KD|gg Cyp\n|c|\u2606CyperKnight|Gg\n|c| tealnation|gg men\n","uploadtime":1610502609,"views":6,"p1id":"specskd","p2id":"cyperknight","formatid":"gen8oldnationaldlc2draft","rating":0,"private":0,"password":null}