{"id":"sports-gen8nationaldexdlc2draft-121134","p1":"GeniusX","p2":"necrolio","format":"gen8nationaldexdlc2draft","log":"|j|\u2606GeniusX\n|j|\u2606necrolio\n|player|p1|GeniusX|geniusx.gif|\n|player|p2|necrolio|n|\n|teamsize|p1|6\n|teamsize|p2|6\n|gametype|singles\n|gen|8\n|tier|[Gen 8] National Dex DLC2 Draft\n|rule|Sleep Clause Mod: Limit one foe put to sleep\n|rule|OHKO Clause: OHKO moves are banned\n|rule|Evasion Moves Clause: Evasion moves are banned\n|rule|Endless Battle Clause: Forcing endless battles is banned\n|rule|HP Percentage Mod: HP is shown in percentages\n|clearpoke\n|poke|p1|Diancie|\n|poke|p1|Garchomp, F|\n|poke|p1|Weavile, M|\n|poke|p1|Musharna, M|\n|poke|p1|Toxapex, M|\n|poke|p1|Ferrothorn, M|\n|poke|p2|Copperajah, M|\n|poke|p2|Urshifu-*, F|\n|poke|p2|Charizard, F|\n|poke|p2|Latios, M|\n|poke|p2|Jellicent, M|\n|poke|p2|Venusaur, M|\n|rule|Dynamax Clause: You cannot dynamax\n|teampreview\n|html|<button name=\"send\" class=\"button\" value=\"\/timer ds\"><i class=\"fa fa-hourglass-start\"><\/i> DS Timer<\/button> <button name=\"send\" class=\"button\" value=\"\/timer smogon\"><i class=\"fa fa-hourglass-start\"><\/i> Smogon Timer<\/button>\n|c|\u2606necrolio|hf\n|c|\u2606GeniusX|u2\n|inactive|Battle timer is ON: inactive players will automatically lose when time's up. (requested by GeniusX)\n|inactive|necrolio has 270 seconds left.\n|\n|start\n|switch|p1a: Garchomp|Garchomp, F|100\/100\n|switch|p2a: Urshifu|Urshifu, F|100\/100\n|turn|1\n|\n|switch|p2a: Jellicent|Jellicent, M|100\/100\n|switch|p1a: Toxapex|Toxapex, M|100\/100\n|\n|upkeep\n|turn|2\n|inactive|GeniusX has 90 seconds left.\n|\n|move|p2a: Jellicent|Will-O-Wisp|p1a: Toxapex\n|-status|p1a: Toxapex|brn\n|move|p1a: Toxapex|Toxic|p2a: Jellicent\n|-status|p2a: Jellicent|tox\n|\n|-damage|p2a: Jellicent|94\/100 tox|[from] psn\n|-damage|p1a: Toxapex|95\/100 brn|[from] brn\n|upkeep\n|turn|3\n|inactive|GeniusX has 90 seconds left.\n|inactive|necrolio has 90 seconds left.\n|\n|switch|p1a: Ferrothorn|Ferrothorn, M|100\/100\n|move|p2a: Jellicent|Hex|p1a: Ferrothorn\n|-damage|p1a: Ferrothorn|81\/100\n|\n|-heal|p2a: Jellicent|100\/100 tox|[from] item: Leftovers\n|-damage|p2a: Jellicent|88\/100 tox|[from] psn\n|upkeep\n|turn|4\n|inactive|GeniusX has 90 seconds left.\n|inactive|necrolio has 90 seconds left.\n|\n|switch|p2a: Charizard|Charizard, F|100\/100\n|move|p1a: Ferrothorn|Leech Seed|p2a: Charizard\n|-start|p2a: Charizard|move: Leech Seed\n|\n|-damage|p2a: Charizard|88\/100|[from] Leech Seed|[of] p1a: Ferrothorn\n|-heal|p1a: Ferrothorn|92\/100|[silent]\n|upkeep\n|turn|5\n|inactive|necrolio has 90 seconds left.\n|\n|switch|p1a: Garchomp|Garchomp, F|100\/100\n|detailschange|p2a: Charizard|Charizard-Mega-Y, F\n|-mega|p2a: Charizard|Charizard|Charizardite Y\n|-weather|SunnyDay|[from] ability: Drought|[of] p2a: Charizard\n|move|p2a: Charizard|Fire Blast|p1a: Garchomp\n|-resisted|p1a: Garchomp\n|-damage|p1a: Garchomp|49\/100\n|\n|-weather|SunnyDay|[upkeep]\n|-damage|p2a: Charizard|76\/100|[from] Leech Seed|[of] p1a: Garchomp\n|-heal|p1a: Garchomp|59\/100|[silent]\n|upkeep\n|turn|6\n|inactive|necrolio has 90 seconds left.\n|\n|move|p2a: Charizard|Dragon Pulse|p1a: Garchomp\n|-supereffective|p1a: Garchomp\n|-enditem|p1a: Garchomp|Haban Berry|[eat]\n|-enditem|p1a: Garchomp|Haban Berry|[weaken]\n|-damage|p1a: Garchomp|19\/100\n|move|p1a: Garchomp|Stealth Rock|p2a: Charizard\n|-sidestart|p2: necrolio|move: Stealth Rock\n|\n|-weather|SunnyDay|[upkeep]\n|-damage|p2a: Charizard|63\/100|[from] Leech Seed|[of] p1a: Garchomp\n|-heal|p1a: Garchomp|30\/100|[silent]\n|upkeep\n|turn|7\n|inactive|necrolio has 90 seconds left.\n|\n|switch|p1a: Toxapex|Toxapex, M|100\/100 brn\n|move|p2a: Charizard|Scorching Sands|p1a: Toxapex\n|-supereffective|p1a: Toxapex\n|-damage|p1a: Toxapex|53\/100 brn\n|\n|-weather|SunnyDay|[upkeep]\n|-damage|p2a: Charizard|51\/100|[from] Leech Seed|[of] p1a: Toxapex\n|-heal|p1a: Toxapex|65\/100 brn|[silent]\n|-damage|p1a: Toxapex|59\/100 brn|[from] brn\n|upkeep\n|turn|8\n|inactive|necrolio has 90 seconds left.\n|\n|switch|p2a: Latios|Latios, M|100\/100\n|-damage|p2a: Latios|88\/100|[from] Stealth Rock\n|move|p1a: Toxapex|Recover|p1a: Toxapex\n|-heal|p1a: Toxapex|100\/100 brn\n|\n|-weather|SunnyDay|[upkeep]\n|-damage|p1a: Toxapex|95\/100 brn|[from] brn\n|upkeep\n|turn|9\n|\n|switch|p2a: Urshifu|Urshifu, F|100\/100\n|-damage|p2a: Urshifu|94\/100|[from] Stealth Rock\n|switch|p1a: Musharna|Musharna, M|100\/100\n|-activate|p1a: Musharna|ability: Forewarn|Wicked Blow|[of] p2a: Urshifu\n|\n|-weather|none\n|upkeep\n|turn|10\n|\n|switch|p1a: Toxapex|Toxapex, M|100\/100 brn\n|move|p2a: Urshifu|U-turn|p1a: Toxapex\n|-resisted|p1a: Toxapex\n|-damage|p1a: Toxapex|93\/100 brn\n|-damage|p2a: Urshifu|78\/100|[from] item: Rocky Helmet|[of] p1a: Toxapex\n|inactive|necrolio has 90 seconds left.\n|\n|switch|p2a: Latios|Latios, M|88\/100|[from]move: U-turn\n|-damage|p2a: Latios|76\/100|[from] Stealth Rock\n|\n|-damage|p1a: Toxapex|87\/100 brn|[from] brn\n|upkeep\n|turn|11\n|\n|switch|p2a: Copperajah|Copperajah, M|100\/100\n|-damage|p2a: Copperajah|94\/100|[from] Stealth Rock\n|switch|p1a: Musharna|Musharna, M|100\/100\n|-activate|p1a: Musharna|ability: Forewarn|Stone Edge|[of] p2a: Copperajah\n|\n|upkeep\n|turn|12\n|\n|switch|p1a: Garchomp|Garchomp, F|30\/100\n|move|p2a: Copperajah|Earthquake|p1a: Garchomp\n|-damage|p1a: Garchomp|0 fnt\n|faint|p1a: Garchomp\n|\n|upkeep\n|inactive|GeniusX has 90 seconds left.\n|\n|switch|p1a: Ferrothorn|Ferrothorn, M|92\/100\n|turn|13\n|\n|switch|p1a: Toxapex|Toxapex, M|100\/100 brn\n|move|p2a: Copperajah|Heat Crash|p1a: Toxapex\n|-resisted|p1a: Toxapex\n|-damage|p1a: Toxapex|88\/100 brn\n|-damage|p2a: Copperajah|78\/100|[from] item: Rocky Helmet|[of] p1a: Toxapex\n|\n|-damage|p1a: Toxapex|82\/100 brn|[from] brn\n|upkeep\n|turn|14\n|inactive|necrolio has 90 seconds left.\n|\n|move|p2a: Copperajah|Earthquake|p1a: Toxapex\n|-supereffective|p1a: Toxapex\n|-damage|p1a: Toxapex|40\/100 brn\n|move|p1a: Toxapex|Recover|p1a: Toxapex\n|-heal|p1a: Toxapex|90\/100 brn\n|\n|-damage|p1a: Toxapex|84\/100 brn|[from] brn\n|upkeep\n|turn|15\n|\n|switch|p2a: Jellicent|Jellicent, M|88\/100 tox\n|-damage|p2a: Jellicent|76\/100 tox|[from] Stealth Rock\n|move|p1a: Toxapex|Recover|p1a: Toxapex\n|-heal|p1a: Toxapex|100\/100 brn\n|\n|-heal|p2a: Jellicent|82\/100 tox|[from] item: Leftovers\n|-damage|p2a: Jellicent|76\/100 tox|[from] psn\n|-damage|p1a: Toxapex|95\/100 brn|[from] brn\n|upkeep\n|turn|16\n|\n|switch|p1a: Ferrothorn|Ferrothorn, M|92\/100\n|move|p2a: Jellicent|Will-O-Wisp|p1a: Ferrothorn\n|-status|p1a: Ferrothorn|brn\n|\n|-heal|p2a: Jellicent|82\/100 tox|[from] item: Leftovers\n|-damage|p2a: Jellicent|69\/100 tox|[from] psn\n|-damage|p1a: Ferrothorn|86\/100 brn|[from] brn\n|upkeep\n|turn|17\n|inactive|necrolio has 90 seconds left.\n|inactive|GeniusX has 90 seconds left.\n|\n|switch|p2a: Urshifu|Urshifu, F|78\/100\n|-damage|p2a: Urshifu|72\/100|[from] Stealth Rock\n|move|p1a: Ferrothorn|Leech Seed|p2a: Urshifu\n|-start|p2a: Urshifu|move: Leech Seed\n|\n|-damage|p2a: Urshifu|59\/100|[from] Leech Seed|[of] p1a: Ferrothorn\n|-heal|p1a: Ferrothorn|98\/100 brn|[silent]\n|-damage|p1a: Ferrothorn|92\/100 brn|[from] brn\n|upkeep\n|turn|18\n|inactive|necrolio has 90 seconds left.\n|\n|switch|p2a: Latios|Latios, M|76\/100\n|-damage|p2a: Latios|64\/100|[from] Stealth Rock\n|switch|p1a: Toxapex|Toxapex, M|100\/100 brn\n|\n|-damage|p1a: Toxapex|95\/100 brn|[from] brn\n|upkeep\n|turn|19\n|\n|switch|p1a: Musharna|Musharna, M|100\/100\n|-activate|p1a: Musharna|ability: Forewarn|Psychic|[of] p2a: Latios\n|move|p2a: Latios|Roost|p2a: Latios\n|-heal|p2a: Latios|100\/100\n|-singleturn|p2a: Latios|move: Roost\n|\n|upkeep\n|turn|20\n|inactive|necrolio has 90 seconds left.\n|\n|move|p2a: Latios|Dragon Pulse|p1a: Musharna\n|-damage|p1a: Musharna|74\/100\n|move|p1a: Musharna|Thunder Wave|p2a: Latios\n|-status|p2a: Latios|par\n|\n|-heal|p1a: Musharna|80\/100|[from] item: Leftovers\n|upkeep\n|turn|21\n|inactive|necrolio has 90 seconds left.\n|j| AdamTheBeesKnees\n|\n|switch|p2a: Copperajah|Copperajah, M|78\/100\n|-damage|p2a: Copperajah|71\/100|[from] Stealth Rock\n|move|p1a: Musharna|Dazzling Gleam|p2a: Copperajah\n|-resisted|p2a: Copperajah\n|-damage|p2a: Copperajah|65\/100\n|\n|-heal|p1a: Musharna|86\/100|[from] item: Leftovers\n|upkeep\n|turn|22\n|inactive|necrolio has 90 seconds left.\n|l| AdamTheBeesKnees\n|\n|switch|p1a: Toxapex|Toxapex, M|100\/100 brn\n|move|p2a: Copperajah|Heat Crash|p1a: Toxapex\n|-resisted|p1a: Toxapex\n|-damage|p1a: Toxapex|89\/100 brn\n|-damage|p2a: Copperajah|48\/100|[from] item: Rocky Helmet|[of] p1a: Toxapex\n|\n|-damage|p1a: Toxapex|83\/100 brn|[from] brn\n|upkeep\n|turn|23\n|inactive|necrolio has 90 seconds left.\n|\n|switch|p2a: Latios|Latios, M|100\/100 par\n|-damage|p2a: Latios|88\/100 par|[from] Stealth Rock\n|move|p1a: Toxapex|Recover|p1a: Toxapex\n|-heal|p1a: Toxapex|100\/100 brn\n|\n|-damage|p1a: Toxapex|95\/100 brn|[from] brn\n|upkeep\n|turn|24\n|\n|switch|p2a: Jellicent|Jellicent, M|69\/100 tox\n|-damage|p2a: Jellicent|57\/100 tox|[from] Stealth Rock\n|switch|p1a: Musharna|Musharna, M|86\/100\n|-activate|p1a: Musharna|ability: Forewarn|Scald|[of] p2a: Jellicent\n|\n|-heal|p2a: Jellicent|63\/100 tox|[from] item: Leftovers\n|-heal|p1a: Musharna|92\/100|[from] item: Leftovers\n|-damage|p2a: Jellicent|57\/100 tox|[from] psn\n|upkeep\n|turn|25\n|inactive|necrolio has 90 seconds left.\n|\n|switch|p1a: Weavile|Weavile, M|100\/100\n|-ability|p1a: Weavile|Pressure\n|move|p2a: Jellicent|Recover|p2a: Jellicent\n|-heal|p2a: Jellicent|100\/100 tox\n|\n|-damage|p2a: Jellicent|88\/100 tox|[from] psn\n|upkeep\n|turn|26\n|inactive|GeniusX has 90 seconds left.\n|inactive|necrolio has 90 seconds left.\n|inactive|necrolio has 60 seconds left.\n|\n|move|p1a: Weavile|Knock Off|p2a: Jellicent\n|-supereffective|p2a: Jellicent\n|-damage|p2a: Jellicent|0 fnt\n|-enditem|p2a: Jellicent|Leftovers|[from] move: Knock Off|[of] p1a: Weavile\n|-damage|p1a: Weavile|91\/100|[from] item: Life Orb\n|faint|p2a: Jellicent\n|\n|upkeep\n|\n|switch|p2a: Urshifu|Urshifu, F|59\/100\n|-damage|p2a: Urshifu|53\/100|[from] Stealth Rock\n|turn|27\n|inactive|GeniusX has 90 seconds left.\n|\n|switch|p1a: Toxapex|Toxapex, M|100\/100 brn\n|move|p2a: Urshifu|Drain Punch|p1a: Toxapex\n|-resisted|p1a: Toxapex\n|-damage|p1a: Toxapex|89\/100 brn\n|-heal|p2a: Urshifu|59\/100|[from] drain|[of] p1a: Toxapex\n|-damage|p2a: Urshifu|42\/100|[from] item: Rocky Helmet|[of] p1a: Toxapex\n|\n|-damage|p1a: Toxapex|83\/100 brn|[from] brn\n|upkeep\n|turn|28\n|inactive|GeniusX has 90 seconds left.\n|\n|move|p2a: Urshifu|Taunt|p1a: Toxapex\n|-start|p1a: Toxapex|move: Taunt\n|move|p1a: Toxapex|Gunk Shot|p2a: Urshifu\n|-damage|p2a: Urshifu|30\/100\n|\n|-damage|p1a: Toxapex|77\/100 brn|[from] brn\n|upkeep\n|turn|29\n|inactive|GeniusX has 90 seconds left.\n|\n|switch|p2a: Copperajah|Copperajah, M|48\/100\n|-damage|p2a: Copperajah|42\/100|[from] Stealth Rock\n|move|p1a: Toxapex|Gunk Shot|p2a: Copperajah\n|-immune|p2a: Copperajah\n|\n|-damage|p1a: Toxapex|71\/100 brn|[from] brn\n|upkeep\n|turn|30\n|inactive|necrolio has 90 seconds left.\n|\n|switch|p1a: Ferrothorn|Ferrothorn, M|92\/100 brn\n|move|p2a: Copperajah|Earthquake|p1a: Ferrothorn\n|-damage|p1a: Ferrothorn|73\/100 brn\n|\n|-damage|p1a: Ferrothorn|67\/100 brn|[from] brn\n|upkeep\n|turn|31\n|\n|switch|p1a: Toxapex|Toxapex, M|100\/100 brn\n|move|p2a: Copperajah|Earthquake|p1a: Toxapex\n|-supereffective|p1a: Toxapex\n|-damage|p1a: Toxapex|62\/100 brn\n|\n|-damage|p1a: Toxapex|56\/100 brn|[from] brn\n|upkeep\n|turn|32\n|\n|move|p2a: Copperajah|Earthquake|p1a: Toxapex\n|-supereffective|p1a: Toxapex\n|-damage|p1a: Toxapex|9\/100 brn\n|move|p1a: Toxapex|Recover|p1a: Toxapex\n|-heal|p1a: Toxapex|60\/100 brn\n|\n|-damage|p1a: Toxapex|54\/100 brn|[from] brn\n|upkeep\n|turn|33\n|inactive|necrolio has 90 seconds left.\n|\n|switch|p2a: Venusaur|Venusaur, M|100\/100\n|-damage|p2a: Venusaur|88\/100|[from] Stealth Rock\n|move|p1a: Toxapex|Recover|p1a: Toxapex\n|-heal|p1a: Toxapex|100\/100 brn\n|\n|-heal|p2a: Venusaur|94\/100|[from] item: Black Sludge\n|-damage|p1a: Toxapex|95\/100 brn|[from] brn\n|upkeep\n|turn|34\n|inactive|necrolio has 90 seconds left.\n|\n|switch|p2a: Copperajah|Copperajah, M|42\/100\n|-damage|p2a: Copperajah|36\/100|[from] Stealth Rock\n|switch|p1a: Musharna|Musharna, M|92\/100\n|-activate|p1a: Musharna|ability: Forewarn|Stone Edge|[of] p2a: Copperajah\n|\n|-heal|p1a: Musharna|98\/100|[from] item: Leftovers\n|upkeep\n|turn|35\n|\n|switch|p1a: Toxapex|Toxapex, M|100\/100 brn\n|move|p2a: Copperajah|Heavy Slam|p1a: Toxapex\n|-resisted|p1a: Toxapex\n|-damage|p1a: Toxapex|81\/100 brn\n|-damage|p2a: Copperajah|19\/100|[from] item: Rocky Helmet|[of] p1a: Toxapex\n|\n|-damage|p1a: Toxapex|75\/100 brn|[from] brn\n|upkeep\n|turn|36\n|inactive|necrolio has 90 seconds left.\n|\n|switch|p2a: Latios|Latios, M|88\/100 par\n|-damage|p2a: Latios|76\/100 par|[from] Stealth Rock\n|move|p1a: Toxapex|Recover|p1a: Toxapex\n|-heal|p1a: Toxapex|100\/100 brn\n|\n|-damage|p1a: Toxapex|95\/100 brn|[from] brn\n|upkeep\n|turn|37\n|\n|switch|p1a: Diancie|Diancie|100\/100\n|move|p2a: Latios|Dragon Pulse|p1a: Diancie\n|-immune|p1a: Diancie\n|\n|upkeep\n|turn|38\n|inactive|GeniusX has 90 seconds left.\n|inactive|necrolio has 90 seconds left.\n|\n|switch|p2a: Venusaur|Venusaur, M|94\/100\n|-damage|p2a: Venusaur|82\/100|[from] Stealth Rock\n|move|p1a: Diancie|Calm Mind|p1a: Diancie\n|-boost|p1a: Diancie|spa|1\n|-boost|p1a: Diancie|spd|1\n|\n|-heal|p2a: Venusaur|88\/100|[from] item: Black Sludge\n|upkeep\n|turn|39\n|inactive|GeniusX has 90 seconds left.\n|inactive|necrolio has 90 seconds left.\n|\n|detailschange|p1a: Diancie|Diancie-Mega\n|-mega|p1a: Diancie|Diancie|Diancite\n|move|p1a: Diancie|Mystical Fire|p2a: Venusaur\n|-supereffective|p2a: Venusaur\n|-damage|p2a: Venusaur|6\/100\n|-unboost|p2a: Venusaur|spa|1\n|move|p2a: Venusaur|Leech Seed|p1a: Diancie\n|move|p1a: Diancie|Leech Seed|p2a: Venusaur|[from]Magic Bounce\n|-immune|p2a: Venusaur\n|\n|-heal|p2a: Venusaur|12\/100|[from] item: Black Sludge\n|upkeep\n|turn|40\n|\n|move|p2a: Venusaur|Protect|p2a: Venusaur\n|-singleturn|p2a: Venusaur|Protect\n|move|p1a: Diancie|Mystical Fire|p2a: Venusaur\n|-activate|p2a: Venusaur|move: Protect\n|\n|-heal|p2a: Venusaur|18\/100|[from] item: Black Sludge\n|upkeep\n|turn|41\n|\n|move|p1a: Diancie|Mystical Fire|p2a: Venusaur\n|-supereffective|p2a: Venusaur\n|-damage|p2a: Venusaur|0 fnt\n|faint|p2a: Venusaur\n|\n|upkeep\n|\n|switch|p2a: Latios|Latios, M|76\/100 par\n|-damage|p2a: Latios|64\/100 par|[from] Stealth Rock\n|turn|42\n|\n|move|p1a: Diancie|Power Gem|p2a: Latios\n|-damage|p2a: Latios|0 fnt\n|faint|p2a: Latios\n|\n|upkeep\n|\n|switch|p2a: Urshifu|Urshifu, F|30\/100\n|-damage|p2a: Urshifu|23\/100|[from] Stealth Rock\n|turn|43\n|\n|move|p1a: Diancie|Draining Kiss|p2a: Urshifu\n|-supereffective|p2a: Urshifu\n|-damage|p2a: Urshifu|0 fnt\n|faint|p2a: Urshifu\n|\n|upkeep\n|c|\u2606GeniusX|gg\n|c|\u2606necrolio|gg\n|\n|switch|p2a: Copperajah|Copperajah, M|19\/100\n|-damage|p2a: Copperajah|13\/100|[from] Stealth Rock\n|turn|44\n|c|\u2606GeniusX|could u send the replay pls\n|c|\u2606GeniusX|i rlly gotta run\n|\n|move|p1a: Diancie|Mystical Fire|p2a: Copperajah\n|-supereffective|p2a: Copperajah\n|-damage|p2a: Copperajah|0 fnt\n|faint|p2a: Copperajah\n|\n|upkeep\n|c|\u2606necrolio|sure\n|j| djdjdd\n|\n|switch|p2a: Charizard|Charizard-Mega-Y, F|51\/100\n|-damage|p2a: Charizard|1\/100|[from] Stealth Rock\n|-weather|SunnyDay|[from] ability: Drought|[of] p2a: Charizard\n|turn|45\n|c|\u2606GeniusX|thanks a ton \n|c|\u2606necrolio|np\n|\n|move|p1a: Diancie|Power Gem|p2a: Charizard\n|-supereffective|p2a: Charizard\n|-damage|p2a: Charizard|0 fnt\n|faint|p2a: Charizard\n|\n|win|GeniusX\n","uploadtime":1595519169,"views":86,"p1id":"geniusx","p2id":"necrolio","formatid":"gen8nationaldexdlc2draft","rating":0,"private":0,"password":null}