{"id":"sports-gen8nationaldexdraft-720387","p1":"HayesL","p2":"Elon Musk Rusk","format":"gen8nationaldexdraft","log":"|j|\u2606HayesL\n|j|\u2606Elon Musk Rusk\n|t:|1662214089\n|gametype|singles\n|player|p1|HayesL|brycenman|\n|player|p2|Elon Musk Rusk|102|\n|teamsize|p1|6\n|teamsize|p2|6\n|gen|8\n|tier|[Gen 8] National Dex Draft\n|rule|Sleep Clause Mod: Limit one foe put to sleep\n|rule|OHKO Clause: OHKO moves are banned\n|rule|Evasion Moves Clause: Evasion moves are banned\n|rule|Endless Battle Clause: Forcing endless battles is banned\n|rule|HP Percentage Mod: HP is shown in percentages\n|rule|Dynamax Clause: You cannot dynamax\n|clearpoke\n|poke|p1|Slowbro, M|\n|poke|p1|Aerodactyl, M|\n|poke|p1|Rotom-Heat|\n|poke|p1|Urshifu-*, F|\n|poke|p1|Gengar, M|\n|poke|p1|Porygon2|\n|poke|p2|Swampert, M|\n|poke|p2|Deoxys-Defense|\n|poke|p2|Persian-Alola, M|\n|poke|p2|Zapdos|\n|poke|p2|Medicham, F|\n|poke|p2|Aegislash, F|\n|teampreview\n|html|<button name=\"send\" class=\"button\" value=\"\/timer ds\"><i class=\"fa fa-hourglass-start\"><\/i> DS Timer<\/button> <button name=\"send\" class=\"button\" value=\"\/timer smogon\"><i class=\"fa fa-hourglass-start\"><\/i> Smogon Timer<\/button>\n|\n|t:|1662214114\n|start\n|switch|p1a: Urshifu|Urshifu, F|100\/100\n|switch|p2a: Single Mingle|Persian-Alola, M|100\/100\n|turn|1\n|\n|t:|1662214137\n|switch|p2a: Mondale Wingle|Zapdos|100\/100\n|move|p1a: Urshifu|U-turn|p2a: Mondale Wingle\n|-resisted|p2a: Mondale Wingle\n|-damage|p2a: Mondale Wingle|85\/100\n|\n|t:|1662214157\n|switch|p1a: Rotom|Rotom-Heat|100\/100|[from]move: U-turn\n|\n|upkeep\n|turn|2\n|c|\u2606Elon Musk Rusk|is it ok if I take time to calc\n|c|\u2606HayesL|sure\n|c|\u2606Elon Musk Rusk|like its a bit hard on mobile so\n|\n|t:|1662214207\n|switch|p2a: Juandale Dingle|Swampert, M|100\/100\n|move|p1a: Rotom|Toxic|p2a: Juandale Dingle\n|-status|p2a: Juandale Dingle|tox\n|\n|-damage|p2a: Juandale Dingle|94\/100 tox|[from] psn\n|upkeep\n|turn|3\n|\n|t:|1662214221\n|switch|p1a: Slowbro|Slowbro, M|100\/100\n|move|p2a: Juandale Dingle|Toxic|p1a: Slowbro\n|-status|p1a: Slowbro|tox\n|\n|-damage|p2a: Juandale Dingle|82\/100 tox|[from] psn\n|-damage|p1a: Slowbro|94\/100 tox|[from] psn\n|upkeep\n|turn|4\n|\n|t:|1662214230\n|switch|p2a: Single Mingle|Persian-Alola, M|100\/100\n|move|p1a: Slowbro|Future Sight|p2a: Single Mingle\n|-start|p1a: Slowbro|move: Future Sight\n|\n|-damage|p1a: Slowbro|82\/100 tox|[from] psn\n|upkeep\n|turn|5\n|\n|t:|1662214245\n|switch|p1a: Rotom|Rotom-Heat|100\/100\n|move|p2a: Single Mingle|Knock Off|p1a: Rotom\n|-damage|p1a: Rotom|83\/100\n|-enditem|p1a: Rotom|Heavy-Duty Boots|[from] move: Knock Off|[of] p2a: Single Mingle\n|\n|upkeep\n|turn|6\n|\n|t:|1662214257\n|switch|p2a: Huandale Pringle|Deoxys-Defense|100\/100\n|-ability|p2a: Huandale Pringle|Pressure\n|move|p1a: Rotom|Volt Switch|p2a: Huandale Pringle\n|-damage|p2a: Huandale Pringle|80\/100\n|\n|t:|1662214264\n|switch|p1a: Gengar|Gengar, M|100\/100|[from]move: Volt Switch\n|\n|-end|p2a: Huandale Pringle|move: Future Sight\n|-resisted|p2a: Huandale Pringle\n|-damage|p2a: Huandale Pringle|66\/100\n|upkeep\n|turn|7\n|\n|t:|1662214293\n|switch|p2a: Single Mingle|Persian-Alola, M|100\/100\n|move|p1a: Gengar|Dazzling Gleam|p2a: Single Mingle\n|-supereffective|p2a: Single Mingle\n|-damage|p2a: Single Mingle|14\/100\n|\n|upkeep\n|turn|8\n|\n|t:|1662214319\n|switch|p1a: Aerodactyl|Aerodactyl, M|100\/100\n|move|p2a: Single Mingle|Play Rough|p1a: Aerodactyl\n|-damage|p1a: Aerodactyl|80\/100\n|-unboost|p1a: Aerodactyl|atk|1\n|\n|upkeep\n|turn|9\n|\n|t:|1662214342\n|switch|p2a: Juandale Dingle|Swampert, M|82\/100 tox\n|detailschange|p1a: Aerodactyl|Aerodactyl-Mega, M\n|-mega|p1a: Aerodactyl|Aerodactyl|Aerodactylite\n|move|p1a: Aerodactyl|Dual Wingbeat|p2a: Juandale Dingle\n|-damage|p2a: Juandale Dingle|69\/100 tox\n|-damage|p1a: Aerodactyl|64\/100|[from] item: Rocky Helmet|[of] p2a: Juandale Dingle\n|-damage|p2a: Juandale Dingle|56\/100 tox\n|-damage|p1a: Aerodactyl|47\/100|[from] item: Rocky Helmet|[of] p2a: Juandale Dingle\n|-hitcount|p2a: Juandale Dingle|2\n|\n|-damage|p2a: Juandale Dingle|50\/100 tox|[from] psn\n|upkeep\n|turn|10\n|\n|t:|1662214353\n|switch|p1a: Slowbro|Slowbro, M|100\/100 tox\n|move|p2a: Juandale Dingle|Flip Turn|p1a: Slowbro\n|-resisted|p1a: Slowbro\n|-crit|p1a: Slowbro\n|-damage|p1a: Slowbro|90\/100 tox\n|-damage|p2a: Juandale Dingle|33\/100 tox|[from] item: Rocky Helmet|[of] p1a: Slowbro\n|\n|t:|1662214360\n|switch|p2a: Stalier Dingle|Aegislash, F|100\/100|[from]move: Flip Turn\n|\n|-damage|p1a: Slowbro|84\/100 tox|[from] psn\n|upkeep\n|turn|11\n|\n|t:|1662214370\n|switch|p2a: Quandale Dingle|Medicham, F|100\/100\n|switch|p1a: Porygon2|Porygon2|100\/100\n|\n|upkeep\n|turn|12\n|\n|t:|1662214377\n|switch|p1a: Slowbro|Slowbro, M|100\/100 tox\n|detailschange|p2a: Quandale Dingle|Medicham-Mega, F\n|-mega|p2a: Quandale Dingle|Medicham|Medichamite\n|move|p2a: Quandale Dingle|Thunder Punch|p1a: Slowbro\n|-supereffective|p1a: Slowbro\n|-damage|p1a: Slowbro|48\/100 tox\n|-damage|p2a: Quandale Dingle|84\/100|[from] item: Rocky Helmet|[of] p1a: Slowbro\n|\n|-damage|p1a: Slowbro|42\/100 tox|[from] psn\n|upkeep\n|turn|13\n|\n|t:|1662214388\n|move|p2a: Quandale Dingle|Thunder Punch|p1a: Slowbro\n|-supereffective|p1a: Slowbro\n|-damage|p1a: Slowbro|0 fnt\n|-damage|p2a: Quandale Dingle|67\/100|[from] item: Rocky Helmet|[of] p1a: Slowbro\n|faint|p1a: Slowbro\n|\n|upkeep\n|\n|t:|1662214403\n|switch|p1a: Gengar|Gengar, M|100\/100\n|turn|14\n|\n|t:|1662214426\n|switch|p2a: Single Mingle|Persian-Alola, M|14\/100\n|move|p1a: Gengar|Shadow Ball|p2a: Single Mingle\n|-resisted|p2a: Single Mingle\n|-damage|p2a: Single Mingle|0 fnt\n|faint|p2a: Single Mingle\n|\n|upkeep\n|\n|t:|1662214451\n|switch|p2a: Mondale Wingle|Zapdos|85\/100\n|turn|15\n|\n|t:|1662214461\n|switch|p1a: Rotom|Rotom-Heat|83\/100\n|move|p2a: Mondale Wingle|Hurricane|p1a: Rotom|[miss]\n|-miss|p2a: Mondale Wingle|p1a: Rotom\n|\n|upkeep\n|turn|16\n|\n|t:|1662214469\n|switch|p2a: Juandale Dingle|Swampert, M|33\/100 tox\n|move|p1a: Rotom|Overheat|p2a: Juandale Dingle\n|-resisted|p2a: Juandale Dingle\n|-damage|p2a: Juandale Dingle|13\/100 tox\n|-unboost|p1a: Rotom|spa|2\n|\n|-damage|p2a: Juandale Dingle|7\/100 tox|[from] psn\n|upkeep\n|turn|17\n|\n|t:|1662214480\n|move|p1a: Rotom|Overheat|p2a: Juandale Dingle\n|-resisted|p2a: Juandale Dingle\n|-damage|p2a: Juandale Dingle|0 fnt\n|-unboost|p1a: Rotom|spa|2\n|faint|p2a: Juandale Dingle\n|\n|upkeep\n|\n|t:|1662214494\n|switch|p2a: Stalier Dingle|Aegislash, F|100\/100\n|turn|18\n|\n|t:|1662214499\n|switch|p1a: Porygon2|Porygon2|100\/100\n|move|p2a: Stalier Dingle|Substitute|p2a: Stalier Dingle\n|-start|p2a: Stalier Dingle|Substitute\n|-damage|p2a: Stalier Dingle|76\/100\n|\n|-heal|p2a: Stalier Dingle|82\/100|[from] item: Leftovers\n|upkeep\n|turn|19\n|\n|t:|1662214506\n|move|p1a: Porygon2|Shadow Ball|p2a: Stalier Dingle\n|-supereffective|p2a: Stalier Dingle\n|-end|p2a: Stalier Dingle|Substitute\n|-formechange|p2a: Stalier Dingle|Aegislash-Blade||[from] ability: Stance Change\n|move|p2a: Stalier Dingle|Gyro Ball|p1a: Porygon2\n|-damage|p1a: Porygon2|91\/100\n|\n|-heal|p2a: Stalier Dingle|88\/100|[from] item: Leftovers\n|upkeep\n|turn|20\n|\n|t:|1662214519\n|switch|p2a: Huandale Pringle|Deoxys-Defense|66\/100\n|-ability|p2a: Huandale Pringle|Pressure\n|move|p1a: Porygon2|Teleport|p1a: Porygon2\n|\n|t:|1662214523\n|switch|p1a: Gengar|Gengar, M|100\/100|[from]move: Teleport\n|\n|upkeep\n|turn|21\n|\n|t:|1662214529\n|move|p1a: Gengar|Shadow Ball|p2a: Huandale Pringle\n|-supereffective|p2a: Huandale Pringle\n|-damage|p2a: Huandale Pringle|0 fnt\n|faint|p2a: Huandale Pringle\n|\n|upkeep\n|\n|t:|1662214533\n|switch|p2a: Mondale Wingle|Zapdos|85\/100\n|turn|22\n|\n|t:|1662214540\n|switch|p1a: Rotom|Rotom-Heat|83\/100\n|move|p2a: Mondale Wingle|Hurricane|p1a: Rotom\n|-resisted|p1a: Rotom\n|-damage|p1a: Rotom|55\/100\n|\n|upkeep\n|turn|23\n|\n|t:|1662214551\n|move|p2a: Mondale Wingle|Hurricane|p1a: Rotom\n|-resisted|p1a: Rotom\n|-damage|p1a: Rotom|28\/100\n|-start|p1a: Rotom|confusion\n|-activate|p1a: Rotom|confusion\n|move|p1a: Rotom|Pain Split|p2a: Mondale Wingle\n|-sethp|p2a: Mondale Wingle|56\/100|[from] move: Pain Split|[silent]\n|-sethp|p1a: Rotom|60\/100|[from] move: Pain Split\n|\n|upkeep\n|turn|24\n|\n|t:|1662214562\n|switch|p2a: Quandale Dingle|Medicham-Mega, F|67\/100\n|-activate|p1a: Rotom|confusion\n|-damage|p1a: Rotom|55\/100|[from] confusion\n|\n|upkeep\n|turn|25\n|\n|t:|1662214573\n|move|p2a: Quandale Dingle|High Jump Kick|p1a: Rotom\n|-damage|p1a: Rotom|0 fnt\n|faint|p1a: Rotom\n|\n|upkeep\n|\n|t:|1662214599\n|switch|p1a: Urshifu|Urshifu, F|100\/100\n|turn|26\n|\n|t:|1662214651\n|switch|p2a: Stalier Dingle|Aegislash, F|88\/100\n|move|p1a: Urshifu|Wicked Blow|p2a: Stalier Dingle\n|-supereffective|p2a: Stalier Dingle\n|-crit|p2a: Stalier Dingle\n|-damage|p2a: Stalier Dingle|0 fnt\n|faint|p2a: Stalier Dingle\n|\n|upkeep\n|\n|t:|1662214658\n|switch|p2a: Mondale Wingle|Zapdos|56\/100\n|turn|27\n|\n|t:|1662214662\n|switch|p1a: Porygon2|Porygon2|91\/100\n|move|p2a: Mondale Wingle|Volt Switch|p1a: Porygon2\n|-damage|p1a: Porygon2|69\/100\n|\n|t:|1662214665\n|switch|p2a: Quandale Dingle|Medicham-Mega, F|67\/100|[from]move: Volt Switch\n|\n|upkeep\n|turn|28\n|\n|t:|1662214672\n|move|p2a: Quandale Dingle|Thunder Punch|p1a: Porygon2\n|-damage|p1a: Porygon2|50\/100\n|move|p1a: Porygon2|Toxic|p2a: Quandale Dingle\n|-status|p2a: Quandale Dingle|tox\n|\n|-damage|p2a: Quandale Dingle|61\/100 tox|[from] psn\n|upkeep\n|turn|29\n|\n|t:|1662214679\n|move|p2a: Quandale Dingle|High Jump Kick|p1a: Porygon2\n|-supereffective|p1a: Porygon2\n|-damage|p1a: Porygon2|0 fnt\n|faint|p1a: Porygon2\n|\n|-damage|p2a: Quandale Dingle|49\/100 tox|[from] psn\n|upkeep\n|\n|t:|1662214698\n|switch|p1a: Gengar|Gengar, M|100\/100\n|turn|30\n|\n|t:|1662214703\n|move|p2a: Quandale Dingle|Bullet Punch|p1a: Gengar\n|-damage|p1a: Gengar|60\/100\n|move|p1a: Gengar|Sludge Wave|p2a: Quandale Dingle\n|-damage|p2a: Quandale Dingle|0 fnt\n|faint|p2a: Quandale Dingle\n|\n|upkeep\n|c|\u2606HayesL|ggs\n|\n|t:|1662214774\n|switch|p2a: Mondale Wingle|Zapdos|56\/100\n|turn|31\n|\n|t:|1662214823\n|move|p2a: Mondale Wingle|Hurricane|p1a: Gengar\n|-damage|p1a: Gengar|0 fnt\n|faint|p1a: Gengar\n|\n|upkeep\n|\n|t:|1662214831\n|switch|p1a: Aerodactyl|Aerodactyl-Mega, M|47\/100\n|turn|32\n|\n|t:|1662214837\n|move|p2a: Mondale Wingle|Hurricane|p1a: Aerodactyl|[miss]\n|-miss|p2a: Mondale Wingle|p1a: Aerodactyl\n|move|p1a: Aerodactyl|Stone Edge|p2a: Mondale Wingle\n|-supereffective|p2a: Mondale Wingle\n|-damage|p2a: Mondale Wingle|0 fnt\n|faint|p2a: Mondale Wingle\n|\n|win|HayesL\n|l|\u2606Elon Musk Rusk\n","uploadtime":1662214850,"views":25,"p1id":"hayesl","p2id":"elonmuskrusk","formatid":"gen8nationaldexdraft","rating":0,"private":0,"password":null}