{"id":"sports-gen8nationaldexdraft-569095","p1":"Yookinator","p2":"MAVERICK SHOOTERS","format":"gen8nationaldexdraft","log":"|j|\u2606Yookinator\n|j|\u2606MAVERICK SHOOTERS\n|t:|1641742854\n|gametype|singles\n|player|p1|Yookinator|1|\n|player|p2|MAVERICK SHOOTERS|169|\n|teamsize|p1|6\n|teamsize|p2|6\n|gen|8\n|tier|[Gen 8] National Dex Draft\n|rule|Sleep Clause Mod: Limit one foe put to sleep\n|rule|OHKO Clause: OHKO moves are banned\n|rule|Evasion Moves Clause: Evasion moves are banned\n|rule|Endless Battle Clause: Forcing endless battles is banned\n|rule|HP Percentage Mod: HP is shown in percentages\n|rule|Dynamax Clause: You cannot dynamax\n|clearpoke\n|poke|p1|Medicham, F|\n|poke|p1|Rillaboom, F|\n|poke|p1|Umbreon, F|\n|poke|p1|Noivern, M|\n|poke|p1|Weezing-Galar, M|\n|poke|p1|Slowking, F|\n|poke|p2|Infernape, M|\n|poke|p2|Landorus, M|\n|poke|p2|Aggron, F|\n|poke|p2|Zarude|\n|poke|p2|Aromatisse, F|\n|poke|p2|Milotic, F|\n|teampreview\n|html|<button name=\"send\" class=\"button\" value=\"\/timer ds\"><i class=\"fa fa-hourglass-start\"><\/i> DS Timer<\/button> <button name=\"send\" class=\"button\" value=\"\/timer smogon\"><i class=\"fa fa-hourglass-start\"><\/i> Smogon Timer<\/button>\n|c|\u2606Yookinator|glhf\n|j| PorygonTheBot\n|c| PorygonTheBot|glhf :)\n|c|\u2606MAVERICK SHOOTERS|hf:)!\n|c|\u2606Yookinator|tks for the bot\n|j| pinapple321\n|j| TGuilerrr\n|c| pinapple321|gl hf both\n|c| TGuilerrr|glhf \n|j| ElevatedGodlyness\n|j| Divixel\n|\n|t:|1641742998\n|start\n|switch|p1a: Slowking|Slowking, F|100\/100\n|switch|p2a: Aggron|Aggron, F|100\/100\n|turn|1\n|j| Meeto\n|\n|t:|1641743064\n|detailschange|p2a: Aggron|Aggron-Mega, F\n|-mega|p2a: Aggron|Aggron|Aggronite\n|move|p2a: Aggron|Stealth Rock|p1a: Slowking\n|-sidestart|p1: Yookinator|move: Stealth Rock\n|move|p1a: Slowking|Scald|p2a: Aggron\n|-damage|p2a: Aggron|69\/100\n|-status|p2a: Aggron|brn\n|\n|-damage|p2a: Aggron|63\/100 brn|[from] brn\n|upkeep\n|turn|2\n|\n|t:|1641743073\n|switch|p2a: Aromatisse|Aromatisse, F|100\/100\n|move|p1a: Slowking|Teleport|p1a: Slowking\n|\n|t:|1641743096\n|switch|p1a: Weezing|Weezing-Galar, M|100\/100|[from]move: Teleport\n|-damage|p1a: Weezing|88\/100|[from] Stealth Rock\n|\n|upkeep\n|turn|3\n|\n|t:|1641743147\n|move|p1a: Weezing|Defog|p2a: Aromatisse\n|-unboost|p2a: Aromatisse|evasion|1\n|-sideend|p1: Yookinator|Stealth Rock|[from] move: Defog|[of] p1a: Weezing\n|move|p2a: Aromatisse|Heal Bell|p2a: Aromatisse\n|-activate|p2a: Aromatisse|move: Heal Bell\n|-curestatus|p2: Aggron|brn|[msg]\n|\n|upkeep\n|turn|4\n|\n|t:|1641743156\n|switch|p2a: Milotic|Milotic, F|100\/100\n|move|p1a: Weezing|Will-O-Wisp|p2a: Milotic\n|-status|p2a: Milotic|brn\n|\n|-damage|p2a: Milotic|94\/100 brn|[from] brn\n|upkeep\n|turn|5\n|\n|t:|1641743163\n|switch|p1a: Slowking|Slowking, F|100\/100\n|move|p2a: Milotic|Flip Turn|p1a: Slowking\n|-resisted|p1a: Slowking\n|-damage|p1a: Slowking|98\/100\n|\n|t:|1641743173\n|switch|p2a: Zarude|Zarude|100\/100|[from]move: Flip Turn\n|\n|-heal|p1a: Slowking|100\/100|[from] item: Leftovers\n|upkeep\n|turn|6\n|\n|t:|1641743175\n|switch|p1a: Weezing|Weezing-Galar, M|88\/100\n|move|p2a: Zarude|U-turn|p1a: Weezing\n|-resisted|p1a: Weezing\n|-damage|p1a: Weezing|85\/100\n|-damage|p2a: Zarude|84\/100|[from] item: Rocky Helmet|[of] p1a: Weezing\n|\n|t:|1641743199\n|switch|p2a: Aggron|Aggron-Mega, F|63\/100|[from]move: U-turn\n|\n|upkeep\n|turn|7\n|\n|t:|1641743235\n|switch|p1a: Slowking|Slowking, F|100\/100\n|move|p2a: Aggron|Heavy Slam|p1a: Slowking\n|-resisted|p1a: Slowking\n|-damage|p1a: Slowking|81\/100\n|\n|-heal|p1a: Slowking|87\/100|[from] item: Leftovers\n|upkeep\n|turn|8\n|\n|t:|1641743256\n|switch|p2a: Aromatisse|Aromatisse, F|100\/100\n|move|p1a: Slowking|Scald|p2a: Aromatisse\n|-damage|p2a: Aromatisse|74\/100\n|-status|p2a: Aromatisse|brn\n|\n|-heal|p2a: Aromatisse|80\/100 brn|[from] item: Leftovers\n|-heal|p1a: Slowking|93\/100|[from] item: Leftovers\n|-damage|p2a: Aromatisse|74\/100 brn|[from] brn\n|upkeep\n|turn|9\n|\n|t:|1641743260\n|move|p2a: Aromatisse|Wish|p2a: Aromatisse\n|move|p1a: Slowking|Teleport|p1a: Slowking\n|\n|t:|1641743275\n|switch|p1a: Weezing|Weezing-Galar, M|85\/100|[from]move: Teleport\n|\n|-heal|p2a: Aromatisse|80\/100 brn|[from] item: Leftovers\n|-damage|p2a: Aromatisse|74\/100 brn|[from] brn\n|upkeep\n|turn|10\n|\n|t:|1641743327\n|switch|p2a: Aggron|Aggron-Mega, F|63\/100\n|move|p1a: Weezing|Will-O-Wisp|p2a: Aggron\n|-status|p2a: Aggron|brn\n|\n|-heal|p2a: Aggron|100\/100 brn|[from] move: Wish|[wisher] Aromatisse\n|-damage|p2a: Aggron|94\/100 brn|[from] brn\n|upkeep\n|turn|11\n|\n|t:|1641743385\n|switch|p2a: Milotic|Milotic, F|94\/100 brn\n|move|p1a: Weezing|Sludge Bomb|p2a: Milotic\n|-damage|p2a: Milotic|75\/100 brn\n|\n|-damage|p2a: Milotic|69\/100 brn|[from] brn\n|upkeep\n|turn|12\n|\n|t:|1641743395\n|switch|p1a: Slowking|Slowking, F|100\/100\n|move|p2a: Milotic|Scald|p1a: Slowking\n|-resisted|p1a: Slowking\n|-damage|p1a: Slowking|90\/100\n|\n|-heal|p1a: Slowking|96\/100|[from] item: Leftovers\n|-damage|p2a: Milotic|63\/100 brn|[from] brn\n|upkeep\n|turn|13\n|\n|t:|1641743398\n|move|p2a: Milotic|Recover|p2a: Milotic\n|-heal|p2a: Milotic|100\/100 brn\n|move|p1a: Slowking|Teleport|p1a: Slowking\n|\n|t:|1641743400\n|switch|p1a: Rillaboom|Rillaboom, F|100\/100|[from]move: Teleport\n|-fieldstart|move: Grassy Terrain|[from] ability: Grassy Surge|[of] p1a: Rillaboom\n|\n|-damage|p2a: Milotic|94\/100 brn|[from] brn\n|upkeep\n|turn|14\n|\n|t:|1641743413\n|switch|p2a: Aggron|Aggron-Mega, F|94\/100 brn\n|move|p1a: Rillaboom|U-turn|p2a: Aggron\n|-resisted|p2a: Aggron\n|-damage|p2a: Aggron|85\/100 brn\n|\n|t:|1641743415\n|switch|p1a: Medicham|Medicham, F|100\/100|[from]move: U-turn\n|\n|-heal|p2a: Aggron|91\/100 brn|[from] Grassy Terrain\n|-damage|p2a: Aggron|85\/100 brn|[from] brn\n|upkeep\n|turn|15\n|l| Meeto\n|\n|t:|1641743458\n|switch|p2a: Milotic|Milotic, F|94\/100 brn\n|detailschange|p1a: Medicham|Medicham-Mega, F\n|-mega|p1a: Medicham|Medicham|Medichamite\n|move|p1a: Medicham|Bulk Up|p1a: Medicham\n|-boost|p1a: Medicham|atk|1\n|-boost|p1a: Medicham|def|1\n|\n|-heal|p2a: Milotic|100\/100 brn|[from] Grassy Terrain\n|-damage|p2a: Milotic|94\/100 brn|[from] brn\n|upkeep\n|turn|16\n|j| Amerillo\n|\n|t:|1641743519\n|move|p1a: Medicham|High Jump Kick|p2a: Milotic\n|-damage|p2a: Milotic|4\/100 brn\n|move|p2a: Milotic|Scald|p1a: Medicham\n|-damage|p1a: Medicham|70\/100\n|-status|p1a: Medicham|brn\n|\n|-heal|p1a: Medicham|76\/100 brn|[from] Grassy Terrain\n|-heal|p2a: Milotic|10\/100 brn|[from] Grassy Terrain\n|-damage|p1a: Medicham|70\/100 brn|[from] brn\n|-damage|p2a: Milotic|4\/100 brn|[from] brn\n|upkeep\n|turn|17\n|\n|t:|1641743532\n|move|p1a: Medicham|Ice Punch|p2a: Milotic\n|-resisted|p2a: Milotic\n|-damage|p2a: Milotic|0 fnt\n|faint|p2a: Milotic\n|\n|-heal|p1a: Medicham|76\/100 brn|[from] Grassy Terrain\n|-damage|p1a: Medicham|70\/100 brn|[from] brn\n|-fieldend|move: Grassy Terrain\n|upkeep\n|\n|t:|1641743551\n|switch|p2a: Landorus|Landorus, M|100\/100\n|turn|18\n|\n|t:|1641743561\n|switch|p1a: Umbreon|Umbreon, F|100\/100\n|move|p2a: Landorus|Earth Power|p1a: Umbreon\n|-damage|p1a: Umbreon|60\/100\n|\n|-heal|p1a: Umbreon|66\/100|[from] item: Leftovers\n|upkeep\n|turn|19\n|\n|t:|1641743570\n|move|p1a: Umbreon|Protect|p1a: Umbreon\n|-singleturn|p1a: Umbreon|Protect\n|move|p2a: Landorus|Focus Blast|p1a: Umbreon\n|-activate|p1a: Umbreon|move: Protect\n|\n|-heal|p1a: Umbreon|72\/100|[from] item: Leftovers\n|upkeep\n|turn|20\n|\n|t:|1641743575\n|switch|p1a: Slowking|Slowking, F|100\/100\n|move|p2a: Landorus|Focus Blast|p1a: Slowking\n|-resisted|p1a: Slowking\n|-damage|p1a: Slowking|77\/100\n|\n|-heal|p1a: Slowking|83\/100|[from] item: Leftovers\n|upkeep\n|turn|21\n|\n|t:|1641743582\n|switch|p2a: Aromatisse|Aromatisse, F|74\/100 brn\n|move|p1a: Slowking|Scald|p2a: Aromatisse\n|-damage|p2a: Aromatisse|50\/100 brn\n|\n|-heal|p2a: Aromatisse|56\/100 brn|[from] item: Leftovers\n|-heal|p1a: Slowking|89\/100|[from] item: Leftovers\n|-damage|p2a: Aromatisse|50\/100 brn|[from] brn\n|upkeep\n|turn|22\n|\n|t:|1641743589\n|switch|p1a: Umbreon|Umbreon, F|72\/100\n|move|p2a: Aromatisse|Heal Bell|p2a: Aromatisse\n|-activate|p2a: Aromatisse|move: Heal Bell\n|-curestatus|p2a: Aromatisse|brn|[msg]\n|-curestatus|p2: Aggron|brn|[msg]\n|\n|-heal|p1a: Umbreon|78\/100|[from] item: Leftovers\n|-heal|p2a: Aromatisse|56\/100|[from] item: Leftovers\n|upkeep\n|turn|23\n|\n|t:|1641743592\n|move|p1a: Umbreon|Heal Bell|p1a: Umbreon\n|-activate|p1a: Umbreon|move: Heal Bell\n|-curestatus|p1: Medicham|brn|[msg]\n|move|p2a: Aromatisse|Moonblast|p1a: Umbreon\n|-supereffective|p1a: Umbreon\n|-damage|p1a: Umbreon|46\/100\n|\n|-heal|p1a: Umbreon|52\/100|[from] item: Leftovers\n|-heal|p2a: Aromatisse|62\/100|[from] item: Leftovers\n|upkeep\n|turn|24\n|\n|t:|1641743603\n|move|p1a: Umbreon|Wish|p1a: Umbreon\n|move|p2a: Aromatisse|Wish|p2a: Aromatisse\n|\n|-heal|p1a: Umbreon|58\/100|[from] item: Leftovers\n|-heal|p2a: Aromatisse|68\/100|[from] item: Leftovers\n|upkeep\n|turn|25\n|\n|t:|1641743618\n|switch|p2a: Landorus|Landorus, M|100\/100\n|move|p1a: Umbreon|Foul Play|p2a: Landorus\n|-crit|p2a: Landorus\n|-damage|p2a: Landorus|30\/100\n|\n|-heal|p1a: Umbreon|100\/100|[from] move: Wish|[wisher] Umbreon\n|-heal|p2a: Landorus|93\/100|[from] move: Wish|[wisher] Aromatisse\n|upkeep\n|turn|26\n|\n|t:|1641743625\n|move|p1a: Umbreon|Protect|p1a: Umbreon\n|-singleturn|p1a: Umbreon|Protect\n|move|p2a: Landorus|Focus Blast|p1a: Umbreon\n|-activate|p1a: Umbreon|move: Protect\n|\n|upkeep\n|turn|27\n|\n|t:|1641743627\n|switch|p1a: Slowking|Slowking, F|100\/100\n|move|p2a: Landorus|Focus Blast|p1a: Slowking\n|-resisted|p1a: Slowking\n|-damage|p1a: Slowking|77\/100\n|\n|-heal|p1a: Slowking|83\/100|[from] item: Leftovers\n|upkeep\n|turn|28\n|\n|t:|1641743633\n|switch|p2a: Zarude|Zarude|84\/100\n|move|p1a: Slowking|Yawn|p2a: Zarude\n|-start|p2a: Zarude|move: Yawn|[of] p1a: Slowking\n|\n|-heal|p2a: Zarude|90\/100|[from] item: Leftovers\n|-heal|p1a: Slowking|89\/100|[from] item: Leftovers\n|upkeep\n|turn|29\n|\n|t:|1641743641\n|switch|p1a: Rillaboom|Rillaboom, F|100\/100\n|-fieldstart|move: Grassy Terrain|[from] ability: Grassy Surge|[of] p1a: Rillaboom\n|move|p2a: Zarude|U-turn|p1a: Rillaboom\n|-supereffective|p1a: Rillaboom\n|-damage|p1a: Rillaboom|55\/100\n|\n|t:|1641743648\n|switch|p2a: Infernape|Infernape, M|100\/100|[from]move: U-turn\n|\n|-heal|p1a: Rillaboom|61\/100|[from] Grassy Terrain\n|upkeep\n|turn|30\n|j| Lukatsukio\n|\n|t:|1641743663\n|switch|p1a: Noivern|Noivern, M|100\/100\n|-item|p2a: Infernape|Choice Band|[from] ability: Frisk|[of] p1a: Noivern|[identify]\n|move|p2a: Infernape|Thunder Punch|p1a: Noivern\n|-damage|p1a: Noivern|49\/100\n|\n|upkeep\n|turn|31\n|\n|t:|1641743678\n|switch|p2a: Aromatisse|Aromatisse, F|68\/100\n|move|p1a: Noivern|Roost|p1a: Noivern\n|-heal|p1a: Noivern|99\/100\n|-singleturn|p1a: Noivern|move: Roost\n|\n|-heal|p1a: Noivern|100\/100|[from] Grassy Terrain\n|-heal|p2a: Aromatisse|75\/100|[from] Grassy Terrain\n|-heal|p2a: Aromatisse|81\/100|[from] item: Leftovers\n|upkeep\n|turn|32\n|\n|t:|1641743683\n|move|p1a: Noivern|U-turn|p2a: Aromatisse\n|-resisted|p2a: Aromatisse\n|-damage|p2a: Aromatisse|77\/100\n|\n|t:|1641743699\n|switch|p1a: Slowking|Slowking, F|100\/100|[from]move: U-turn\n|move|p2a: Aromatisse|Wish|p2a: Aromatisse\n|\n|-heal|p2a: Aromatisse|83\/100|[from] Grassy Terrain\n|-heal|p2a: Aromatisse|89\/100|[from] item: Leftovers\n|upkeep\n|turn|33\n|j| Meeto\n|\n|t:|1641743719\n|switch|p2a: Zarude|Zarude|90\/100\n|move|p1a: Slowking|Teleport|p1a: Slowking\n|\n|t:|1641743756\n|switch|p1a: Weezing|Weezing-Galar, M|85\/100|[from]move: Teleport\n|\n|-heal|p2a: Zarude|100\/100|[from] move: Wish|[wisher] Aromatisse\n|-fieldend|move: Grassy Terrain\n|upkeep\n|turn|34\n|\n|t:|1641743762\n|move|p2a: Zarude|U-turn|p1a: Weezing\n|-resisted|p1a: Weezing\n|-damage|p1a: Weezing|81\/100\n|-damage|p2a: Zarude|84\/100|[from] item: Rocky Helmet|[of] p1a: Weezing\n|j| rooopos\n|\n|t:|1641743773\n|switch|p2a: Landorus|Landorus, M|93\/100|[from]move: U-turn\n|move|p1a: Weezing|Sludge Bomb|p2a: Landorus\n|-resisted|p2a: Landorus\n|-damage|p2a: Landorus|75\/100\n|\n|upkeep\n|turn|35\n|\n|t:|1641743782\n|switch|p1a: Slowking|Slowking, F|100\/100\n|move|p2a: Landorus|Knock Off|p1a: Slowking\n|-supereffective|p1a: Slowking\n|-damage|p1a: Slowking|47\/100\n|-enditem|p1a: Slowking|Leftovers|[from] move: Knock Off|[of] p2a: Landorus\n|-damage|p2a: Landorus|65\/100|[from] item: Life Orb\n|\n|upkeep\n|turn|36\n|\n|t:|1641743790\n|move|p2a: Landorus|Earth Power|p1a: Slowking\n|-damage|p1a: Slowking|0 fnt\n|faint|p1a: Slowking\n|\n|upkeep\n|\n|t:|1641743799\n|switch|p1a: Rillaboom|Rillaboom, F|61\/100\n|-fieldstart|move: Grassy Terrain|[from] ability: Grassy Surge|[of] p1a: Rillaboom\n|turn|37\n|l| Amerillo\n|\n|t:|1641743846\n|switch|p2a: Aggron|Aggron-Mega, F|85\/100\n|move|p1a: Rillaboom|Grassy Glide|p2a: Aggron\n|-resisted|p2a: Aggron\n|-damage|p2a: Aggron|69\/100\n|\n|-heal|p1a: Rillaboom|67\/100|[from] Grassy Terrain\n|-heal|p2a: Aggron|75\/100|[from] Grassy Terrain\n|upkeep\n|turn|38\n|\n|t:|1641743876\n|switch|p1a: Umbreon|Umbreon, F|100\/100\n|move|p2a: Aggron|Heavy Slam|p1a: Umbreon\n|-damage|p1a: Umbreon|49\/100\n|\n|-heal|p2a: Aggron|81\/100|[from] Grassy Terrain\n|-heal|p1a: Umbreon|55\/100|[from] Grassy Terrain\n|-heal|p1a: Umbreon|61\/100|[from] item: Leftovers\n|upkeep\n|turn|39\n|\n|t:|1641743884\n|switch|p1a: Medicham|Medicham-Mega, F|70\/100\n|move|p2a: Aggron|Stealth Rock|p1a: Medicham\n|-sidestart|p1: Yookinator|move: Stealth Rock\n|\n|-heal|p1a: Medicham|76\/100|[from] Grassy Terrain\n|-heal|p2a: Aggron|87\/100|[from] Grassy Terrain\n|upkeep\n|turn|40\n|\n|t:|1641743891\n|switch|p2a: Aromatisse|Aromatisse, F|89\/100\n|move|p1a: Medicham|High Jump Kick|p2a: Aromatisse\n|-resisted|p2a: Aromatisse\n|-damage|p2a: Aromatisse|40\/100\n|\n|-heal|p1a: Medicham|82\/100|[from] Grassy Terrain\n|-heal|p2a: Aromatisse|46\/100|[from] Grassy Terrain\n|-heal|p2a: Aromatisse|52\/100|[from] item: Leftovers\n|upkeep\n|turn|41\n|l| Lukatsukio\n|\n|t:|1641743924\n|move|p1a: Medicham|Zen Headbutt|p2a: Aromatisse\n|-damage|p2a: Aromatisse|0 fnt\n|faint|p2a: Aromatisse\n|\n|-heal|p1a: Medicham|88\/100|[from] Grassy Terrain\n|-fieldend|move: Grassy Terrain\n|upkeep\n|\n|t:|1641743931\n|switch|p2a: Landorus|Landorus, M|65\/100\n|turn|42\n|\n|t:|1641743954\n|move|p2a: Landorus|Earth Power|p1a: Medicham\n|-damage|p1a: Medicham|0 fnt\n|faint|p1a: Medicham\n|\n|upkeep\n|\n|t:|1641743963\n|switch|p1a: Noivern|Noivern, M|100\/100\n|-item|p2a: Landorus|Life Orb|[from] ability: Frisk|[of] p1a: Noivern|[identify]\n|turn|43\n|\n|t:|1641744023\n|switch|p2a: Zarude|Zarude|84\/100\n|move|p1a: Noivern|Draco Meteor|p2a: Zarude\n|-damage|p2a: Zarude|27\/100\n|-unboost|p1a: Noivern|spa|2\n|\n|-heal|p2a: Zarude|33\/100|[from] item: Leftovers\n|upkeep\n|turn|44\n|\n|t:|1641744029\n|switch|p2a: Aggron|Aggron-Mega, F|87\/100\n|move|p1a: Noivern|U-turn|p2a: Aggron\n|-resisted|p2a: Aggron\n|-damage|p2a: Aggron|85\/100\n|\n|t:|1641744034\n|switch|p1a: Weezing|Weezing-Galar, M|81\/100|[from]move: U-turn\n|-damage|p1a: Weezing|69\/100|[from] Stealth Rock\n|\n|upkeep\n|turn|45\n|j| Lukatsukio\n|\n|t:|1641744037\n|move|p2a: Aggron|Heavy Slam|p1a: Weezing\n|-supereffective|p1a: Weezing\n|-damage|p1a: Weezing|0 fnt\n|-damage|p2a: Aggron|68\/100|[from] item: Rocky Helmet|[of] p1a: Weezing\n|faint|p1a: Weezing\n|\n|upkeep\n|\n|t:|1641744041\n|switch|p1a: Rillaboom|Rillaboom, F|67\/100\n|-damage|p1a: Rillaboom|54\/100|[from] Stealth Rock\n|-fieldstart|move: Grassy Terrain|[from] ability: Grassy Surge|[of] p1a: Rillaboom\n|turn|46\n|\n|t:|1641744062\n|switch|p2a: Zarude|Zarude|33\/100\n|move|p1a: Rillaboom|Superpower|p2a: Zarude\n|-supereffective|p2a: Zarude\n|-damage|p2a: Zarude|0 fnt\n|-unboost|p1a: Rillaboom|atk|1\n|-unboost|p1a: Rillaboom|def|1\n|faint|p2a: Zarude\n|\n|-heal|p1a: Rillaboom|60\/100|[from] Grassy Terrain\n|upkeep\n|\n|t:|1641744074\n|switch|p2a: Infernape|Infernape, M|100\/100\n|turn|47\n|\n|t:|1641744082\n|switch|p1a: Umbreon|Umbreon, F|61\/100\n|-damage|p1a: Umbreon|49\/100|[from] Stealth Rock\n|move|p2a: Infernape|Stone Edge|p1a: Umbreon\n|-damage|p1a: Umbreon|16\/100\n|\n|-heal|p1a: Umbreon|23\/100|[from] Grassy Terrain\n|-heal|p1a: Umbreon|29\/100|[from] item: Leftovers\n|upkeep\n|turn|48\n|\n|t:|1641744090\n|switch|p2a: Aggron|Aggron-Mega, F|68\/100\n|move|p1a: Umbreon|Protect||[still]\n|-fail|p1a: Umbreon\n|\n|-heal|p2a: Aggron|75\/100|[from] Grassy Terrain\n|-heal|p1a: Umbreon|35\/100|[from] Grassy Terrain\n|-heal|p1a: Umbreon|41\/100|[from] item: Leftovers\n|upkeep\n|turn|49\n|\n|t:|1641744096\n|move|p1a: Umbreon|Protect|p1a: Umbreon\n|-singleturn|p1a: Umbreon|Protect\n|move|p2a: Aggron|Heavy Slam|p1a: Umbreon\n|-activate|p1a: Umbreon|move: Protect\n|\n|-heal|p2a: Aggron|81\/100|[from] Grassy Terrain\n|-heal|p1a: Umbreon|47\/100|[from] Grassy Terrain\n|-heal|p1a: Umbreon|53\/100|[from] item: Leftovers\n|upkeep\n|turn|50\n|\n|t:|1641744099\n|move|p2a: Aggron|Body Press|p1a: Umbreon\n|-supereffective|p1a: Umbreon\n|-damage|p1a: Umbreon|0 fnt\n|faint|p1a: Umbreon\n|\n|-heal|p2a: Aggron|87\/100|[from] Grassy Terrain\n|-fieldend|move: Grassy Terrain\n|upkeep\n|\n|t:|1641744124\n|switch|p1a: Rillaboom|Rillaboom, F|60\/100\n|-damage|p1a: Rillaboom|48\/100|[from] Stealth Rock\n|-fieldstart|move: Grassy Terrain|[from] ability: Grassy Surge|[of] p1a: Rillaboom\n|turn|51\n|c|\u2606Yookinator|gg\n|\n|t:|1641744250\n|switch|p2a: Infernape|Infernape, M|100\/100\n|move|p1a: Rillaboom|Superpower|p2a: Infernape\n|-damage|p2a: Infernape|6\/100\n|-unboost|p1a: Rillaboom|atk|1\n|-unboost|p1a: Rillaboom|def|1\n|\n|-heal|p2a: Infernape|12\/100|[from] Grassy Terrain\n|-heal|p1a: Rillaboom|54\/100|[from] Grassy Terrain\n|upkeep\n|turn|52\n|\n|t:|1641744257\n|switch|p1a: Noivern|Noivern, M|100\/100\n|-item|p2a: Infernape|Choice Band|[from] ability: Frisk|[of] p1a: Noivern|[identify]\n|move|p2a: Infernape|Flare Blitz|p1a: Noivern\n|-resisted|p1a: Noivern\n|-damage|p1a: Noivern|53\/100\n|-damage|p2a: Infernape|0 fnt|[from] Recoil\n|faint|p2a: Infernape\n|\n|upkeep\n|\n|t:|1641744259\n|switch|p2a: Aggron|Aggron-Mega, F|87\/100\n|turn|53\n|\n|t:|1641744272\n|move|p1a: Noivern|Roost|p1a: Noivern\n|-heal|p1a: Noivern|100\/100\n|-singleturn|p1a: Noivern|move: Roost\n|move|p2a: Aggron|Heavy Slam|p1a: Noivern\n|-damage|p1a: Noivern|36\/100\n|\n|-heal|p1a: Noivern|42\/100|[from] Grassy Terrain\n|-heal|p2a: Aggron|93\/100|[from] Grassy Terrain\n|upkeep\n|turn|54\n|\n|t:|1641744276\n|move|p1a: Noivern|Roost|p1a: Noivern\n|-heal|p1a: Noivern|92\/100\n|-singleturn|p1a: Noivern|move: Roost\n|move|p2a: Aggron|Heavy Slam|p1a: Noivern\n|-damage|p1a: Noivern|20\/100\n|\n|-heal|p1a: Noivern|27\/100|[from] Grassy Terrain\n|-heal|p2a: Aggron|99\/100|[from] Grassy Terrain\n|upkeep\n|turn|55\n|\n|t:|1641744285\n|move|p1a: Noivern|Air Slash|p2a: Aggron\n|-resisted|p2a: Aggron\n|-damage|p2a: Aggron|81\/100\n|cant|p2a: Aggron|flinch\n|\n|-heal|p2a: Aggron|87\/100|[from] Grassy Terrain\n|-fieldend|move: Grassy Terrain\n|upkeep\n|turn|56\n|\n|t:|1641744288\n|move|p1a: Noivern|Air Slash|p2a: Aggron\n|-resisted|p2a: Aggron\n|-damage|p2a: Aggron|68\/100\n|cant|p2a: Aggron|flinch\n|\n|upkeep\n|turn|57\n|\n|t:|1641744291\n|move|p1a: Noivern|Air Slash|p2a: Aggron\n|-resisted|p2a: Aggron\n|-damage|p2a: Aggron|50\/100\n|move|p2a: Aggron|Heavy Slam|p1a: Noivern\n|-crit|p1a: Noivern\n|-damage|p1a: Noivern|0 fnt\n|faint|p1a: Noivern\n|\n|upkeep\n|\n|t:|1641744296\n|switch|p1a: Rillaboom|Rillaboom, F|54\/100\n|-damage|p1a: Rillaboom|42\/100|[from] Stealth Rock\n|-fieldstart|move: Grassy Terrain|[from] ability: Grassy Surge|[of] p1a: Rillaboom\n|turn|58\n|c|\u2606MAVERICK SHOOTERS|i was just about to rage\n|c|\u2606Yookinator|oops\n|c|\u2606MAVERICK SHOOTERS|i mean u shot ur shot \n|c|\u2606MAVERICK SHOOTERS|gg\n|c| TGuilerrr|imagine if air slash just wont the game\n|c|\u2606Yookinator|gg\n|c| TGuilerrr|won*\n|\n|t:|1641744325\n|move|p1a: Rillaboom|Superpower|p2a: Aggron\n|-supereffective|p2a: Aggron\n|-damage|p2a: Aggron|6\/100\n|-unboost|p1a: Rillaboom|atk|1\n|-unboost|p1a: Rillaboom|def|1\n|move|p2a: Aggron|Heavy Slam|p1a: Rillaboom\n|-damage|p1a: Rillaboom|0 fnt\n|faint|p1a: Rillaboom\n|\n|win|MAVERICK SHOOTERS\n|l| PorygonTheBot\n|l| Meeto\n|c| TGuilerrr|wp both\n|l| Lukatsukio\n|l| TGuilerrr\n|l|\u2606Yookinator\n|l| Divixel\n|l| pinapple321\n","uploadtime":1641744326,"views":36,"p1id":"yookinator","p2id":"maverickshooters","formatid":"gen8nationaldexdraft","rating":0,"private":0,"password":null}