{"id":"sports-gen8nationaldexdlclegacy-353104","p1":"agent rosa","p2":"DjezzeMwoan","format":"gen8nationaldexdlclegacy","log":"|j|\u2606agent rosa\n|j|\u2606DjezzeMwoan\n|t:|1614457352\n|player|p1|agent rosa|rosa|\n|player|p2|DjezzeMwoan|52|\n|teamsize|p1|6\n|teamsize|p2|6\n|gametype|singles\n|gen|8\n|tier|[Gen 8] National Dex DLC Legacy\n|rule|Sleep Clause Mod: Limit one foe put to sleep\n|rule|OHKO Clause: OHKO moves are banned\n|rule|Evasion Moves Clause: Evasion moves are banned\n|rule|Endless Battle Clause: Forcing endless battles is banned\n|rule|HP Percentage Mod: HP is shown in percentages\n|clearpoke\n|poke|p1|Alakazam, F|\n|poke|p1|Milotic, M|\n|poke|p1|Gliscor, M|\n|poke|p1|Rotom-Heat|\n|poke|p1|Pangoro, M|\n|poke|p1|Sylveon, F|\n|poke|p2|Infernape, M|\n|poke|p2|Melmetal|\n|poke|p2|Latias, F|\n|poke|p2|Florges, F|\n|poke|p2|Rotom-Wash|\n|poke|p2|Cradily, M|\n|rule|Dynamax Clause: You cannot dynamax\n|teampreview\n|html|<button name=\"send\" class=\"button\" value=\"\/timer ds\"><i class=\"fa fa-hourglass-start\"><\/i> DS Timer<\/button> <button name=\"send\" class=\"button\" value=\"\/timer smogon\"><i class=\"fa fa-hourglass-start\"><\/i> Smogon Timer<\/button>\n|c|\u2606DjezzeMwoan|glhf\n|c|\u2606DjezzeMwoan|no celesteela damn\n|c|\u2606agent rosa|steela bad\n|\n|t:|1614457429\n|start\n|switch|p1a: flash|Rotom-Heat|100\/100\n|switch|p2a: Infernape|Infernape, M|100\/100\n|turn|1\n|\n|t:|1614457439\n|move|p2a: Infernape|U-turn|p1a: flash\n|-resisted|p1a: flash\n|-damage|p1a: flash|91\/100\n|\n|t:|1614457443\n|switch|p2a: Latias|Latias, F|100\/100|[from]move: U-turn\n|move|p1a: flash|Volt Switch|p2a: Latias\n|-resisted|p2a: Latias\n|-damage|p2a: Latias|94\/100\n|\n|t:|1614457450\n|switch|p1a: wonder woman|Sylveon, F, shiny|100\/100|[from]move: Volt Switch\n|\n|-heal|p2a: Latias|99\/100|[from] item: Leftovers\n|upkeep\n|turn|2\n|\n|t:|1614457456\n|switch|p2a: Melmetal|Melmetal|100\/100\n|move|p1a: wonder woman|Hyper Voice|p2a: Melmetal\n|-resisted|p2a: Melmetal\n|-damage|p2a: Melmetal|89\/100\n|\n|upkeep\n|turn|3\n|\n|t:|1614457461\n|move|p1a: wonder woman|Baton Pass|p1a: wonder woman\n|\n|t:|1614457464\n|switch|p1a: aquaman|Milotic, M|100\/100|[from]move: Baton Pass\n|move|p2a: Melmetal|Rock Slide|p1a: aquaman|[miss]\n|-miss|p2a: Melmetal|p1a: aquaman\n|\n|upkeep\n|turn|4\n|\n|t:|1614457472\n|switch|p2a: Cradily|Cradily, M|100\/100\n|move|p1a: aquaman|Flip Turn|p2a: Cradily\n|-ability|p2a: Cradily|Storm Drain|boost\n|-boost|p2a: Cradily|spa|1\n|\n|upkeep\n|turn|5\n|\n|t:|1614457479\n|move|p1a: aquaman|Toxic|p2a: Cradily\n|-status|p2a: Cradily|tox\n|move|p2a: Cradily|Power Whip|p1a: aquaman\n|-supereffective|p1a: aquaman\n|-damage|p1a: aquaman|27\/100\n|\n|-heal|p1a: aquaman|33\/100|[from] item: Leftovers\n|-damage|p2a: Cradily|94\/100 tox|[from] psn\n|upkeep\n|turn|6\n|\n|t:|1614457484\n|switch|p1a: flash|Rotom-Heat|91\/100\n|move|p2a: Cradily|Stone Edge|p1a: flash\n|-supereffective|p1a: flash\n|-damage|p1a: flash|30\/100\n|\n|-heal|p2a: Cradily|100\/100 tox|[from] item: Leftovers\n|-damage|p2a: Cradily|88\/100 tox|[from] psn\n|upkeep\n|turn|7\n|\n|t:|1614457490\n|move|p1a: flash|Volt Switch|p2a: Cradily\n|-resisted|p2a: Cradily\n|-damage|p2a: Cradily|78\/100 tox\n|\n|t:|1614457496\n|switch|p1a: batman|Gliscor, M, shiny|100\/100|[from]move: Volt Switch\n|move|p2a: Cradily|Power Whip|p1a: batman\n|-damage|p1a: batman|56\/100\n|\n|-heal|p2a: Cradily|85\/100 tox|[from] item: Leftovers\n|-damage|p2a: Cradily|66\/100 tox|[from] psn\n|-status|p1a: batman|tox|[from] item: Toxic Orb\n|upkeep\n|turn|8\n|c|\u2606DjezzeMwoan|i fucking love cradily lol\n|c|\u2606agent rosa|:rolled:\n|\n|t:|1614457508\n|switch|p2a: Florges|Florges, F|100\/100\n|move|p1a: batman|Swords Dance|p1a: batman\n|-boost|p1a: batman|atk|2\n|\n|-heal|p1a: batman|68\/100 tox|[from] ability: Poison Heal\n|upkeep\n|turn|9\n|\n|t:|1614457558\n|switch|p2a: Rotom|Rotom-Wash|100\/100\n|move|p1a: batman|Dual Wingbeat|p2a: Rotom\n|-resisted|p2a: Rotom\n|-damage|p2a: Rotom|87\/100\n|-resisted|p2a: Rotom\n|-crit|p2a: Rotom\n|-damage|p2a: Rotom|66\/100\n|-hitcount|p2a: Rotom|2\n|\n|-heal|p1a: batman|80\/100 tox|[from] ability: Poison Heal\n|upkeep\n|turn|10\n|\n|t:|1614457571\n|move|p1a: batman|Power Whip|p2a: Rotom|[miss]\n|-miss|p1a: batman|p2a: Rotom\n|move|p2a: Rotom|Hydro Pump|p1a: batman\n|-supereffective|p1a: batman\n|-damage|p1a: batman|0 fnt\n|faint|p1a: batman\n|\n|upkeep\n|c|\u2606agent rosa|nice\n|c|\u2606DjezzeMwoan|sorry\n|c|\u2606agent rosa|i lose now\n|c|\u2606agent rosa|to that\n|c|\u2606DjezzeMwoan|why not facade?\n|c|\u2606DjezzeMwoan|im so confused\n|c|\u2606agent rosa|bc facade doesn't kill at neutral?\n|c|\u2606DjezzeMwoan|neither does whip\n|c|\u2606agent rosa|but it does like twice as much?????\n|c|\u2606agent rosa|facade doesn't even kill at plus two\n|c|\u2606agent rosa|whip is just an obvious bring\n|c|\u2606DjezzeMwoan|but facade doesnt miss and beats my whole team\n|c|\u2606DjezzeMwoan|with eq\n|c|\u2606agent rosa|thats dum\n|c|\u2606agent rosa|sorry but that makes no sense\n|c|\u2606agent rosa|i don't kill rotom\n|c|\u2606agent rosa|and i die back\n|c|\u2606agent rosa|eq and wingbeat hits everything\n|c|\u2606DjezzeMwoan|also cant figure out what dual winbeat was for\n|c|\u2606agent rosa|i mean it doesn't matter because you win bc of hax now\n|\n|t:|1614457683\n|switch|p1a: zatanna|Alakazam, F, shiny|100\/100\n|turn|11\n|\n|t:|1614457699\n|switch|p2a: Melmetal|Melmetal|89\/100\n|detailschange|p1a: zatanna|Alakazam-Mega, F, shiny\n|-mega|p1a: zatanna|Alakazam|Alakazite\n|-ability|p1a: zatanna|Iron Fist|[from] ability: Trace|[of] p2a: Melmetal\n|move|p1a: zatanna|Psychic Terrain|p1a: zatanna\n|-fieldstart|move: Psychic Terrain\n|\n|upkeep\n|turn|12\n|\n|t:|1614457711\n|move|p1a: zatanna|Focus Blast|p2a: Melmetal\n|-supereffective|p2a: Melmetal\n|-damage|p2a: Melmetal|24\/100\n|move|p2a: Melmetal|Double Iron Bash|p1a: zatanna\n|-damage|p1a: zatanna|25\/100\n|-damage|p1a: zatanna|0 fnt\n|-hitcount|p1a: zatanna|2\n|faint|p1a: zatanna\n|\n|upkeep\n|\n|t:|1614457716\n|switch|p1a: flash|Rotom-Heat|30\/100\n|turn|13\n|c|\u2606DjezzeMwoan|well i still had stuff for that rotom\n|c|\u2606DjezzeMwoan|but yes it sucks\n|c|\u2606agent rosa|i mean \n|c|\u2606agent rosa|sure\n|c|\u2606agent rosa|i get a kill\n|c|\u2606agent rosa|everytime gliscor comes in\n|c|\u2606DjezzeMwoan|no you dont\n|c|\u2606DjezzeMwoan|you only kill rotom wash\n|c|\u2606agent rosa|i kill wash\n|c|\u2606agent rosa|i switch\n|c|\u2606DjezzeMwoan|then i know its sd so i dont let it set up\n|c|\u2606agent rosa|dude i'm not the kinda person who gets mad about hax but like ur criticizing my play now? come on dude you let gliscor set up for free don't talk shit about my sets\n|\n|t:|1614457807\n|switch|p2a: Latias|Latias, F|99\/100\n|move|p1a: flash|Overheat|p2a: Latias\n|-resisted|p2a: Latias\n|-damage|p2a: Latias|86\/100\n|-unboost|p1a: flash|spa|2\n|\n|-heal|p2a: Latias|93\/100|[from] item: Leftovers\n|upkeep\n|turn|14\n|\n|t:|1614457816\n|switch|p1a: wonder woman|Sylveon, F, shiny|100\/100\n|move|p2a: Latias|Thunder Wave|p1a: wonder woman\n|-status|p1a: wonder woman|par\n|\n|-heal|p2a: Latias|99\/100|[from] item: Leftovers\n|upkeep\n|turn|15\n|c|\u2606DjezzeMwoan|im not criticizing your play\n|c|\u2606agent rosa|you literally said my set made no sense\n|c|\u2606DjezzeMwoan|i just wondered why you wouldnt run facade\n|c|\u2606agent rosa|its whatever \n|c|\u2606agent rosa|just play ig \n|\n|t:|1614457865\n|switch|p2a: Florges|Florges, F|100\/100\n|move|p1a: wonder woman|Baton Pass|p1a: wonder woman\n|\n|t:|1614457878\n|switch|p1a: aquaman|Milotic, M|33\/100|[from]move: Baton Pass\n|\n|-heal|p1a: aquaman|39\/100|[from] item: Leftovers\n|-fieldend|move: Psychic Terrain\n|upkeep\n|turn|16\n|\n|t:|1614457882\n|switch|p2a: Rotom|Rotom-Wash|66\/100\n|move|p1a: aquaman|Recover|p1a: aquaman\n|-heal|p1a: aquaman|89\/100\n|\n|-heal|p1a: aquaman|95\/100|[from] item: Leftovers\n|upkeep\n|turn|17\n|\n|t:|1614457885\n|switch|p1a: flash|Rotom-Heat|30\/100\n|move|p2a: Rotom|Discharge|p1a: flash\n|-resisted|p1a: flash\n|-damage|p1a: flash|14\/100\n|\n|upkeep\n|turn|18\n|\n|t:|1614457892\n|switch|p2a: Latias|Latias, F|99\/100\n|move|p1a: flash|Volt Switch|p2a: Latias\n|-resisted|p2a: Latias\n|-damage|p2a: Latias|92\/100\n|\n|t:|1614457899\n|switch|p1a: black adam|Pangoro, M|100\/100|[from]move: Volt Switch\n|-ability|p1a: black adam|Mold Breaker\n|\n|-heal|p2a: Latias|98\/100|[from] item: Leftovers\n|upkeep\n|turn|19\n|\n|t:|1614457908\n|switch|p2a: Melmetal|Melmetal|24\/100\n|move|p1a: black adam|Knock Off|p2a: Melmetal\n|-damage|p2a: Melmetal|0 fnt\n|-enditem|p2a: Melmetal|Assault Vest|[from] move: Knock Off|[of] p1a: black adam\n|faint|p2a: Melmetal\n|\n|upkeep\n|\n|t:|1614457911\n|switch|p2a: Florges|Florges, F|100\/100\n|turn|20\n|\n|t:|1614457917\n|switch|p1a: flash|Rotom-Heat|14\/100\n|move|p2a: Florges|Moonblast|p1a: flash\n|-resisted|p1a: flash\n|-damage|p1a: flash|0 fnt\n|faint|p1a: flash\n|\n|upkeep\n|\n|t:|1614457919\n|switch|p1a: aquaman|Milotic, M|95\/100\n|turn|21\n|\n|t:|1614457925\n|switch|p2a: Rotom|Rotom-Wash|66\/100\n|move|p1a: aquaman|Flip Turn|p2a: Rotom\n|-resisted|p2a: Rotom\n|-damage|p2a: Rotom|61\/100\n|\n|t:|1614457928\n|switch|p1a: wonder woman|Sylveon, F, shiny|100\/100 par|[from]move: Flip Turn\n|\n|upkeep\n|turn|22\n|\n|t:|1614457938\n|move|p2a: Rotom|Discharge|p1a: wonder woman\n|-damage|p1a: wonder woman|82\/100 par\n|move|p1a: wonder woman|Hyper Voice|p2a: Rotom\n|-damage|p2a: Rotom|17\/100\n|\n|-heal|p1a: wonder woman|88\/100 par|[from] item: Leftovers\n|upkeep\n|turn|23\n|\n|t:|1614457944\n|move|p2a: Rotom|Rest|p2a: Rotom\n|-status|p2a: Rotom|slp|[from] move: Rest\n|-heal|p2a: Rotom|100\/100 slp|[silent]\n|-enditem|p2a: Rotom|Chesto Berry|[eat]\n|-curestatus|p2a: Rotom|slp|[msg]\n|move|p1a: wonder woman|Hyper Voice|p2a: Rotom\n|-damage|p2a: Rotom|60\/100\n|\n|-heal|p1a: wonder woman|94\/100 par|[from] item: Leftovers\n|upkeep\n|turn|24\n|\n|t:|1614457949\n|switch|p2a: Florges|Florges, F|100\/100\n|cant|p1a: wonder woman|par\n|\n|-heal|p1a: wonder woman|99\/100 par|[from] item: Leftovers\n|upkeep\n|turn|25\n|\n|t:|1614457954\n|move|p2a: Florges|Wish|p2a: Florges\n|cant|p1a: wonder woman|par\n|\n|-heal|p1a: wonder woman|100\/100 par|[from] item: Leftovers\n|upkeep\n|turn|26\n|\n|t:|1614457957\n|move|p2a: Florges|Heal Bell|p2a: Florges\n|-activate|p2a: Florges|move: Heal Bell\n|-curestatus|p2: Cradily|tox|[msg]\n|cant|p1a: wonder woman|par\n|\n|upkeep\n|turn|27\n|\n|t:|1614457962\n|switch|p2a: Cradily|Cradily, M|66\/100\n|move|p1a: wonder woman|Baton Pass|p1a: wonder woman\n|\n|t:|1614457969\n|switch|p1a: black adam|Pangoro, M|100\/100|[from]move: Baton Pass\n|-ability|p1a: black adam|Mold Breaker\n|\n|-heal|p2a: Cradily|72\/100|[from] item: Leftovers\n|upkeep\n|turn|28\n|\n|t:|1614457976\n|switch|p2a: Florges|Florges, F|100\/100\n|move|p1a: black adam|Close Combat|p2a: Florges\n|-resisted|p2a: Florges\n|-damage|p2a: Florges|76\/100\n|-unboost|p1a: black adam|def|1\n|-unboost|p1a: black adam|spd|1\n|\n|-heal|p2a: Florges|82\/100|[from] item: Leftovers\n|upkeep\n|turn|29\n|\n|t:|1614457981\n|switch|p1a: wonder woman|Sylveon, F, shiny|100\/100 par\n|move|p2a: Florges|Moonblast|p1a: wonder woman\n|-damage|p1a: wonder woman|78\/100 par\n|-unboost|p1a: wonder woman|spa|1\n|\n|-heal|p2a: Florges|88\/100|[from] item: Leftovers\n|-heal|p1a: wonder woman|84\/100 par|[from] item: Leftovers\n|upkeep\n|turn|30\n|\n|t:|1614457985\n|switch|p2a: Cradily|Cradily, M|72\/100\n|move|p1a: wonder woman|Baton Pass|p1a: wonder woman\n|\n|t:|1614457990\n|switch|p1a: black adam|Pangoro, M|100\/100|[from]move: Baton Pass\n|-ability|p1a: black adam|Mold Breaker\n|\n|-heal|p2a: Cradily|78\/100|[from] item: Leftovers\n|upkeep\n|turn|31\n|\n|t:|1614457994\n|switch|p2a: Latias|Latias, F|98\/100\n|move|p1a: black adam|Knock Off|p2a: Latias\n|-supereffective|p2a: Latias\n|-damage|p2a: Latias|0 fnt\n|-enditem|p2a: Latias|Leftovers|[from] move: Knock Off|[of] p1a: black adam\n|faint|p2a: Latias\n|\n|upkeep\n|\n|t:|1614457997\n|switch|p2a: Florges|Florges, F|88\/100\n|turn|32\n|\n|t:|1614458001\n|switch|p1a: wonder woman|Sylveon, F, shiny|84\/100 par\n|move|p2a: Florges|Moonblast|p1a: wonder woman\n|-damage|p1a: wonder woman|58\/100 par\n|\n|-heal|p2a: Florges|94\/100|[from] item: Leftovers\n|-heal|p1a: wonder woman|64\/100 par|[from] item: Leftovers\n|upkeep\n|turn|33\n|\n|t:|1614458004\n|move|p2a: Florges|Moonblast|p1a: wonder woman\n|-damage|p1a: wonder woman|39\/100 par\n|move|p1a: wonder woman|Wish|p1a: wonder woman\n|\n|-heal|p2a: Florges|99\/100|[from] item: Leftovers\n|-heal|p1a: wonder woman|45\/100 par|[from] item: Leftovers\n|upkeep\n|turn|34\n|\n|t:|1614458007\n|cant|p1a: wonder woman|par\n|move|p2a: Florges|Wish|p2a: Florges\n|\n|-heal|p1a: wonder woman|95\/100 par|[from] move: Wish|[wisher] wonder woman\n|-heal|p2a: Florges|100\/100|[from] item: Leftovers\n|-heal|p1a: wonder woman|100\/100 par|[from] item: Leftovers\n|upkeep\n|turn|35\n|\n|t:|1614458011\n|move|p2a: Florges|Moonblast|p1a: wonder woman\n|-damage|p1a: wonder woman|77\/100 par\n|move|p1a: wonder woman|Baton Pass|p1a: wonder woman\n|\n|t:|1614458014\n|switch|p1a: aquaman|Milotic, M|95\/100|[from]move: Baton Pass\n|\n|-heal|p1a: aquaman|100\/100|[from] item: Leftovers\n|upkeep\n|turn|36\n|\n|t:|1614458018\n|switch|p2a: Cradily|Cradily, M|78\/100\n|move|p1a: aquaman|Toxic|p2a: Cradily\n|-status|p2a: Cradily|tox\n|\n|-heal|p2a: Cradily|85\/100 tox|[from] item: Leftovers\n|-damage|p2a: Cradily|78\/100 tox|[from] psn\n|upkeep\n|turn|37\n|\n|t:|1614458026\n|switch|p1a: wonder woman|Sylveon, F, shiny|77\/100 par\n|move|p2a: Cradily|Power Whip|p1a: wonder woman|[miss]\n|-miss|p2a: Cradily|p1a: wonder woman\n|\n|-heal|p2a: Cradily|85\/100 tox|[from] item: Leftovers\n|-heal|p1a: wonder woman|83\/100 par|[from] item: Leftovers\n|-damage|p2a: Cradily|72\/100 tox|[from] psn\n|upkeep\n|turn|38\n|\n|t:|1614458033\n|switch|p2a: Florges|Florges, F|100\/100\n|move|p1a: wonder woman|Wish|p1a: wonder woman\n|\n|-heal|p1a: wonder woman|90\/100 par|[from] item: Leftovers\n|upkeep\n|turn|39\n|\n|t:|1614458041\n|switch|p1a: aquaman|Milotic, M|100\/100\n|move|p2a: Florges|Wish|p2a: Florges\n|\n|upkeep\n|turn|40\n|\n|t:|1614458048\n|switch|p1a: wonder woman|Sylveon, F, shiny|90\/100 par\n|move|p2a: Florges|Heal Bell|p2a: Florges\n|-activate|p2a: Florges|move: Heal Bell\n|-curestatus|p2: Cradily|tox|[msg]\n|\n|-heal|p1a: wonder woman|96\/100 par|[from] item: Leftovers\n|upkeep\n|turn|41\n|\n|t:|1614458052\n|switch|p2a: Cradily|Cradily, M|72\/100\n|move|p1a: wonder woman|Hyper Voice|p2a: Cradily\n|-damage|p2a: Cradily|38\/100\n|\n|-heal|p2a: Cradily|44\/100|[from] item: Leftovers\n|-heal|p1a: wonder woman|100\/100 par|[from] item: Leftovers\n|upkeep\n|turn|42\n|\n|t:|1614458055\n|move|p2a: Cradily|Recover|p2a: Cradily\n|-heal|p2a: Cradily|94\/100\n|move|p1a: wonder woman|Hyper Voice|p2a: Cradily\n|-damage|p2a: Cradily|60\/100\n|\n|-heal|p2a: Cradily|66\/100|[from] item: Leftovers\n|upkeep\n|turn|43\n|\n|t:|1614458058\n|move|p2a: Cradily|Stone Edge|p1a: wonder woman\n|-damage|p1a: wonder woman|64\/100 par\n|cant|p1a: wonder woman|par\n|\n|-heal|p2a: Cradily|72\/100|[from] item: Leftovers\n|-heal|p1a: wonder woman|70\/100 par|[from] item: Leftovers\n|upkeep\n|turn|44\n|\n|t:|1614458061\n|move|p2a: Cradily|Power Whip|p1a: wonder woman|[miss]\n|-miss|p2a: Cradily|p1a: wonder woman\n|move|p1a: wonder woman|Wish|p1a: wonder woman\n|\n|-heal|p2a: Cradily|78\/100|[from] item: Leftovers\n|-heal|p1a: wonder woman|76\/100 par|[from] item: Leftovers\n|upkeep\n|turn|45\n|\n|t:|1614458066\n|move|p2a: Cradily|Swords Dance|p2a: Cradily\n|-boost|p2a: Cradily|atk|2\n|move|p1a: wonder woman|Baton Pass|p1a: wonder woman\n|\n|t:|1614458067\n|switch|p1a: black adam|Pangoro, M|100\/100|[from]move: Baton Pass\n|-ability|p1a: black adam|Mold Breaker\n|\n|-heal|p2a: Cradily|84\/100|[from] item: Leftovers\n|upkeep\n|turn|46\n|\n|t:|1614458073\n|switch|p2a: Florges|Florges, F|100\/100\n|move|p1a: black adam|Close Combat|p2a: Florges\n|-resisted|p2a: Florges\n|-damage|p2a: Florges|75\/100\n|-unboost|p1a: black adam|def|1\n|-unboost|p1a: black adam|spd|1\n|\n|-heal|p2a: Florges|81\/100|[from] item: Leftovers\n|upkeep\n|turn|47\n|\n|t:|1614458076\n|switch|p1a: wonder woman|Sylveon, F, shiny|76\/100 par\n|move|p2a: Florges|Moonblast|p1a: wonder woman\n|-damage|p1a: wonder woman|53\/100 par\n|\n|-heal|p2a: Florges|87\/100|[from] item: Leftovers\n|-heal|p1a: wonder woman|59\/100 par|[from] item: Leftovers\n|upkeep\n|turn|48\n|\n|t:|1614458078\n|switch|p2a: Cradily|Cradily, M|84\/100\n|move|p1a: wonder woman|Wish|p1a: wonder woman\n|\n|-heal|p2a: Cradily|90\/100|[from] item: Leftovers\n|-heal|p1a: wonder woman|65\/100 par|[from] item: Leftovers\n|upkeep\n|turn|49\n|\n|t:|1614458082\n|move|p2a: Cradily|Swords Dance|p2a: Cradily\n|-boost|p2a: Cradily|atk|2\n|move|p1a: wonder woman|Hyper Voice|p2a: Cradily\n|-damage|p2a: Cradily|59\/100\n|\n|-heal|p1a: wonder woman|100\/100 par|[from] move: Wish|[wisher] wonder woman\n|-heal|p2a: Cradily|65\/100|[from] item: Leftovers\n|upkeep\n|turn|50\n|\n|t:|1614458089\n|move|p2a: Cradily|Power Whip|p1a: wonder woman\n|-damage|p1a: wonder woman|13\/100 par\n|move|p1a: wonder woman|Hyper Voice|p2a: Cradily\n|-damage|p2a: Cradily|33\/100\n|\n|-heal|p2a: Cradily|40\/100|[from] item: Leftovers\n|-heal|p1a: wonder woman|19\/100 par|[from] item: Leftovers\n|upkeep\n|turn|51\n|\n|t:|1614458095\n|move|p1a: wonder woman|Protect|p1a: wonder woman\n|-singleturn|p1a: wonder woman|Protect\n|move|p2a: Cradily|Recover|p2a: Cradily\n|-heal|p2a: Cradily|90\/100\n|\n|-heal|p2a: Cradily|96\/100|[from] item: Leftovers\n|-heal|p1a: wonder woman|25\/100 par|[from] item: Leftovers\n|upkeep\n|turn|52\n|\n|t:|1614458099\n|move|p2a: Cradily|Power Whip|p1a: wonder woman\n|-damage|p1a: wonder woman|0 fnt\n|faint|p1a: wonder woman\n|\n|-heal|p2a: Cradily|100\/100|[from] item: Leftovers\n|upkeep\n|\n|t:|1614458101\n|switch|p1a: black adam|Pangoro, M|100\/100\n|-ability|p1a: black adam|Mold Breaker\n|turn|53\n|\n|t:|1614458106\n|switch|p2a: Florges|Florges, F|87\/100\n|move|p1a: black adam|Poison Jab|p2a: Florges\n|-supereffective|p2a: Florges\n|-damage|p2a: Florges|40\/100\n|\n|-heal|p2a: Florges|47\/100|[from] item: Leftovers\n|upkeep\n|turn|54\n|\n|t:|1614458109\n|move|p2a: Florges|Protect|p2a: Florges\n|-singleturn|p2a: Florges|Protect\n|move|p1a: black adam|Poison Jab|p2a: Florges\n|-activate|p2a: Florges|move: Protect\n|\n|-heal|p2a: Florges|53\/100|[from] item: Leftovers\n|upkeep\n|turn|55\n|\n|t:|1614458112\n|switch|p1a: aquaman|Milotic, M|100\/100\n|move|p2a: Florges|Moonblast|p1a: aquaman\n|-damage|p1a: aquaman|75\/100\n|\n|-heal|p1a: aquaman|81\/100|[from] item: Leftovers\n|-heal|p2a: Florges|59\/100|[from] item: Leftovers\n|upkeep\n|turn|56\n|\n|t:|1614458115\n|move|p1a: aquaman|Flip Turn|p2a: Florges\n|-damage|p2a: Florges|46\/100\n|\n|t:|1614458117\n|switch|p1a: black adam|Pangoro, M|100\/100|[from]move: Flip Turn\n|-ability|p1a: black adam|Mold Breaker\n|move|p2a: Florges|Wish|p2a: Florges\n|\n|-heal|p2a: Florges|52\/100|[from] item: Leftovers\n|upkeep\n|turn|57\n|\n|t:|1614458119\n|move|p2a: Florges|Protect|p2a: Florges\n|-singleturn|p2a: Florges|Protect\n|move|p1a: black adam|Poison Jab|p2a: Florges\n|-activate|p2a: Florges|move: Protect\n|\n|-heal|p2a: Florges|100\/100|[from] move: Wish|[wisher] Florges\n|upkeep\n|turn|58\n|\n|t:|1614458121\n|switch|p1a: aquaman|Milotic, M|81\/100\n|move|p2a: Florges|Moonblast|p1a: aquaman\n|-damage|p1a: aquaman|55\/100\n|\n|-heal|p1a: aquaman|61\/100|[from] item: Leftovers\n|upkeep\n|turn|59\n|\n|t:|1614458125\n|switch|p2a: Cradily|Cradily, M|100\/100\n|move|p1a: aquaman|Recover|p1a: aquaman\n|-heal|p1a: aquaman|100\/100\n|\n|upkeep\n|turn|60\n|\n|t:|1614458129\n|switch|p1a: black adam|Pangoro, M|100\/100\n|-ability|p1a: black adam|Mold Breaker\n|move|p2a: Cradily|Power Whip|p1a: black adam\n|-damage|p1a: black adam|42\/100\n|\n|upkeep\n|turn|61\n|\n|t:|1614458133\n|switch|p2a: Florges|Florges, F|100\/100\n|move|p1a: black adam|Knock Off|p2a: Florges\n|-resisted|p2a: Florges\n|-damage|p2a: Florges|80\/100\n|-enditem|p2a: Florges|Leftovers|[from] move: Knock Off|[of] p1a: black adam\n|\n|upkeep\n|turn|62\n|\n|t:|1614458136\n|switch|p1a: aquaman|Milotic, M|100\/100\n|move|p2a: Florges|Moonblast|p1a: aquaman\n|-damage|p1a: aquaman|76\/100\n|\n|-heal|p1a: aquaman|82\/100|[from] item: Leftovers\n|upkeep\n|turn|63\n|\n|t:|1614458144\n|move|p1a: aquaman|Toxic|p2a: Florges\n|-status|p2a: Florges|tox\n|move|p2a: Florges|Wish|p2a: Florges\n|\n|-heal|p1a: aquaman|88\/100|[from] item: Leftovers\n|-damage|p2a: Florges|74\/100 tox|[from] psn\n|upkeep\n|turn|64\n|\n|t:|1614458150\n|move|p1a: aquaman|Toxic|p2a: Florges\n|-fail|p2a: Florges|tox\n|move|p2a: Florges|Heal Bell|p2a: Florges\n|-activate|p2a: Florges|move: Heal Bell\n|-curestatus|p2a: Florges|tox|[msg]\n|\n|-heal|p2a: Florges|100\/100|[from] move: Wish|[wisher] Florges\n|-heal|p1a: aquaman|94\/100|[from] item: Leftovers\n|upkeep\n|turn|65\n|\n|t:|1614458154\n|switch|p2a: Cradily|Cradily, M|100\/100\n|move|p1a: aquaman|Toxic|p2a: Cradily\n|-status|p2a: Cradily|tox\n|\n|-heal|p1a: aquaman|99\/100|[from] item: Leftovers\n|-damage|p2a: Cradily|94\/100 tox|[from] psn\n|upkeep\n|turn|66\n|\n|t:|1614458157\n|switch|p1a: black adam|Pangoro, M|42\/100\n|-ability|p1a: black adam|Mold Breaker\n|move|p2a: Cradily|Power Whip|p1a: black adam\n|-damage|p1a: black adam|0 fnt\n|faint|p1a: black adam\n|\n|-heal|p2a: Cradily|100\/100 tox|[from] item: Leftovers\n|-damage|p2a: Cradily|88\/100 tox|[from] psn\n|upkeep\n|\n|t:|1614458159\n|switch|p1a: aquaman|Milotic, M|99\/100\n|turn|67\n|c|\u2606DjezzeMwoan|gg\n|\n|t:|1614458165\n|switch|p2a: Rotom|Rotom-Wash|60\/100\n|move|p1a: aquaman|Recover|p1a: aquaman\n|-heal|p1a: aquaman|100\/100\n|\n|upkeep\n|turn|68\n|\n|t:|1614458169\n|move|p2a: Rotom|Discharge|p1a: aquaman\n|-supereffective|p1a: aquaman\n|-damage|p1a: aquaman|59\/100\n|move|p1a: aquaman|Toxic|p2a: Rotom\n|-status|p2a: Rotom|tox\n|\n|-heal|p1a: aquaman|65\/100|[from] item: Leftovers\n|-damage|p2a: Rotom|54\/100 tox|[from] psn\n|upkeep\n|turn|69\n|\n|t:|1614458172\n|move|p2a: Rotom|Discharge|p1a: aquaman\n|-supereffective|p1a: aquaman\n|-damage|p1a: aquaman|22\/100\n|move|p1a: aquaman|Recover|p1a: aquaman\n|-heal|p1a: aquaman|72\/100\n|\n|-heal|p1a: aquaman|78\/100|[from] item: Leftovers\n|-damage|p2a: Rotom|41\/100 tox|[from] psn\n|upkeep\n|turn|70\n|\n|t:|1614458175\n|move|p2a: Rotom|Discharge|p1a: aquaman\n|-supereffective|p1a: aquaman\n|-damage|p1a: aquaman|35\/100\n|-status|p1a: aquaman|par\n|move|p1a: aquaman|Recover|p1a: aquaman\n|-heal|p1a: aquaman|85\/100 par\n|\n|-heal|p1a: aquaman|91\/100 par|[from] item: Leftovers\n|-damage|p2a: Rotom|23\/100 tox|[from] psn\n|upkeep\n|turn|71\n|\n|t:|1614458177\n|move|p2a: Rotom|Rest|p2a: Rotom\n|-status|p2a: Rotom|slp|[from] move: Rest\n|-heal|p2a: Rotom|100\/100 slp|[silent]\n|move|p1a: aquaman|Recover|p1a: aquaman\n|-heal|p1a: aquaman|100\/100 par\n|\n|upkeep\n|turn|72\n|c|\u2606agent rosa|dude come on\n|\n|t:|1614458183\n|cant|p2a: Rotom|slp\n|move|p1a: aquaman|Toxic||[still]\n|-fail|p1a: aquaman\n|\n|upkeep\n|turn|73\n|c|\u2606DjezzeMwoan|sorry im barely making playoffs i need differential\n|\n|t:|1614458198\n|cant|p2a: Rotom|slp\n|move|p1a: aquaman|Toxic||[still]\n|-fail|p1a: aquaman\n|\n|upkeep\n|turn|74\n|c|\u2606DjezzeMwoan|i cant risk missing 10 power whips\n|c|\u2606agent rosa|???? cradily just\n|c|\u2606agent rosa|whatever dude\n|\n|t:|1614458210\n|-curestatus|p2a: Rotom|slp|[msg]\n|move|p2a: Rotom|Discharge|p1a: aquaman\n|-supereffective|p1a: aquaman\n|-damage|p1a: aquaman|55\/100 par\n|cant|p1a: aquaman|par\n|\n|-heal|p1a: aquaman|61\/100 par|[from] item: Leftovers\n|upkeep\n|turn|75\n|\n|t:|1614458213\n|move|p2a: Rotom|Discharge|p1a: aquaman\n|-supereffective|p1a: aquaman\n|-damage|p1a: aquaman|22\/100 par\n|cant|p1a: aquaman|par\n|\n|-heal|p1a: aquaman|28\/100 par|[from] item: Leftovers\n|upkeep\n|turn|76\n|c|\u2606agent rosa|thas just rude\n|c|\u2606DjezzeMwoan|i take the safe route if i can\n|\n|t:|1614458228\n|move|p2a: Rotom|Discharge|p1a: aquaman\n|-supereffective|p1a: aquaman\n|-damage|p1a: aquaman|0 fnt\n|faint|p1a: aquaman\n|\n|win|DjezzeMwoan\n|l|\u2606agent rosa\n|c|\u2606DjezzeMwoan|ggs man\n|j|\u2606agent rosa\n|player|p1|agent rosa|rosa\n","uploadtime":1614458235,"views":19,"p1id":"agentrosa","p2id":"djezzemwoan","formatid":"gen8nationaldexdlclegacy","rating":0,"private":0,"password":null}