{"id":"sports-gen8nationaldexlegacy-40530","p1":"Walletinspector62","p2":"Mexicowallbreakers","format":"gen8nationaldexlegacy","log":"|j|\u2606Walletinspector62\n|j|\u2606Mexicowallbreakers\n|player|p1|Walletinspector62|265|\n|player|p2|Mexicowallbreakers|mexicowallbreakers.png|\n|teamsize|p1|6\n|teamsize|p2|6\n|gametype|singles\n|gen|8\n|tier|[Gen 8] National Dex Legacy\n|rule|Sleep Clause Mod: Limit one foe put to sleep\n|rule|Species Clause: Limit one of each Pok\u00e9mon\n|rule|OHKO Clause: OHKO moves are banned\n|rule|Evasion Moves Clause: Evasion moves are banned\n|rule|Endless Battle Clause: Forcing endless battles is banned\n|rule|HP Percentage Mod: HP is shown in percentages\n|clearpoke\n|poke|p1|Dugtrio, M|\n|poke|p1|Mew|\n|poke|p1|Slurpuff, F|\n|poke|p1|Kommo-o, M|\n|poke|p1|Blastoise, M|\n|poke|p1|Salazzle, F|\n|poke|p2|Sirfetch'd, M|\n|poke|p2|Zeraora|\n|poke|p2|Aerodactyl, M|\n|poke|p2|Celesteela|\n|poke|p2|Granbull, F|\n|poke|p2|Gastrodon, M|\n|rule|Dynamax Clause: You cannot dynamax\n|teampreview\n|c|\u2606Walletinspector62|Glhd\n|c|\u2606Mexicowallbreakers|o fk, u brought 6 mons i didnt know u had!\n|c|\u2606Mexicowallbreakers|fuck\n|\n|start\n|switch|p1a: Mew|Mew|100\/100\n|switch|p2a: Mio|Zeraora|100\/100\n|turn|1\n|c|\u2606Mexicowallbreakers|also u are aware u cant use shell smash stoise right?\n|\n|move|p2a: Mio|Knock Off|p1a: Mew\n|-supereffective|p1a: Mew\n|-damage|p1a: Mew|49\/100\n|-enditem|p1a: Mew|Leftovers|[from] move: Knock Off|[of] p2a: Mio\n|move|p1a: Mew|Stealth Rock|p2a: Mio\n|-sidestart|p2: Mexicowallbreakers|move: Stealth Rock\n|\n|upkeep\n|turn|2\n|c|\u2606Walletinspector62|Oh\n|c|\u2606Walletinspector62|Well I guess I just won\u2019t use shell smash \n|c|\u2606Mexicowallbreakers|thats why its t2\n|c|\u2606Mexicowallbreakers|lol\n|c|\u2606Mexicowallbreakers|and with smash is broken\n|\n|move|p2a: Mio|Bulk Up|p2a: Mio\n|-boost|p2a: Mio|atk|1\n|-boost|p2a: Mio|def|1\n|move|p1a: Mew|Explosion|p2a: Mio\n|-crit|p2a: Mio\n|-damage|p2a: Mio|0 fnt\n|faint|p1a: Mew\n|faint|p2a: Mio\n|\n|upkeep\n|c|\u2606Mexicowallbreakers|..\n|c|\u2606Mexicowallbreakers|smh\n|c|\u2606Walletinspector62|Ah\n|c|\u2606Walletinspector62|sorry for hax\n|\n|switch|p2a: Rodan|Aerodactyl, M|100\/100\n|switch|p1a: Dugtrio|Dugtrio, M|100\/100\n|-damage|p2a: Rodan|75\/100|[from] Stealth Rock\n|turn|3\n|\n|-activate|p1a: Dugtrio|move: Pursuit\n|detailschange|p2a: Rodan|Aerodactyl-Mega, M\n|-mega|p2a: Rodan|Aerodactyl|Aerodactylite\n|move|p2a: Rodan|Pursuit|p1a: Dugtrio|[from]Pursuit\n|-enditem|p1a: Dugtrio|Focus Sash\n|-damage|p1a: Dugtrio|1\/100\n|switch|p1a: Blastoise|Blastoise, M|100\/100\n|\n|upkeep\n|turn|4\n|\n|switch|p2a: Larvae|Gastrodon, M|100\/100\n|-damage|p2a: Larvae|94\/100|[from] Stealth Rock\n|detailschange|p1a: Blastoise|Blastoise-Mega, M\n|-mega|p1a: Blastoise|Blastoise|Blastoisinite\n|move|p1a: Blastoise|Scald|p2a: Larvae\n|-ability|p2a: Larvae|Storm Drain|boost\n|-boost|p2a: Larvae|spa|1\n|\n|upkeep\n|turn|5\n|\n|move|p1a: Blastoise|Dark Pulse|p2a: Larvae\n|-damage|p2a: Larvae|66\/100\n|move|p2a: Larvae|Toxic|p1a: Blastoise\n|-status|p1a: Blastoise|tox\n|\n|-damage|p1a: Blastoise|94\/100 tox|[from] psn\n|upkeep\n|turn|6\n|\n|move|p1a: Blastoise|Dark Pulse|p2a: Larvae\n|-damage|p2a: Larvae|34\/100\n|move|p2a: Larvae|Recover|p2a: Larvae\n|-heal|p2a: Larvae|84\/100\n|\n|-damage|p1a: Blastoise|82\/100 tox|[from] psn\n|upkeep\n|turn|7\n|\n|switch|p1a: Dugtrio|Dugtrio, M|1\/100\n|move|p2a: Larvae|Toxic|p1a: Dugtrio\n|-status|p1a: Dugtrio|tox\n|\n|-damage|p1a: Dugtrio|0 fnt|[from] psn\n|faint|p1a: Dugtrio\n|upkeep\n|\n|switch|p1a: Slurpuff|Slurpuff, F|100\/100\n|turn|8\n|\n|move|p1a: Slurpuff|Belly Drum|p1a: Slurpuff\n|-damage|p1a: Slurpuff|50\/100\n|-setboost|p1a: Slurpuff|atk|6|[from] move: Belly Drum\n|-enditem|p1a: Slurpuff|Sitrus Berry|[eat]\n|-heal|p1a: Slurpuff|75\/100|[from] item: Sitrus Berry\n|move|p2a: Larvae|Clear Smog|p1a: Slurpuff\n|-supereffective|p1a: Slurpuff\n|-damage|p1a: Slurpuff|30\/100\n|-clearboost|p1a: Slurpuff\n|\n|upkeep\n|turn|9\n|\n|move|p1a: Slurpuff|Drain Punch|p2a: Larvae\n|-damage|p2a: Larvae|61\/100\n|-heal|p1a: Slurpuff|46\/100|[from] drain|[of] p2a: Larvae\n|move|p2a: Larvae|Toxic|p1a: Slurpuff\n|-status|p1a: Slurpuff|tox\n|\n|-damage|p1a: Slurpuff|40\/100 tox|[from] psn\n|upkeep\n|turn|10\n|\n|move|p1a: Slurpuff|Drain Punch|p2a: Larvae\n|-damage|p2a: Larvae|38\/100\n|-heal|p1a: Slurpuff|56\/100 tox|[from] drain|[of] p2a: Larvae\n|move|p2a: Larvae|Recover|p2a: Larvae\n|-heal|p2a: Larvae|88\/100\n|\n|-damage|p1a: Slurpuff|43\/100 tox|[from] psn\n|upkeep\n|turn|11\n|\n|move|p1a: Slurpuff|Drain Punch|p2a: Larvae\n|-damage|p2a: Larvae|66\/100\n|-heal|p1a: Slurpuff|59\/100 tox|[from] drain|[of] p2a: Larvae\n|move|p2a: Larvae|Toxic|p1a: Slurpuff\n|-fail|p1a: Slurpuff|tox\n|\n|-damage|p1a: Slurpuff|40\/100 tox|[from] psn\n|upkeep\n|turn|12\n|\n|move|p1a: Slurpuff|Play Rough|p2a: Larvae\n|-damage|p2a: Larvae|24\/100\n|move|p2a: Larvae|Recover|p2a: Larvae\n|-heal|p2a: Larvae|74\/100\n|\n|-damage|p1a: Slurpuff|16\/100 tox|[from] psn\n|upkeep\n|turn|13\n|\n|move|p1a: Slurpuff|Play Rough|p2a: Larvae|[miss]\n|-miss|p1a: Slurpuff|p2a: Larvae\n|move|p2a: Larvae|Recover|p2a: Larvae\n|-heal|p2a: Larvae|100\/100\n|\n|-damage|p1a: Slurpuff|0 fnt|[from] psn\n|faint|p1a: Slurpuff\n|upkeep\n|\n|switch|p1a: Salazzle|Salazzle, F|100\/100\n|turn|14\n|\n|move|p1a: Salazzle|Substitute|p1a: Salazzle\n|-start|p1a: Salazzle|Substitute\n|-damage|p1a: Salazzle|76\/100\n|move|p2a: Larvae|Scald|p1a: Salazzle\n|-supereffective|p1a: Salazzle\n|-end|p1a: Salazzle|Substitute\n|\n|-heal|p1a: Salazzle|82\/100|[from] item: Black Sludge\n|upkeep\n|turn|15\n|\n|move|p1a: Salazzle|Protect|p1a: Salazzle\n|-singleturn|p1a: Salazzle|Protect\n|move|p2a: Larvae|Scald|p1a: Salazzle\n|-activate|p1a: Salazzle|move: Protect\n|\n|-heal|p1a: Salazzle|88\/100|[from] item: Black Sludge\n|upkeep\n|turn|16\n|\n|switch|p1a: Blastoise|Blastoise-Mega, M|82\/100 tox\n|move|p2a: Larvae|Scald|p1a: Blastoise\n|-resisted|p1a: Blastoise\n|-damage|p1a: Blastoise|64\/100 tox\n|\n|-damage|p1a: Blastoise|58\/100 tox|[from] psn\n|upkeep\n|turn|17\n|\n|move|p1a: Blastoise|Dark Pulse|p2a: Larvae\n|-damage|p2a: Larvae|72\/100\n|move|p2a: Larvae|Recover|p2a: Larvae\n|-heal|p2a: Larvae|100\/100\n|\n|-damage|p1a: Blastoise|46\/100 tox|[from] psn\n|upkeep\n|turn|18\n|\n|move|p1a: Blastoise|Dark Pulse|p2a: Larvae\n|-damage|p2a: Larvae|70\/100\n|move|p2a: Larvae|Recover|p2a: Larvae\n|-heal|p2a: Larvae|100\/100\n|\n|-damage|p1a: Blastoise|28\/100 tox|[from] psn\n|upkeep\n|turn|19\n|\n|move|p1a: Blastoise|Dark Pulse|p2a: Larvae\n|-damage|p2a: Larvae|71\/100\n|move|p2a: Larvae|Recover|p2a: Larvae\n|-heal|p2a: Larvae|100\/100\n|\n|-damage|p1a: Blastoise|4\/100 tox|[from] psn\n|upkeep\n|turn|20\n|\n|move|p1a: Blastoise|Aura Sphere|p2a: Larvae\n|-damage|p2a: Larvae|71\/100\n|move|p2a: Larvae|Recover|p2a: Larvae\n|-heal|p2a: Larvae|100\/100\n|\n|-damage|p1a: Blastoise|0 fnt|[from] psn\n|faint|p1a: Blastoise\n|upkeep\n|\n|switch|p1a: Kommo-o|Kommo-o, M|100\/100\n|turn|21\n|\n|move|p1a: Kommo-o|Protect|p1a: Kommo-o\n|-singleturn|p1a: Kommo-o|Protect\n|move|p2a: Larvae|Clear Smog|p1a: Kommo-o\n|-activate|p1a: Kommo-o|move: Protect\n|\n|upkeep\n|turn|22\n|\n|move|p1a: Kommo-o|Clanging Scales|p2a: Larvae\n|-damage|p2a: Larvae|67\/100\n|-unboost|p1a: Kommo-o|def|1\n|-enditem|p1a: Kommo-o|Throat Spray\n|-boost|p1a: Kommo-o|spa|1|[from] item: Throat Spray\n|move|p2a: Larvae|Clear Smog|p1a: Kommo-o\n|-damage|p1a: Kommo-o|82\/100\n|-clearboost|p1a: Kommo-o\n|\n|upkeep\n|turn|23\n|\n|move|p1a: Kommo-o|Clangorous Soul|p1a: Kommo-o\n|-boost|p1a: Kommo-o|atk|1\n|-boost|p1a: Kommo-o|def|1\n|-boost|p1a: Kommo-o|spa|1\n|-boost|p1a: Kommo-o|spd|1\n|-boost|p1a: Kommo-o|spe|1\n|-damage|p1a: Kommo-o|49\/100\n|move|p2a: Larvae|Toxic|p1a: Kommo-o\n|-status|p1a: Kommo-o|tox\n|\n|-damage|p1a: Kommo-o|42\/100 tox|[from] psn\n|upkeep\n|turn|24\n|\n|move|p1a: Kommo-o|Clanging Scales|p2a: Larvae\n|-damage|p2a: Larvae|20\/100\n|-unboost|p1a: Kommo-o|def|1\n|move|p2a: Larvae|Recover|p2a: Larvae\n|-heal|p2a: Larvae|70\/100\n|\n|-damage|p1a: Kommo-o|30\/100 tox|[from] psn\n|upkeep\n|turn|25\n|\n|move|p1a: Kommo-o|Clanging Scales|p2a: Larvae\n|-damage|p2a: Larvae|25\/100\n|-unboost|p1a: Kommo-o|def|1\n|move|p2a: Larvae|Recover|p2a: Larvae\n|-heal|p2a: Larvae|75\/100\n|\n|-damage|p1a: Kommo-o|11\/100 tox|[from] psn\n|upkeep\n|turn|26\n|\n|move|p1a: Kommo-o|Clanging Scales|p2a: Larvae\n|-damage|p2a: Larvae|25\/100\n|-unboost|p1a: Kommo-o|def|1\n|move|p2a: Larvae|Recover|p2a: Larvae\n|-heal|p2a: Larvae|75\/100\n|\n|-damage|p1a: Kommo-o|0 fnt|[from] psn\n|faint|p1a: Kommo-o\n|upkeep\n|c|\u2606Walletinspector62|Gg\n|c|\u2606Mexicowallbreakers|gg\n|\n|switch|p1a: Salazzle|Salazzle, F|88\/100\n|turn|27\n|\n|move|p1a: Salazzle|Protect|p1a: Salazzle\n|-singleturn|p1a: Salazzle|Protect\n|move|p2a: Larvae|Scald|p1a: Salazzle\n|-activate|p1a: Salazzle|move: Protect\n|\n|-heal|p1a: Salazzle|94\/100|[from] item: Black Sludge\n|upkeep\n|turn|28\n|\n|move|p1a: Salazzle|Substitute|p1a: Salazzle\n|-start|p1a: Salazzle|Substitute\n|-damage|p1a: Salazzle|70\/100\n|move|p2a: Larvae|Scald|p1a: Salazzle\n|-supereffective|p1a: Salazzle\n|-end|p1a: Salazzle|Substitute\n|\n|-heal|p1a: Salazzle|76\/100|[from] item: Black Sludge\n|upkeep\n|turn|29\n|\n|move|p1a: Salazzle|Toxic|p2a: Larvae\n|-status|p2a: Larvae|tox\n|move|p2a: Larvae|Scald|p1a: Salazzle\n|-supereffective|p1a: Salazzle\n|-damage|p1a: Salazzle|0 fnt\n|faint|p1a: Salazzle\n|\n|win|Mexicowallbreakers\n|l|\u2606Walletinspector62\n","uploadtime":1584234006,"views":5,"p1id":"walletinspector62","p2id":"mexicowallbreakers","formatid":"gen8nationaldexlegacy","rating":0,"private":0,"password":null}