{"id":"sports-gen8nationaldexdraft-745780","p1":"Dynamite10x","p2":"rooopos","format":"gen8nationaldexdraft","log":"|j|\u2606Dynamite10x\n|j|\u2606rooopos\n|t:|1667152102\n|gametype|singles\n|player|p1|Dynamite10x|170|\n|player|p2|rooopos|169|\n|teamsize|p1|6\n|teamsize|p2|6\n|gen|8\n|tier|[Gen 8] National Dex Draft\n|rule|Sleep Clause Mod: Limit one foe put to sleep\n|rule|OHKO Clause: OHKO moves are banned\n|rule|Evasion Moves Clause: Evasion moves are banned\n|rule|Endless Battle Clause: Forcing endless battles is banned\n|rule|HP Percentage Mod: HP is shown in percentages\n|rule|Dynamax Clause: You cannot dynamax\n|clearpoke\n|poke|p1|Medicham, M|\n|poke|p1|Krookodile, F|\n|poke|p1|Arctovish|\n|poke|p1|Ninetales-Alola, F|\n|poke|p1|Duraludon, M|\n|poke|p1|Corviknight, M|\n|poke|p2|Gallade, M|\n|poke|p2|Quagsire, M|\n|poke|p2|Zapdos|\n|poke|p2|Clefable, F|\n|poke|p2|Heatran, F|\n|poke|p2|Zarude|\n|teampreview\n|html|<button name=\"send\" class=\"button\" value=\"\/timer ds\"><i class=\"fa fa-hourglass-start\"><\/i> DS Timer<\/button> <button name=\"send\" class=\"button\" value=\"\/timer smogon\"><i class=\"fa fa-hourglass-start\"><\/i> Smogon Timer<\/button>\n|c|\u2606Dynamite10x|glhf\n|c|\u2606rooopos|u2\n|\n|t:|1667152155\n|start\n|switch|p1a: Frozone|Ninetales-Alola, F|100\/100\n|switch|p2a: Zapdos|Zapdos|100\/100\n|-weather|Hail|[from] ability: Snow Warning|[of] p1a: Frozone\n|turn|1\n|\n|t:|1667152164\n|switch|p2a: Heatran|Heatran, F|100\/100\n|move|p1a: Frozone|Aurora Veil|p1a: Frozone\n|-sidestart|p1: Dynamite10x|move: Aurora Veil\n|\n|-weather|Hail|[upkeep]\n|-damage|p2a: Heatran|94\/100|[from] Hail\n|upkeep\n|turn|2\n|\n|t:|1667152186\n|switch|p1a: Long face|Arctovish|100\/100\n|move|p2a: Heatran|Lava Plume|p1a: Long face\n|-damage|p1a: Long face|78\/100\n|-status|p1a: Long face|brn\n|\n|-weather|Hail|[upkeep]\n|-damage|p2a: Heatran|88\/100|[from] Hail\n|-damage|p1a: Long face|72\/100 brn|[from] brn\n|upkeep\n|turn|3\n|\n|t:|1667152197\n|switch|p2a: Zarude|Zarude|100\/100\n|move|p1a: Long face|Fishious Rend|p2a: Zarude\n|-resisted|p2a: Zarude\n|-damage|p2a: Zarude|84\/100\n|\n|-weather|Hail|[upkeep]\n|-damage|p2a: Zarude|78\/100|[from] Hail\n|-damage|p1a: Long face|66\/100 brn|[from] brn\n|upkeep\n|turn|4\n|c|\u2606Dynamite10x|damn\n|\n|t:|1667152220\n|switch|p1a: Gawain|Corviknight, M|100\/100\n|move|p2a: Zarude|Power Whip|p1a: Gawain\n|-resisted|p1a: Gawain\n|-damage|p1a: Gawain|96\/100\n|\n|-weather|Hail|[upkeep]\n|-damage|p2a: Zarude|72\/100|[from] Hail\n|-damage|p1a: Gawain|89\/100|[from] Hail\n|-heal|p1a: Gawain|96\/100|[from] item: Leftovers\n|upkeep\n|turn|5\n|\n|t:|1667152230\n|switch|p2a: Zapdos|Zapdos|100\/100\n|move|p1a: Gawain|U-turn|p2a: Zapdos\n|-resisted|p2a: Zapdos\n|-damage|p2a: Zapdos|94\/100\n|\n|t:|1667152240\n|switch|p1a: Long face|Arctovish|66\/100 brn|[from]move: U-turn\n|\n|-weather|none\n|-damage|p1a: Long face|59\/100 brn|[from] brn\n|-sideend|p1: Dynamite10x|move: Aurora Veil\n|upkeep\n|turn|6\n|\n|t:|1667152266\n|move|p2a: Zapdos|Thunderbolt|p1a: Long face\n|-supereffective|p1a: Long face\n|-damage|p1a: Long face|0 fnt\n|faint|p1a: Long face\n|\n|upkeep\n|\n|t:|1667152270\n|switch|p1a: Kalifa|Duraludon, M|100\/100\n|turn|7\n|\n|t:|1667152275\n|switch|p2a: Quagsire|Quagsire, M|100\/100\n|move|p1a: Kalifa|Draco Meteor|p2a: Quagsire\n|-damage|p2a: Quagsire|21\/100\n|-unboost|p1a: Kalifa|spa|2\n|\n|-heal|p2a: Quagsire|27\/100|[from] item: Leftovers\n|upkeep\n|turn|8\n|\n|t:|1667152296\n|switch|p2a: Heatran|Heatran, F|88\/100\n|move|p1a: Kalifa|Draco Meteor|p2a: Heatran\n|-resisted|p2a: Heatran\n|-damage|p2a: Heatran|76\/100\n|-unboost|p1a: Kalifa|spa|2\n|\n|upkeep\n|turn|9\n|j| The Carkol Rider\n|l| The Carkol Rider\n|\n|t:|1667152315\n|move|p2a: Heatran|Lava Plume|p1a: Kalifa\n|-damage|p1a: Kalifa|65\/100\n|move|p1a: Kalifa|Stomping Tantrum|p2a: Heatran\n|-supereffective|p2a: Heatran\n|-damage|p2a: Heatran|16\/100\n|\n|upkeep\n|turn|10\n|\n|t:|1667152344\n|switch|p2a: Gallade|Gallade, M|100\/100\n|move|p1a: Kalifa|Stomping Tantrum|p2a: Gallade\n|-damage|p2a: Gallade|69\/100\n|\n|upkeep\n|turn|11\n|\n|t:|1667152356\n|switch|p1a: Gawain|Corviknight, M|96\/100\n|detailschange|p2a: Gallade|Gallade-Mega, M\n|-mega|p2a: Gallade|Gallade|Galladite\n|move|p2a: Gallade|Close Combat|p1a: Gawain\n|-damage|p1a: Gawain|47\/100\n|-unboost|p2a: Gallade|def|1\n|-unboost|p2a: Gallade|spd|1\n|\n|-heal|p1a: Gawain|54\/100|[from] item: Leftovers\n|upkeep\n|turn|12\n|\n|t:|1667152366\n|switch|p2a: Heatran|Heatran, F|16\/100\n|move|p1a: Gawain|U-turn|p2a: Heatran\n|-resisted|p2a: Heatran\n|-damage|p2a: Heatran|12\/100\n|\n|t:|1667152396\n|switch|p1a: Crocs|Krookodile, F|100\/100|[from]move: U-turn\n|\n|upkeep\n|turn|13\n|\n|t:|1667152418\n|switch|p2a: Zarude|Zarude|72\/100\n|move|p1a: Crocs|Knock Off|p2a: Zarude\n|-resisted|p2a: Zarude\n|-damage|p2a: Zarude|47\/100\n|-enditem|p2a: Zarude|Choice Scarf|[from] move: Knock Off|[of] p1a: Crocs\n|\n|upkeep\n|turn|14\n|\n|t:|1667152427\n|switch|p1a: Gawain|Corviknight, M|54\/100\n|move|p2a: Zarude|U-turn|p1a: Gawain\n|-resisted|p1a: Gawain\n|-damage|p1a: Gawain|50\/100\n|\n|t:|1667152432\n|switch|p2a: Zapdos|Zapdos|94\/100|[from]move: U-turn\n|\n|-heal|p1a: Gawain|56\/100|[from] item: Leftovers\n|upkeep\n|turn|15\n|c|\u2606rooopos|i actually didnt prep at all btw \n|c|\u2606rooopos|thought u had a stall\n|\n|t:|1667152475\n|switch|p1a: Kalifa|Duraludon, M|65\/100\n|move|p2a: Zapdos|U-turn|p1a: Kalifa\n|-resisted|p1a: Kalifa\n|-damage|p1a: Kalifa|59\/100\n|\n|t:|1667152493\n|switch|p2a: Gallade|Gallade-Mega, M|69\/100|[from]move: U-turn\n|\n|upkeep\n|turn|16\n|\n|t:|1667152500\n|switch|p1a: Gawain|Corviknight, M|56\/100\n|move|p2a: Gallade|Close Combat|p1a: Gawain\n|-damage|p1a: Gawain|3\/100\n|-unboost|p2a: Gallade|def|1\n|-unboost|p2a: Gallade|spd|1\n|\n|-heal|p1a: Gawain|10\/100|[from] item: Leftovers\n|upkeep\n|turn|17\n|\n|t:|1667152517\n|move|p2a: Gallade|Close Combat|p1a: Gawain\n|-damage|p1a: Gawain|0 fnt\n|-unboost|p2a: Gallade|def|1\n|-unboost|p2a: Gallade|spd|1\n|faint|p1a: Gawain\n|\n|upkeep\n|\n|t:|1667152520\n|switch|p1a: Crocs|Krookodile, F|100\/100\n|turn|18\n|\n|t:|1667152534\n|switch|p2a: Clefable|Clefable, F|100\/100\n|move|p1a: Crocs|Earthquake|p2a: Clefable\n|-damage|p2a: Clefable|45\/100\n|\n|upkeep\n|turn|19\n|\n|t:|1667152545\n|switch|p2a: Zapdos|Zapdos|94\/100\n|move|p1a: Crocs|Earthquake|p2a: Zapdos\n|-immune|p2a: Zapdos\n|\n|upkeep\n|turn|20\n|\n|t:|1667152550\n|switch|p1a: Kalifa|Duraludon, M|59\/100\n|move|p2a: Zapdos|Heat Wave|p1a: Kalifa|[miss]\n|-miss|p2a: Zapdos|p1a: Kalifa\n|\n|upkeep\n|turn|21\n|\n|t:|1667152556\n|switch|p2a: Heatran|Heatran, F|12\/100\n|move|p1a: Kalifa|Draco Meteor|p2a: Heatran\n|-resisted|p2a: Heatran\n|-damage|p2a: Heatran|0 fnt\n|-unboost|p1a: Kalifa|spa|2\n|faint|p2a: Heatran\n|\n|upkeep\n|\n|t:|1667152563\n|switch|p2a: Gallade|Gallade-Mega, M|69\/100\n|turn|22\n|\n|t:|1667152587\n|switch|p1a: Monk|Medicham, M|100\/100\n|move|p2a: Gallade|Close Combat|p1a: Monk\n|-resisted|p1a: Monk\n|-damage|p1a: Monk|43\/100\n|-unboost|p2a: Gallade|def|1\n|-unboost|p2a: Gallade|spd|1\n|\n|upkeep\n|turn|23\n|\n|t:|1667152654\n|switch|p2a: Zapdos|Zapdos|94\/100\n|detailschange|p1a: Monk|Medicham-Mega, M\n|-mega|p1a: Monk|Medicham|Medichamite\n|move|p1a: Monk|Bullet Punch|p2a: Zapdos\n|-resisted|p2a: Zapdos\n|-damage|p2a: Zapdos|86\/100\n|\n|upkeep\n|turn|24\n|\n|t:|1667152663\n|move|p1a: Monk|Ice Punch|p2a: Zapdos\n|-supereffective|p2a: Zapdos\n|-damage|p2a: Zapdos|25\/100\n|move|p2a: Zapdos|U-turn|p1a: Monk\n|-damage|p1a: Monk|23\/100\n|\n|t:|1667152674\n|switch|p2a: Gallade|Gallade-Mega, M|69\/100|[from]move: U-turn\n|\n|upkeep\n|turn|25\n|\n|t:|1667152690\n|move|p1a: Monk|Bullet Punch|p2a: Gallade\n|-damage|p2a: Gallade|38\/100\n|move|p2a: Gallade|Leaf Blade|p1a: Monk\n|-damage|p1a: Monk|0 fnt\n|faint|p1a: Monk\n|\n|upkeep\n|\n|t:|1667152700\n|switch|p1a: Frozone|Ninetales-Alola, F|100\/100\n|-weather|Hail|[from] ability: Snow Warning|[of] p1a: Frozone\n|turn|26\n|\n|t:|1667152716\n|switch|p2a: Quagsire|Quagsire, M|27\/100\n|move|p1a: Frozone|Moonblast|p2a: Quagsire\n|-damage|p2a: Quagsire|0 fnt\n|faint|p2a: Quagsire\n|\n|-weather|Hail|[upkeep]\n|upkeep\n|\n|t:|1667152724\n|switch|p2a: Clefable|Clefable, F|45\/100\n|turn|27\n|\n|t:|1667152732\n|move|p1a: Frozone|Aurora Veil|p1a: Frozone\n|-sidestart|p1: Dynamite10x|move: Aurora Veil\n|move|p2a: Clefable|Flamethrower|p1a: Frozone\n|-supereffective|p1a: Frozone\n|-damage|p1a: Frozone|79\/100\n|\n|-weather|Hail|[upkeep]\n|-damage|p2a: Clefable|39\/100|[from] Hail\n|upkeep\n|turn|28\n|\n|t:|1667152737\n|move|p1a: Frozone|Blizzard|p2a: Clefable\n|-damage|p2a: Clefable|8\/100\n|move|p2a: Clefable|Stealth Rock|p1a: Frozone\n|-sidestart|p1: Dynamite10x|move: Stealth Rock\n|\n|-weather|Hail|[upkeep]\n|-damage|p2a: Clefable|2\/100|[from] Hail\n|upkeep\n|turn|29\n|\n|t:|1667152752\n|move|p1a: Frozone|Blizzard|p2a: Clefable\n|-damage|p2a: Clefable|0 fnt\n|faint|p2a: Clefable\n|\n|-weather|Hail|[upkeep]\n|upkeep\n|\n|t:|1667152755\n|switch|p2a: Zarude|Zarude|47\/100\n|turn|30\n|\n|t:|1667152759\n|move|p1a: Frozone|Blizzard|p2a: Zarude\n|-supereffective|p2a: Zarude\n|-damage|p2a: Zarude|0 fnt\n|faint|p2a: Zarude\n|\n|-weather|none\n|upkeep\n|\n|t:|1667152764\n|switch|p2a: Gallade|Gallade-Mega, M|38\/100\n|turn|31\n|c|\u2606rooopos|ggg gl in finals\n|\n|t:|1667152774\n|move|p2a: Gallade|Close Combat|p1a: Frozone\n|-crit|p1a: Frozone\n|-damage|p1a: Frozone|0 fnt\n|-unboost|p2a: Gallade|def|1\n|-unboost|p2a: Gallade|spd|1\n|faint|p1a: Frozone\n|\n|-sideend|p1: Dynamite10x|move: Aurora Veil\n|upkeep\n|\n|t:|1667152782\n|switch|p1a: Crocs|Krookodile, F|100\/100\n|-damage|p1a: Crocs|94\/100|[from] Stealth Rock\n|turn|32\n|\n|t:|1667152787\n|move|p1a: Crocs|Knock Off|p2a: Gallade\n|-damage|p2a: Gallade|0 fnt\n|faint|p2a: Gallade\n|-ability|p1a: Crocs|Moxie|boost\n|-boost|p1a: Crocs|atk|1\n|\n|upkeep\n|\n|t:|1667152789\n|switch|p2a: Zapdos|Zapdos|25\/100\n|turn|33\n|\n|t:|1667152794\n|move|p1a: Crocs|Knock Off|p2a: Zapdos\n|-damage|p2a: Zapdos|0 fnt\n|-enditem|p2a: Zapdos|Heavy-Duty Boots|[from] move: Knock Off|[of] p1a: Crocs\n|faint|p2a: Zapdos\n|\n|win|Dynamite10x\n|l|\u2606rooopos\n|c|\u2606Dynamite10x|gg\n","uploadtime":1667152827,"views":25,"p1id":"dynamite10x","p2id":"rooopos","formatid":"gen8nationaldexdraft","rating":0,"private":0,"password":null}