{"id":"sports-gen8nationaldexdlcdraft-353711","p1":"DannyCao","p2":"GeniusX","format":"gen8nationaldexdlcdraft","log":"|j|\u2606DannyCao\n|j|\u2606GeniusX\n|t:|1614515817\n|player|p1|DannyCao|aaron|\n|player|p2|GeniusX|geniusx.gif|\n|teamsize|p1|6\n|teamsize|p2|6\n|gametype|singles\n|gen|8\n|tier|[Gen 8] National Dex DLC Draft\n|rule|Sleep Clause Mod: Limit one foe put to sleep\n|rule|OHKO Clause: OHKO moves are banned\n|rule|Evasion Moves Clause: Evasion moves are banned\n|rule|Endless Battle Clause: Forcing endless battles is banned\n|rule|HP Percentage Mod: HP is shown in percentages\n|clearpoke\n|poke|p1|Terrakion|\n|poke|p1|Tapu Bulu|\n|poke|p1|Primarina, F|\n|poke|p1|Whimsicott, F|\n|poke|p1|Tapu Lele|\n|poke|p1|Nihilego|\n|poke|p2|Cramorant, M|\n|poke|p2|Regigigas|\n|poke|p2|Meloetta|\n|poke|p2|Lopunny, M|\n|poke|p2|Qwilfish, M|\n|poke|p2|Bibarel, M|\n|rule|Dynamax Clause: You cannot dynamax\n|teampreview\n|html|<button name=\"send\" class=\"button\" value=\"\/timer ds\"><i class=\"fa fa-hourglass-start\"><\/i> DS Timer<\/button> <button name=\"send\" class=\"button\" value=\"\/timer smogon\"><i class=\"fa fa-hourglass-start\"><\/i> Smogon Timer<\/button>\n|c|\u2606GeniusX|hf\n|c|\u2606DannyCao|gl hf!\n|j| g\/117013\n|j| mini feebas\n|inactive|Battle timer is ON: inactive players will automatically lose when time's up. (requested by GeniusX)\n|j| Santeyan\n|c|\u2606DannyCao|we playing with timer on?\n|c|\u2606GeniusX|would be preferable cuz gotta leave in like 20min\n|inactive|DannyCao has 270 seconds left.\n|c| mini feebas|Double tapu damn\n|\n|t:|1614515916\n|start\n|switch|p1a: Tapu Lele|Tapu Lele|100\/100\n|switch|p2a: Lopunny|Lopunny, M|100\/100\n|-fieldstart|move: Psychic Terrain|[from] ability: Psychic Surge|[of] p1a: Tapu Lele\n|turn|1\n|c| g\/117013|Xing is asian he legally has to do things fast\n|\n|t:|1614515938\n|switch|p2a: Meloetta|Meloetta|100\/100\n|move|p1a: Tapu Lele|Psyshock|p2a: Meloetta\n|-resisted|p2a: Meloetta\n|-damage|p2a: Meloetta|77\/100\n|\n|-heal|p2a: Meloetta|84\/100|[from] item: Leftovers\n|upkeep\n|turn|2\n|l| mini feebas\n|inactive|DannyCao has 270 seconds left.\n|inactive|GeniusX has 270 seconds left.\n|\n|t:|1614515976\n|move|p1a: Tapu Lele|Moonblast|p2a: Meloetta\n|-damage|p2a: Meloetta|55\/100\n|move|p2a: Meloetta|Light Screen|p2a: Meloetta\n|-sidestart|p2: GeniusX|move: Light Screen\n|\n|-heal|p2a: Meloetta|61\/100|[from] item: Leftovers\n|upkeep\n|turn|3\n|j| mini feebas\n|inactive|GeniusX has 270 seconds left.\n|\n|t:|1614515989\n|switch|p1a: Primarina|Primarina, F|100\/100\n|move|p2a: Meloetta|Hyper Voice|p1a: Primarina\n|-damage|p1a: Primarina|71\/100\n|\n|-heal|p2a: Meloetta|67\/100|[from] item: Leftovers\n|-heal|p1a: Primarina|77\/100|[from] item: Leftovers\n|upkeep\n|turn|4\n|inactive|GeniusX has 270 seconds left.\n|\n|t:|1614516006\n|move|p2a: Meloetta|Psyshock|p1a: Primarina\n|-damage|p1a: Primarina|33\/100\n|move|p1a: Primarina|Whirlpool|p2a: Meloetta\n|-damage|p2a: Meloetta|60\/100\n|-activate|p2a: Meloetta|move: Whirlpool|[of] p1a: Primarina\n|\n|-heal|p2a: Meloetta|67\/100|[from] item: Leftovers\n|-heal|p1a: Primarina|39\/100|[from] item: Leftovers\n|-damage|p2a: Meloetta|54\/100|[from] move: Whirlpool|[partiallytrapped]\n|upkeep\n|turn|5\n|\n|t:|1614516026\n|move|p1a: Primarina|Protect|p1a: Primarina\n|-singleturn|p1a: Primarina|Protect\n|move|p2a: Meloetta|Psyshock|p1a: Primarina\n|-activate|p1a: Primarina|move: Protect\n|\n|-heal|p2a: Meloetta|60\/100|[from] item: Leftovers\n|-heal|p1a: Primarina|45\/100|[from] item: Leftovers\n|-damage|p2a: Meloetta|48\/100|[from] move: Whirlpool|[partiallytrapped]\n|-fieldend|move: Psychic Terrain\n|upkeep\n|turn|6\n|inactive|DannyCao has 240 seconds left.\n|inactive|DannyCao has 210 seconds left.\n|inactive|DannyCao has 180 seconds left.\n|\n|t:|1614516119\n|move|p2a: Meloetta|U-turn|p1a: Primarina\n|-resisted|p1a: Primarina\n|-damage|p1a: Primarina|39\/100\n|\n|t:|1614516123\n|switch|p2a: Qwilfish|Qwilfish, M|100\/100|[from]move: U-turn\n|-ability|p2a: Qwilfish|Intimidate|boost\n|-unboost|p1a: Primarina|atk|1\n|move|p1a: Primarina|Moonblast|p2a: Qwilfish\n|-resisted|p2a: Qwilfish\n|-damage|p2a: Qwilfish|85\/100\n|\n|-heal|p1a: Primarina|45\/100|[from] item: Leftovers\n|-heal|p2a: Qwilfish|91\/100|[from] item: Black Sludge\n|-sideend|p2: GeniusX|move: Light Screen\n|upkeep\n|turn|7\n|inactive|DannyCao has 180 seconds left.\n|\n|t:|1614516148\n|move|p1a: Primarina|Perish Song|p1a: Primarina\n|-start|p1a: Primarina|perish3|[silent]\n|-start|p2a: Qwilfish|perish3|[silent]\n|-fieldactivate|move: Perish Song\n|move|p2a: Qwilfish|Spikes|p1a: Primarina\n|-sidestart|p1: DannyCao|Spikes\n|\n|-heal|p1a: Primarina|51\/100|[from] item: Leftovers\n|-heal|p2a: Qwilfish|97\/100|[from] item: Black Sludge\n|-start|p1a: Primarina|perish3\n|-start|p2a: Qwilfish|perish3\n|upkeep\n|turn|8\n|inactive|GeniusX has 270 seconds left.\n|\n|t:|1614516181\n|move|p1a: Primarina|Whirlpool|p2a: Qwilfish\n|-resisted|p2a: Qwilfish\n|-damage|p2a: Qwilfish|86\/100\n|-activate|p2a: Qwilfish|move: Whirlpool|[of] p1a: Primarina\n|move|p2a: Qwilfish|Poison Jab|p1a: Primarina\n|-supereffective|p1a: Primarina\n|-damage|p1a: Primarina|1\/100\n|\n|-heal|p1a: Primarina|7\/100|[from] item: Leftovers\n|-heal|p2a: Qwilfish|92\/100|[from] item: Black Sludge\n|-damage|p2a: Qwilfish|80\/100|[from] move: Whirlpool|[partiallytrapped]\n|-start|p1a: Primarina|perish2\n|-start|p2a: Qwilfish|perish2\n|upkeep\n|turn|9\n|inactive|DannyCao has 180 seconds left.\n|inactive|DannyCao has 150 seconds left.\n|\n|t:|1614516219\n|move|p1a: Primarina|Protect|p1a: Primarina\n|-singleturn|p1a: Primarina|Protect\n|move|p2a: Qwilfish|Spikes|p1a: Primarina\n|-sidestart|p1: DannyCao|Spikes\n|\n|-heal|p1a: Primarina|13\/100|[from] item: Leftovers\n|-heal|p2a: Qwilfish|86\/100|[from] item: Black Sludge\n|-damage|p2a: Qwilfish|74\/100|[from] move: Whirlpool|[partiallytrapped]\n|-start|p1a: Primarina|perish1\n|-start|p2a: Qwilfish|perish1\n|upkeep\n|turn|10\n|inactive|DannyCao has 150 seconds left.\n|\n|t:|1614516248\n|move|p1a: Primarina|Protect||[still]\n|-fail|p1a: Primarina\n|move|p2a: Qwilfish|Spikes|p1a: Primarina\n|-sidestart|p1: DannyCao|Spikes\n|\n|-heal|p1a: Primarina|19\/100|[from] item: Leftovers\n|-heal|p2a: Qwilfish|80\/100|[from] item: Black Sludge\n|-damage|p2a: Qwilfish|67\/100|[from] move: Whirlpool|[partiallytrapped]\n|-start|p1a: Primarina|perish0\n|-start|p2a: Qwilfish|perish0\n|upkeep\n|faint|p1a: Primarina\n|faint|p2a: Qwilfish\n|inactive|DannyCao has 120 seconds left.\n|\n|t:|1614516277\n|switch|p1a: Tapu Bulu|Tapu Bulu|100\/100\n|switch|p2a: Lopunny|Lopunny, M|100\/100\n|-damage|p1a: Tapu Bulu|76\/100|[from] Spikes\n|-fieldstart|move: Grassy Terrain|[from] ability: Grassy Surge|[of] p1a: Tapu Bulu\n|turn|11\n|inactive|DannyCao has 120 seconds left.\n|inactive|DannyCao has 90 seconds left.\n|\n|t:|1614516344\n|detailschange|p2a: Lopunny|Lopunny-Mega, M\n|-mega|p2a: Lopunny|Lopunny|Lopunnite\n|move|p2a: Lopunny|U-turn|p1a: Tapu Bulu\n|-damage|p1a: Tapu Bulu|43\/100\n|\n|t:|1614516348\n|switch|p2a: Regigigas|Regigigas|100\/100|[from]move: U-turn\n|-start|p2a: Regigigas|ability: Slow Start\n|move|p1a: Tapu Bulu|Horn Leech|p2a: Regigigas\n|-damage|p2a: Regigigas|70\/100\n|-heal|p1a: Tapu Bulu|66\/100|[from] drain|[of] p2a: Regigigas\n|-damage|p1a: Tapu Bulu|49\/100|[from] item: Rocky Helmet|[of] p2a: Regigigas\n|\n|-heal|p1a: Tapu Bulu|55\/100|[from] Grassy Terrain\n|-heal|p1a: Tapu Bulu|61\/100|[from] item: Leftovers\n|-heal|p2a: Regigigas|76\/100|[from] Grassy Terrain\n|upkeep\n|turn|12\n|inactive|GeniusX has 270 seconds left.\n|\n|t:|1614516366\n|move|p1a: Tapu Bulu|Taunt|p2a: Regigigas\n|-start|p2a: Regigigas|move: Taunt\n|cant|p2a: Regigigas|move: Taunt|Toxic\n|\n|-heal|p1a: Tapu Bulu|68\/100|[from] Grassy Terrain\n|-heal|p1a: Tapu Bulu|74\/100|[from] item: Leftovers\n|-heal|p2a: Regigigas|82\/100|[from] Grassy Terrain\n|upkeep\n|turn|13\n|inactive|DannyCao has 60 seconds left.\n|\n|t:|1614516385\n|move|p1a: Tapu Bulu|Horn Leech|p2a: Regigigas\n|-damage|p2a: Regigigas|54\/100\n|-heal|p1a: Tapu Bulu|94\/100|[from] drain|[of] p2a: Regigigas\n|-damage|p1a: Tapu Bulu|78\/100|[from] item: Rocky Helmet|[of] p2a: Regigigas\n|move|p2a: Regigigas|Body Slam|p1a: Tapu Bulu\n|-damage|p1a: Tapu Bulu|54\/100\n|\n|-heal|p1a: Tapu Bulu|60\/100|[from] Grassy Terrain\n|-heal|p1a: Tapu Bulu|66\/100|[from] item: Leftovers\n|-heal|p2a: Regigigas|61\/100|[from] Grassy Terrain\n|upkeep\n|turn|14\n|c| mini feebas|Why not just switch out primarina on the last perish turn?\n|inactive|DannyCao has 60 seconds left.\n|\n|t:|1614516402\n|move|p1a: Tapu Bulu|Close Combat|p2a: Regigigas\n|-supereffective|p2a: Regigigas\n|-damage|p2a: Regigigas|13\/100\n|-unboost|p1a: Tapu Bulu|def|1\n|-unboost|p1a: Tapu Bulu|spd|1\n|-damage|p1a: Tapu Bulu|50\/100|[from] item: Rocky Helmet|[of] p2a: Regigigas\n|move|p2a: Regigigas|Body Slam|p1a: Tapu Bulu\n|-damage|p1a: Tapu Bulu|16\/100\n|\n|-heal|p1a: Tapu Bulu|22\/100|[from] Grassy Terrain\n|-heal|p1a: Tapu Bulu|29\/100|[from] item: Leftovers\n|-heal|p2a: Regigigas|19\/100|[from] Grassy Terrain\n|-end|p2a: Regigigas|move: Taunt\n|upkeep\n|turn|15\n|inactive|DannyCao has 60 seconds left.\n|\n|t:|1614516423\n|move|p2a: Regigigas|Protect|p2a: Regigigas\n|-singleturn|p2a: Regigigas|Protect\n|move|p1a: Tapu Bulu|Horn Leech|p2a: Regigigas\n|-activate|p2a: Regigigas|move: Protect\n|\n|-heal|p1a: Tapu Bulu|35\/100|[from] Grassy Terrain\n|-heal|p1a: Tapu Bulu|41\/100|[from] item: Leftovers\n|-heal|p2a: Regigigas|26\/100|[from] Grassy Terrain\n|-fieldend|move: Grassy Terrain\n|-end|p2a: Regigigas|Slow Start\n|upkeep\n|turn|16\n|inactive|DannyCao has 30 seconds left.\n|\n|t:|1614516450\n|move|p1a: Tapu Bulu|Horn Leech|p2a: Regigigas\n|-damage|p2a: Regigigas|4\/100\n|-heal|p1a: Tapu Bulu|57\/100|[from] drain|[of] p2a: Regigigas\n|-damage|p1a: Tapu Bulu|40\/100|[from] item: Rocky Helmet|[of] p2a: Regigigas\n|move|p2a: Regigigas|Body Slam|p1a: Tapu Bulu\n|-damage|p1a: Tapu Bulu|0 fnt\n|faint|p1a: Tapu Bulu\n|\n|upkeep\n|inactive|DannyCao has 30 seconds left.\n|\n|t:|1614516460\n|switch|p1a: Whimsicott|Whimsicott, F|100\/100\n|-damage|p1a: Whimsicott|75\/100|[from] Spikes\n|turn|17\n|\n|t:|1614516463\n|move|p1a: Whimsicott|Energy Ball|p2a: Regigigas\n|-damage|p2a: Regigigas|0 fnt\n|faint|p2a: Regigigas\n|-end|p2a: Regigigas|Slow Start|[silent]\n|\n|-heal|p1a: Whimsicott|82\/100|[from] item: Leftovers\n|upkeep\n|\n|t:|1614516467\n|switch|p2a: Cramorant|Cramorant, M|100\/100\n|turn|18\n|inactive|DannyCao has 30 seconds left.\n|inactive|DannyCao has 20 seconds left.\n|l| g\/117013\n|\n|t:|1614516504\n|move|p1a: Whimsicott|Energy Ball|p2a: Cramorant\n|-damage|p2a: Cramorant|62\/100\n|move|p2a: Cramorant|Agility|p2a: Cramorant\n|-boost|p2a: Cramorant|spe|2\n|\n|-heal|p1a: Whimsicott|88\/100|[from] item: Leftovers\n|upkeep\n|turn|19\n|inactive|DannyCao has 30 seconds left this turn.\n|\n|t:|1614516518\n|move|p1a: Whimsicott|Tailwind|p1a: Whimsicott\n|-sidestart|p1: DannyCao|move: Tailwind\n|move|p2a: Cramorant|Substitute|p2a: Cramorant\n|-start|p2a: Cramorant|Substitute\n|-damage|p2a: Cramorant|37\/100\n|\n|-heal|p1a: Whimsicott|94\/100|[from] item: Leftovers\n|upkeep\n|turn|20\n|inactive|DannyCao has 30 seconds left.\n|\n|t:|1614516526\n|move|p1a: Whimsicott|Energy Ball|p2a: Cramorant\n|-end|p2a: Cramorant|Substitute\n|move|p2a: Cramorant|Substitute|p2a: Cramorant\n|-start|p2a: Cramorant|Substitute\n|-damage|p2a: Cramorant|12\/100\n|-enditem|p2a: Cramorant|Petaya Berry|[eat]\n|-boost|p2a: Cramorant|spa|1|[from] item: Petaya Berry\n|\n|-heal|p1a: Whimsicott|99\/100|[from] item: Leftovers\n|upkeep\n|turn|21\n|inactive|DannyCao has 30 seconds left.\n|\n|t:|1614516551\n|move|p1a: Whimsicott|Energy Ball|p2a: Cramorant\n|-end|p2a: Cramorant|Substitute\n|move|p2a: Cramorant|Agility|p2a: Cramorant\n|-boost|p2a: Cramorant|spe|2\n|\n|-heal|p1a: Whimsicott|100\/100|[from] item: Leftovers\n|upkeep\n|turn|22\n|inactive|DannyCao has 30 seconds left.\n|\n|t:|1614516561\n|move|p2a: Cramorant|Belch|p1a: Whimsicott\n|-supereffective|p1a: Whimsicott\n|-damage|p1a: Whimsicott|0 fnt\n|faint|p1a: Whimsicott\n|\n|-sideend|p1: DannyCao|move: Tailwind\n|upkeep\n|inactive|DannyCao has 30 seconds left.\n|c| Santeyan|i love this\n|\n|t:|1614516570\n|switch|p1a: Nihilego|Nihilego|100\/100\n|-damage|p1a: Nihilego|76\/100|[from] Spikes\n|turn|23\n|\n|t:|1614516576\n|move|p2a: Cramorant|Surf|p1a: Nihilego\n|-formechange|p2a: Cramorant|Cramorant-Gorging|\n|-supereffective|p1a: Nihilego\n|-damage|p1a: Nihilego|0 fnt\n|faint|p1a: Nihilego\n|\n|upkeep\n|\n|t:|1614516582\n|switch|p1a: Tapu Lele|Tapu Lele|100\/100\n|-damage|p1a: Tapu Lele|76\/100|[from] Spikes\n|-fieldstart|move: Psychic Terrain|[from] ability: Psychic Surge|[of] p1a: Tapu Lele\n|turn|24\n|c|\u2606DannyCao|oof this is unfortunate \n|inactive|DannyCao has 30 seconds left.\n|\n|t:|1614516598\n|move|p2a: Cramorant|Belch|p1a: Tapu Lele\n|-supereffective|p1a: Tapu Lele\n|-enditem|p1a: Tapu Lele|Kebia Berry|[eat]\n|-enditem|p1a: Tapu Lele|Kebia Berry|[weaken]\n|-damage|p1a: Tapu Lele|24\/100\n|move|p1a: Tapu Lele|Energy Ball|p2a: Cramorant\n|-damage|p2a: Cramorant|0 fnt\n|-damage|p1a: Tapu Lele|0 fnt|[from] ability: Gulp Missile|[of] p2a: Cramorant\n|-formechange|p2a: Cramorant|Cramorant|\n|faint|p2a: Cramorant\n|faint|p1a: Tapu Lele\n|\n|upkeep\n|inactive|DannyCao has 30 seconds left.\n|c| Santeyan|we were so close to the cramorant sweep\n|c|\u2606DannyCao|actually...\n|\n|t:|1614516624\n|switch|p1a: Terrakion|Terrakion|100\/100\n|switch|p2a: Meloetta|Meloetta|48\/100\n|-damage|p1a: Terrakion|75\/100|[from] Spikes\n|turn|25\n|c| mini feebas|Still deserves mvp\n|\n|t:|1614516633\n|move|p1a: Terrakion|Close Combat|p2a: Meloetta\n|-damage|p2a: Meloetta|0 fnt\n|-unboost|p1a: Terrakion|def|1\n|-unboost|p1a: Terrakion|spd|1\n|faint|p2a: Meloetta\n|\n|upkeep\n|\n|t:|1614516637\n|switch|p2a: Lopunny|Lopunny-Mega, M|100\/100\n|turn|26\n|\n|t:|1614516642\n|move|p1a: Terrakion|Close Combat|p2a: Lopunny\n|-supereffective|p2a: Lopunny\n|-damage|p2a: Lopunny|0 fnt\n|-unboost|p1a: Terrakion|def|1\n|-unboost|p1a: Terrakion|spd|1\n|faint|p2a: Lopunny\n|\n|upkeep\n|\n|t:|1614516644\n|switch|p2a: Bibarel|Bibarel, M|100\/100\n|-enditem|p2a: Bibarel|Psychic Seed\n|-boost|p2a: Bibarel|spd|2|[from] item: Psychic Seed\n|turn|27\n|inactive|DannyCao has 60 seconds left.\n|\n|t:|1614516651\n|move|p1a: Terrakion|Close Combat|p2a: Bibarel\n|-supereffective|p2a: Bibarel\n|-damage|p2a: Bibarel|0 fnt\n|-unboost|p1a: Terrakion|def|1\n|-unboost|p1a: Terrakion|spd|1\n|faint|p2a: Bibarel\n|\n|win|DannyCao\n|c|\u2606GeniusX|gg\n|c|\u2606DannyCao|phewww....\n|c|\u2606DannyCao|that was closee\n|c|\u2606DannyCao|gg\n|c| mini feebas|Rip no aqua jet\n|c|\u2606GeniusX|its terrian\n|c| mini feebas|Oh wait\n|c| mini feebas|Yeah\n|c|\u2606DannyCao|the terrain stops it\n|l| Santeyan\n|c| mini feebas|Forgot terrain was still up\n","uploadtime":1614516659,"views":21,"p1id":"dannycao","p2id":"geniusx","formatid":"gen8nationaldexdlcdraft","rating":0,"private":0,"password":null}