{"id":"sports-gen8nationaldexdraft-697830","p1":"Unviabriel","p2":"SpooksLite","format":"gen8nationaldexdraft","log":"|j|\u2606Unviabriel\n|j|\u2606SpooksLite\n|t:|1659143775\n|gametype|singles\n|player|p1|Unviabriel|unviabriel.png|\n|player|p2|SpooksLite|spookslite.png|\n|teamsize|p1|6\n|teamsize|p2|6\n|gen|8\n|tier|[Gen 8] National Dex Draft\n|rule|Sleep Clause Mod: Limit one foe put to sleep\n|rule|OHKO Clause: OHKO moves are banned\n|rule|Evasion Moves Clause: Evasion moves are banned\n|rule|Endless Battle Clause: Forcing endless battles is banned\n|rule|HP Percentage Mod: HP is shown in percentages\n|rule|Dynamax Clause: You cannot dynamax\n|clearpoke\n|poke|p1|Gallade, M|\n|poke|p1|Tapu Fini|\n|poke|p1|Corviknight, M|\n|poke|p1|Greninja, M|\n|poke|p1|Nidoqueen, F|\n|poke|p1|Uxie|\n|poke|p2|Swampert, M|\n|poke|p2|Zeraora|\n|poke|p2|Roselia, M|\n|poke|p2|Kyurem|\n|poke|p2|Spiritomb, F|\n|poke|p2|Gallade, M|\n|teampreview\n|html|<button name=\"send\" class=\"button\" value=\"\/timer ds\"><i class=\"fa fa-hourglass-start\"><\/i> DS Timer<\/button> <button name=\"send\" class=\"button\" value=\"\/timer smogon\"><i class=\"fa fa-hourglass-start\"><\/i> Smogon Timer<\/button>\n|c|\u2606SpooksLite|gl hf\n|c|\u2606Unviabriel|glhf\n|j| Codythunder56\n|j| vmnunes\n|j| WombatBaby\n|j| LA Ludicolos\n|\n|t:|1659143838\n|start\n|switch|p1a: Uxie|Uxie|100\/100\n|switch|p2a: Swampert|Swampert, M|100\/100\n|turn|1\n|c| LA Ludicolos|Let's fkn go\n|\n|t:|1659143843\n|move|p1a: Uxie|Stealth Rock|p2a: Swampert\n|-sidestart|p2: SpooksLite|move: Stealth Rock\n|move|p2a: Swampert|Stealth Rock|p1a: Uxie\n|-sidestart|p1: Unviabriel|move: Stealth Rock\n|\n|upkeep\n|turn|2\n|j| vinithewini\n|c| WombatBaby|LETS GO SPOOKS\n|j| Queen Chinchilla\n|j| Aberforth\n|j| smollest brian\n|\n|t:|1659143858\n|move|p1a: Uxie|Foul Play|p2a: Swampert\n|-damage|p2a: Swampert|78\/100\n|move|p2a: Swampert|Flip Turn|p1a: Uxie\n|-damage|p1a: Uxie|85\/100\n|c| Queen Chinchilla|LFG SPOOKS WOOOO\n|j| jrbois\n|j| HawaiianShaymin\n|c| jrbois|lfg spooks\n|j| VIG Kach\n|j| VIG Luffy\n|j| DOOR MONEY\n|j| sm64 on top\n|j| Tikkito\n|j| ogma is hot\n|l| Codythunder56\n|j| hjkhj \u32db\n|j| Codythunder56\n|j| ThinkingSceptile\n|\n|t:|1659143943\n|switch|p2a: Kyurem|Kyurem, shiny|100\/100|[from]move: Flip Turn\n|-damage|p2a: Kyurem|76\/100|[from] Stealth Rock\n|-ability|p2a: Kyurem|Pressure\n|\n|upkeep\n|turn|3\n|j| glhf goofy\n|j| Great Distance\n|\n|t:|1659144004\n|move|p2a: Kyurem|Ice Beam|p1a: Uxie\n|-damage|p1a: Uxie|21\/100\n|move|p1a: Uxie|U-turn|p2a: Kyurem\n|-damage|p2a: Kyurem|65\/100\n|\n|t:|1659144034\n|switch|p1a: Gallade|Gallade, M|100\/100|[from]move: U-turn\n|-damage|p1a: Gallade|94\/100|[from] Stealth Rock\n|\n|upkeep\n|turn|4\n|j| ArctozoltCult\n|c| ArctozoltCult|LETS GO SPOOKS\n|\n|t:|1659144049\n|detailschange|p1a: Gallade|Gallade-Mega, M\n|-mega|p1a: Gallade|Gallade|Galladite\n|move|p1a: Gallade|Earthquake|p2a: Kyurem\n|-damage|p2a: Kyurem|29\/100\n|move|p2a: Kyurem|Ice Beam|p1a: Gallade\n|-damage|p1a: Gallade|12\/100\n|\n|upkeep\n|turn|5\n|c| ArctozoltCult|human?\n|\n|t:|1659144061\n|switch|p2a: Spiritomb|Spiritomb, F|100\/100\n|-damage|p2a: Spiritomb|88\/100|[from] Stealth Rock\n|move|p1a: Gallade|Earthquake|p2a: Spiritomb\n|-damage|p2a: Spiritomb|55\/100\n|\n|-heal|p2a: Spiritomb|61\/100|[from] item: Leftovers\n|upkeep\n|turn|6\n|j| Dackt\n|\n|t:|1659144074\n|switch|p1a: Greninja|Greninja, M|100\/100\n|-damage|p1a: Greninja|88\/100|[from] Stealth Rock\n|move|p2a: Spiritomb|Will-O-Wisp|p1a: Greninja\n|-status|p1a: Greninja|brn\n|\n|-heal|p2a: Spiritomb|67\/100|[from] item: Leftovers\n|-damage|p1a: Greninja|82\/100 brn|[from] brn\n|upkeep\n|turn|7\n|l| Aberforth\n|\n|t:|1659144086\n|switch|p2a: Roselia|Roselia, M|100\/100\n|-damage|p2a: Roselia|88\/100|[from] Stealth Rock\n|move|p1a: Greninja|U-turn|p2a: Roselia\n|-crit|p2a: Roselia\n|-damage|p2a: Roselia|74\/100\n|\n|t:|1659144122\n|switch|p1a: Corviknight|Corviknight, M|100\/100|[from]move: U-turn\n|-damage|p1a: Corviknight|88\/100|[from] Stealth Rock\n|-ability|p1a: Corviknight|Pressure\n|\n|-heal|p1a: Corviknight|94\/100|[from] item: Leftovers\n|upkeep\n|turn|8\n|j| Twerkium Z\n|\n|t:|1659144132\n|move|p1a: Corviknight|Brave Bird|p2a: Roselia\n|-supereffective|p2a: Roselia\n|-damage|p2a: Roselia|0 fnt\n|faint|p2a: Roselia\n|-damage|p1a: Corviknight|76\/100|[from] Recoil\n|\n|-heal|p1a: Corviknight|82\/100|[from] item: Leftovers\n|upkeep\n|\n|t:|1659144137\n|switch|p2a: Zeraora|Zeraora|100\/100\n|-damage|p2a: Zeraora|88\/100|[from] Stealth Rock\n|turn|9\n|j| Donny P.\n|\n|t:|1659144157\n|switch|p1a: Uxie|Uxie|21\/100\n|-damage|p1a: Uxie|8\/100|[from] Stealth Rock\n|move|p2a: Zeraora|Plasma Fists|p1a: Uxie\n|-damage|p1a: Uxie|0 fnt\n|faint|p1a: Uxie\n|\n|-heal|p2a: Zeraora|94\/100|[from] item: Leftovers\n|upkeep\n|\n|t:|1659144190\n|switch|p1a: Nidoqueen|Nidoqueen, F|100\/100\n|-damage|p1a: Nidoqueen|94\/100|[from] Stealth Rock\n|turn|10\n|\n|t:|1659144199\n|switch|p2a: Swampert|Swampert, M|78\/100\n|-damage|p2a: Swampert|71\/100|[from] Stealth Rock\n|move|p1a: Nidoqueen|Earth Power|p2a: Swampert\n|-damage|p2a: Swampert|29\/100\n|\n|upkeep\n|turn|11\n|c| Queen Chinchilla|swampy wampy\n|\n|t:|1659144206\n|move|p1a: Nidoqueen|Earth Power|p2a: Swampert\n|-damage|p2a: Swampert|0 fnt\n|faint|p2a: Swampert\n|\n|upkeep\n|\n|t:|1659144215\n|switch|p2a: Kyurem|Kyurem, shiny|29\/100\n|-damage|p2a: Kyurem|4\/100|[from] Stealth Rock\n|-ability|p2a: Kyurem|Pressure\n|turn|12\n|\n|t:|1659144249\n|switch|p1a: Corviknight|Corviknight, M|82\/100\n|-damage|p1a: Corviknight|69\/100|[from] Stealth Rock\n|-ability|p1a: Corviknight|Pressure\n|move|p2a: Kyurem|Freeze-Dry|p1a: Corviknight\n|-damage|p1a: Corviknight|27\/100\n|\n|-heal|p1a: Corviknight|33\/100|[from] item: Leftovers\n|upkeep\n|turn|13\n|j| BurningDL\n|\n|t:|1659144255\n|move|p2a: Kyurem|Freeze-Dry|p1a: Corviknight\n|-crit|p1a: Corviknight\n|-damage|p1a: Corviknight|0 fnt\n|faint|p1a: Corviknight\n|\n|upkeep\n|c| jrbois|clover\n|\n|t:|1659144296\n|switch|p1a: Gallade|Gallade-Mega, M|12\/100\n|-damage|p1a: Gallade|6\/100|[from] Stealth Rock\n|turn|14\n|\n|t:|1659144301\n|move|p1a: Gallade|Earthquake|p2a: Kyurem\n|-damage|p2a: Kyurem|0 fnt\n|faint|p2a: Kyurem\n|\n|upkeep\n|\n|t:|1659144312\n|switch|p2a: Spiritomb|Spiritomb, F|67\/100\n|-damage|p2a: Spiritomb|55\/100|[from] Stealth Rock\n|turn|15\n|\n|t:|1659144331\n|move|p1a: Gallade|Shadow Sneak|p2a: Spiritomb\n|-damage|p2a: Spiritomb|42\/100\n|move|p2a: Spiritomb|Shadow Sneak|p1a: Gallade\n|-supereffective|p1a: Gallade\n|-damage|p1a: Gallade|0 fnt\n|faint|p1a: Gallade\n|\n|-heal|p2a: Spiritomb|48\/100|[from] item: Leftovers\n|upkeep\n|j| cbmarcus\n|l| cbmarcus\n|j| UnviaSlick\n|l| glhf goofy\n|l| UnviaSlick\n|j| glhf goofy\n|l| Codythunder56\n|j| Codythunder56\n|c|\u2606SpooksLite|u there\n|inactive|Battle timer is ON: inactive players will automatically lose when time's up. (requested by SpooksLite)\n|c| LA Ludicolos|Thank you\n|c| ThinkingSceptile|good play\n|c| LA Ludicolos|Lol\n|c| WombatBaby|so true\n|\n|t:|1659144566\n|switch|p1a: Greninja|Greninja, M|82\/100 brn\n|-damage|p1a: Greninja|70\/100 brn|[from] Stealth Rock\n|turn|16\n|inactive|Unviabriel has 90 seconds left.\n|c| Twerkium Z|Why did u turn on the 90 sec one Lmao\n|\n|t:|1659144590\n|move|p1a: Greninja|Dark Pulse|p2a: Spiritomb\n|-damage|p2a: Spiritomb|0 fnt\n|faint|p2a: Spiritomb\n|\n|-damage|p1a: Greninja|63\/100 brn|[from] brn\n|upkeep\n|c|\u2606SpooksLite|does it let u pick?\n|l| Dackt\n|c| Twerkium Z|yh\n|inactive|SpooksLite has 90 seconds left.\n|c|\u2606Unviabriel|?\n|c| ThinkingSceptile|probably just clicked the fat timer button instead of the smogon one at the start of the log\n|j| Princess Autumnchi\n|c| ThinkingSceptile|scroll up the battle log to the start of the game the two timers are listed there\n|c|\u2606SpooksLite|lemem see\n|inactive|SpooksLite has 60 seconds left.\n|inactiveoff|Battle timer is now OFF.\n|c| Codythunder56|Just click now lol\n|c| Princess Autumnchi|u have to turn it off, wait 15 secs\n|c| Princess Autumnchi|then turn it on\n|\n|t:|1659144656\n|switch|p2a: Zeraora|Zeraora|94\/100\n|-damage|p2a: Zeraora|82\/100|[from] Stealth Rock\n|turn|17\n|j| Dackt\n|\n|t:|1659144675\n|switch|p1a: Nidoqueen|Nidoqueen, F|94\/100\n|-damage|p1a: Nidoqueen|88\/100|[from] Stealth Rock\n|move|p2a: Zeraora|Plasma Fists|p1a: Nidoqueen\n|-immune|p1a: Nidoqueen\n|\n|-heal|p2a: Zeraora|88\/100|[from] item: Leftovers\n|upkeep\n|turn|18\n|\n|t:|1659144682\n|move|p2a: Zeraora|Knock Off|p1a: Nidoqueen\n|-crit|p1a: Nidoqueen\n|-damage|p1a: Nidoqueen|34\/100\n|-enditem|p1a: Nidoqueen|Life Orb|[from] move: Knock Off|[of] p2a: Zeraora\n|move|p1a: Nidoqueen|Earth Power|p2a: Zeraora\n|-supereffective|p2a: Zeraora\n|-damage|p2a: Zeraora|0 fnt\n|faint|p2a: Zeraora\n|\n|upkeep\n|j| FistToYourDoom\n|l| FistToYourDoom\n|\n|t:|1659144692\n|switch|p2a: Gallade|Gallade, M|100\/100\n|-damage|p2a: Gallade|94\/100|[from] Stealth Rock\n|turn|19\n|j| FistToYourDoom\n|c| FistToYourDoom|I am here\n|l| VIG Kach\n|l| Princess Autumnchi\n|\n|t:|1659144713\n|detailschange|p2a: Gallade|Gallade-Mega, M\n|-mega|p2a: Gallade|Gallade|Galladite\n|move|p2a: Gallade|Swords Dance|p2a: Gallade\n|-boost|p2a: Gallade|atk|2\n|move|p1a: Nidoqueen|Earth Power|p2a: Gallade\n|-damage|p2a: Gallade|51\/100\n|\n|upkeep\n|turn|20\n|\n|t:|1659144737\n|move|p2a: Gallade|Shadow Sneak|p1a: Nidoqueen\n|-damage|p1a: Nidoqueen|0 fnt\n|faint|p1a: Nidoqueen\n|\n|upkeep\n|\n|t:|1659144746\n|switch|p1a: Tapu Fini|Tapu Fini|100\/100\n|-damage|p1a: Tapu Fini|88\/100|[from] Stealth Rock\n|-fieldstart|move: Misty Terrain|[from] ability: Misty Surge|[of] p1a: Tapu Fini\n|turn|21\n|\n|t:|1659144748\n|move|p1a: Tapu Fini|Moonblast|p2a: Gallade\n|-supereffective|p2a: Gallade\n|-damage|p2a: Gallade|0 fnt\n|faint|p2a: Gallade\n|\n|win|Unviabriel\n|c|\u2606Unviabriel|gg\n|c|\u2606SpooksLite|gg\n","uploadtime":1659144753,"views":68,"p1id":"unviabriel","p2id":"spookslite","formatid":"gen8nationaldexdraft","rating":0,"private":0,"password":null}