{"id":"sports-gen8nationaldexdraft-170725","p1":"Bloodclat","p2":"GeniusX","format":"gen8nationaldexdraft","log":"|j|\u2606Bloodclat\n|j|\u2606GeniusX\n|t:|1600880065\n|player|p1|Bloodclat|hoopster|\n|player|p2|GeniusX|geniusx.gif|\n|teamsize|p1|6\n|teamsize|p2|6\n|gametype|singles\n|gen|8\n|tier|[Gen 8] National Dex Draft\n|rule|Sleep Clause Mod: Limit one foe put to sleep\n|rule|OHKO Clause: OHKO moves are banned\n|rule|Evasion Moves Clause: Evasion moves are banned\n|rule|Endless Battle Clause: Forcing endless battles is banned\n|rule|HP Percentage Mod: HP is shown in percentages\n|clearpoke\n|poke|p1|Gallade, M|\n|poke|p1|Jirachi|\n|poke|p1|Milotic, F|\n|poke|p1|Serperior, M|\n|poke|p1|Arcanine, M|\n|poke|p1|Comfey, F|\n|poke|p2|Rotom-Fan|\n|poke|p2|Mudsdale, F|\n|poke|p2|Metagross|\n|poke|p2|Weavile, M|\n|poke|p2|Diancie|\n|poke|p2|Tapu Fini|\n|rule|Dynamax Clause: You cannot dynamax\n|teampreview\n|html|<button name=\"send\" class=\"button\" value=\"\/timer ds\"><i class=\"fa fa-hourglass-start\"><\/i> DS Timer<\/button> <button name=\"send\" class=\"button\" value=\"\/timer smogon\"><i class=\"fa fa-hourglass-start\"><\/i> Smogon Timer<\/button>\n|c|\u2606Bloodclat|hf\n|inactive|Battle timer is ON: inactive players will automatically lose when time's up. (requested by Bloodclat)\n|\n|t:|1600880124\n|start\n|switch|p1a: Milotic|Milotic, F|100\/100\n|switch|p2a: Metagross|Metagross|100\/100\n|turn|1\n|\n|t:|1600880131\n|move|p1a: Milotic|Flip Turn|p2a: Metagross\n|-damage|p2a: Metagross|91\/100\n|\n|t:|1600880135\n|switch|p1a: Arcanine|Arcanine, M|100\/100|[from]move: Flip Turn\n|-ability|p1a: Arcanine|Intimidate|boost\n|-fail|p2a: Metagross|unboost|[from] ability: Clear Body|[of] p2a: Metagross\n|move|p2a: Metagross|Toxic|p1a: Arcanine\n|-status|p1a: Arcanine|tox\n|\n|-heal|p2a: Metagross|97\/100|[from] item: Leftovers\n|-damage|p1a: Arcanine|94\/100 tox|[from] psn\n|upkeep\n|turn|2\n|\n|t:|1600880146\n|switch|p2a: Tapu Fini|Tapu Fini|100\/100\n|-fieldstart|move: Misty Terrain|[from] ability: Misty Surge|[of] p2a: Tapu Fini\n|move|p1a: Arcanine|Teleport|p1a: Arcanine\n|\n|t:|1600880149\n|switch|p1a: Serperior|Serperior, M|100\/100|[from]move: Teleport\n|\n|upkeep\n|turn|3\n|\n|t:|1600880156\n|switch|p2a: Metagross|Metagross|97\/100\n|move|p1a: Serperior|Knock Off|p2a: Metagross\n|-supereffective|p2a: Metagross\n|-damage|p2a: Metagross|73\/100\n|-enditem|p2a: Metagross|Leftovers|[from] move: Knock Off|[of] p1a: Serperior\n|\n|upkeep\n|turn|4\n|\n|t:|1600880166\n|switch|p1a: Milotic|Milotic, F|100\/100\n|move|p2a: Metagross|Stealth Rock|p1a: Milotic\n|-sidestart|p1: Bloodclat|move: Stealth Rock\n|\n|upkeep\n|turn|5\n|\n|t:|1600880170\n|switch|p2a: Tapu Fini|Tapu Fini|100\/100\n|move|p1a: Milotic|Scald|p2a: Tapu Fini\n|-resisted|p2a: Tapu Fini\n|-damage|p2a: Tapu Fini|89\/100\n|\n|-heal|p2a: Tapu Fini|95\/100|[from] item: Leftovers\n|upkeep\n|turn|6\n|\n|t:|1600880191\n|move|p2a: Tapu Fini|Moonblast|p1a: Milotic\n|-damage|p1a: Milotic|81\/100\n|-unboost|p1a: Milotic|spa|1\n|move|p1a: Milotic|Scald|p2a: Tapu Fini\n|-resisted|p2a: Tapu Fini\n|-damage|p2a: Tapu Fini|88\/100\n|\n|-heal|p2a: Tapu Fini|94\/100|[from] item: Leftovers\n|-heal|p1a: Milotic|87\/100|[from] item: Leftovers\n|-fieldend|Misty Terrain\n|upkeep\n|turn|7\n|inactive|GeniusX has 270 seconds left.\n|\n|t:|1600880212\n|move|p2a: Tapu Fini|Calm Mind|p2a: Tapu Fini\n|-boost|p2a: Tapu Fini|spa|1\n|-boost|p2a: Tapu Fini|spd|1\n|move|p1a: Milotic|Flip Turn|p2a: Tapu Fini\n|-resisted|p2a: Tapu Fini\n|-damage|p2a: Tapu Fini|89\/100\n|\n|t:|1600880219\n|switch|p1a: Jirachi|Jirachi|100\/100|[from]move: Flip Turn\n|-damage|p1a: Jirachi|94\/100|[from] Stealth Rock\n|\n|-heal|p2a: Tapu Fini|95\/100|[from] item: Leftovers\n|upkeep\n|turn|8\n|\n|t:|1600880230\n|switch|p2a: Mudsdale|Mudsdale, F|100\/100\n|move|p1a: Jirachi|Iron Head|p2a: Mudsdale\n|-damage|p2a: Mudsdale|85\/100\n|-damage|p1a: Jirachi|78\/100|[from] item: Rocky Helmet|[of] p2a: Mudsdale\n|-ability|p2a: Mudsdale|Stamina|boost\n|-boost|p2a: Mudsdale|def|1\n|\n|upkeep\n|turn|9\n|\n|t:|1600880244\n|switch|p2a: Rotom|Rotom-Fan|100\/100\n|move|p1a: Jirachi|Energy Ball|p2a: Rotom\n|-resisted|p2a: Rotom\n|-damage|p2a: Rotom|85\/100\n|\n|upkeep\n|turn|10\n|\n|t:|1600880254\n|switch|p1a: Arcanine|Arcanine, M|94\/100 tox\n|-ability|p1a: Arcanine|Intimidate|boost\n|-unboost|p2a: Rotom|atk|1\n|switch|p2a: Metagross|Metagross|73\/100\n|\n|-damage|p1a: Arcanine|88\/100 tox|[from] psn\n|upkeep\n|turn|11\n|\n|t:|1600880267\n|switch|p2a: Tapu Fini|Tapu Fini|95\/100\n|-fieldstart|move: Misty Terrain|[from] ability: Misty Surge|[of] p2a: Tapu Fini\n|move|p1a: Arcanine|Flamethrower|p2a: Tapu Fini\n|-resisted|p2a: Tapu Fini\n|-damage|p2a: Tapu Fini|82\/100\n|\n|-heal|p2a: Tapu Fini|88\/100|[from] item: Leftovers\n|-damage|p1a: Arcanine|76\/100 tox|[from] psn\n|upkeep\n|turn|12\n|\n|t:|1600880278\n|switch|p2a: Weavile|Weavile, M|100\/100\n|-ability|p2a: Weavile|Pressure\n|switch|p1a: Milotic|Milotic, F|87\/100\n|-damage|p1a: Milotic|75\/100|[from] Stealth Rock\n|\n|-heal|p1a: Milotic|81\/100|[from] item: Leftovers\n|upkeep\n|turn|13\n|\n|t:|1600880302\n|switch|p2a: Rotom|Rotom-Fan|85\/100\n|move|p1a: Milotic|Flip Turn|p2a: Rotom\n|-damage|p2a: Rotom|69\/100\n|\n|t:|1600880309\n|switch|p1a: Comfey|Comfey, F|100\/100|[from]move: Flip Turn\n|-damage|p1a: Comfey|88\/100|[from] Stealth Rock\n|\n|-heal|p1a: Comfey|94\/100|[from] item: Leftovers\n|upkeep\n|turn|14\n|\n|t:|1600880319\n|switch|p2a: Metagross|Metagross|73\/100\n|switch|p1a: Jirachi|Jirachi|78\/100\n|-damage|p1a: Jirachi|72\/100|[from] Stealth Rock\n|\n|upkeep\n|turn|15\n|\n|t:|1600880322\n|move|p1a: Jirachi|Shadow Ball|p2a: Metagross\n|-supereffective|p2a: Metagross\n|-damage|p2a: Metagross|23\/100\n|move|p2a: Metagross|Earthquake|p1a: Jirachi\n|-supereffective|p1a: Jirachi\n|-damage|p1a: Jirachi|13\/100\n|\n|-fieldend|Misty Terrain\n|upkeep\n|turn|16\n|\n|t:|1600880343\n|move|p1a: Jirachi|Shadow Ball|p2a: Metagross\n|-supereffective|p2a: Metagross\n|-damage|p2a: Metagross|0 fnt\n|faint|p2a: Metagross\n|\n|upkeep\n|\n|t:|1600880349\n|switch|p2a: Weavile|Weavile, M|100\/100\n|-ability|p2a: Weavile|Pressure\n|turn|17\n|\n|t:|1600880357\n|move|p2a: Weavile|Knock Off|p1a: Jirachi\n|-supereffective|p1a: Jirachi\n|-damage|p1a: Jirachi|0 fnt\n|-enditem|p1a: Jirachi|Expert Belt|[from] move: Knock Off|[of] p2a: Weavile\n|faint|p1a: Jirachi\n|\n|upkeep\n|\n|t:|1600880365\n|switch|p1a: Gallade|Gallade, M|100\/100\n|-damage|p1a: Gallade|94\/100|[from] Stealth Rock\n|turn|18\n|\n|t:|1600880372\n|switch|p2a: Mudsdale|Mudsdale, F|85\/100\n|detailschange|p1a: Gallade|Gallade-Mega, M\n|-mega|p1a: Gallade|Gallade|Galladite\n|move|p1a: Gallade|Swords Dance|p1a: Gallade\n|-boost|p1a: Gallade|atk|2\n|\n|upkeep\n|turn|19\n|\n|t:|1600880374\n|move|p1a: Gallade|Close Combat|p2a: Mudsdale\n|-damage|p2a: Mudsdale|0 fnt\n|-unboost|p1a: Gallade|def|1\n|-unboost|p1a: Gallade|spd|1\n|-damage|p1a: Gallade|78\/100|[from] item: Rocky Helmet|[of] p2a: Mudsdale\n|faint|p2a: Mudsdale\n|\n|upkeep\n|\n|t:|1600880377\n|switch|p2a: Weavile|Weavile, M|100\/100\n|-ability|p2a: Weavile|Pressure\n|turn|20\n|\n|t:|1600880384\n|switch|p1a: Arcanine|Arcanine, M|76\/100 tox\n|-ability|p1a: Arcanine|Intimidate|boost\n|-unboost|p2a: Weavile|atk|1\n|move|p2a: Weavile|Knock Off|p1a: Arcanine\n|-damage|p1a: Arcanine|48\/100 tox\n|-enditem|p1a: Arcanine|Heavy-Duty Boots|[from] move: Knock Off|[of] p2a: Weavile\n|\n|-damage|p1a: Arcanine|42\/100 tox|[from] psn\n|upkeep\n|turn|21\n|\n|t:|1600880396\n|switch|p2a: Tapu Fini|Tapu Fini|88\/100\n|-fieldstart|move: Misty Terrain|[from] ability: Misty Surge|[of] p2a: Tapu Fini\n|move|p1a: Arcanine|Teleport|p1a: Arcanine\n|\n|t:|1600880401\n|switch|p1a: Serperior|Serperior, M|100\/100|[from]move: Teleport\n|-damage|p1a: Serperior|88\/100|[from] Stealth Rock\n|\n|-heal|p2a: Tapu Fini|94\/100|[from] item: Leftovers\n|upkeep\n|turn|22\n|\n|t:|1600880407\n|switch|p2a: Weavile|Weavile, M|100\/100\n|-ability|p2a: Weavile|Pressure\n|move|p1a: Serperior|Knock Off|p2a: Weavile\n|-resisted|p2a: Weavile\n|-damage|p2a: Weavile|88\/100\n|-enditem|p2a: Weavile|Heavy-Duty Boots|[from] move: Knock Off|[of] p1a: Serperior\n|\n|upkeep\n|turn|23\n|\n|t:|1600880418\n|switch|p1a: Milotic|Milotic, F|81\/100\n|-damage|p1a: Milotic|68\/100|[from] Stealth Rock\n|move|p2a: Weavile|Swords Dance|p2a: Weavile\n|-boost|p2a: Weavile|atk|2\n|\n|-heal|p1a: Milotic|75\/100|[from] item: Leftovers\n|upkeep\n|turn|24\n|\n|t:|1600880424\n|move|p2a: Weavile|Knock Off|p1a: Milotic\n|-damage|p1a: Milotic|5\/100\n|-enditem|p1a: Milotic|Leftovers|[from] move: Knock Off|[of] p2a: Weavile\n|move|p1a: Milotic|Flip Turn|p2a: Weavile\n|-damage|p2a: Weavile|67\/100\n|\n|t:|1600880426\n|switch|p1a: Comfey|Comfey, F|94\/100|[from]move: Flip Turn\n|-damage|p1a: Comfey|82\/100|[from] Stealth Rock\n|\n|-heal|p1a: Comfey|88\/100|[from] item: Leftovers\n|upkeep\n|turn|25\n|\n|t:|1600880438\n|switch|p2a: Tapu Fini|Tapu Fini|94\/100\n|move|p1a: Comfey|Draining Kiss|p2a: Tapu Fini\n|-damage|p2a: Tapu Fini|77\/100\n|-heal|p1a: Comfey|100\/100|[from] drain|[of] p2a: Tapu Fini\n|\n|-heal|p2a: Tapu Fini|83\/100|[from] item: Leftovers\n|-fieldend|Misty Terrain\n|upkeep\n|turn|26\n|\n|t:|1600880444\n|move|p2a: Tapu Fini|Taunt|p1a: Comfey\n|-start|p1a: Comfey|move: Taunt\n|cant|p1a: Comfey|move: Taunt|Calm Mind\n|\n|-heal|p2a: Tapu Fini|89\/100|[from] item: Leftovers\n|upkeep\n|turn|27\n|\n|t:|1600880467\n|switch|p1a: Serperior|Serperior, M|88\/100\n|-damage|p1a: Serperior|76\/100|[from] Stealth Rock\n|move|p2a: Tapu Fini|Calm Mind|p2a: Tapu Fini\n|-boost|p2a: Tapu Fini|spa|1\n|-boost|p2a: Tapu Fini|spd|1\n|\n|-heal|p2a: Tapu Fini|96\/100|[from] item: Leftovers\n|upkeep\n|turn|28\n|\n|t:|1600880476\n|move|p1a: Serperior|Leaf Storm|p2a: Tapu Fini\n|-supereffective|p2a: Tapu Fini\n|-damage|p2a: Tapu Fini|37\/100\n|-boost|p1a: Serperior|spa|2\n|move|p2a: Tapu Fini|Moonblast|p1a: Serperior\n|-damage|p1a: Serperior|22\/100\n|-boost|p1a: Serperior|spa|1\n|\n|-heal|p2a: Tapu Fini|43\/100|[from] item: Leftovers\n|upkeep\n|turn|29\n|inactive|GeniusX has 270 seconds left.\n|\n|t:|1600880511\n|move|p1a: Serperior|Giga Drain|p2a: Tapu Fini\n|-supereffective|p2a: Tapu Fini\n|-damage|p2a: Tapu Fini|0 fnt\n|-heal|p1a: Serperior|47\/100|[from] drain|[of] p2a: Tapu Fini\n|faint|p2a: Tapu Fini\n|\n|upkeep\n|\n|t:|1600880514\n|switch|p2a: Weavile|Weavile, M|67\/100\n|-ability|p2a: Weavile|Pressure\n|turn|30\n|inactive|GeniusX has 270 seconds left.\n|\n|t:|1600880535\n|switch|p1a: Arcanine|Arcanine, M|42\/100 tox\n|-damage|p1a: Arcanine|17\/100 tox|[from] Stealth Rock\n|-ability|p1a: Arcanine|Intimidate|boost\n|-unboost|p2a: Weavile|atk|1\n|move|p2a: Weavile|Knock Off|p1a: Arcanine\n|-damage|p1a: Arcanine|0 fnt\n|faint|p1a: Arcanine\n|\n|upkeep\n|\n|t:|1600880541\n|switch|p1a: Comfey|Comfey, F|100\/100\n|-damage|p1a: Comfey|88\/100|[from] Stealth Rock\n|turn|31\n|\n|t:|1600880544\n|switch|p2a: Diancie|Diancie|100\/100\n|move|p1a: Comfey|Calm Mind|p1a: Comfey\n|-boost|p1a: Comfey|spa|1\n|-boost|p1a: Comfey|spd|1\n|\n|-heal|p1a: Comfey|94\/100|[from] item: Leftovers\n|upkeep\n|turn|32\n|\n|t:|1600880550\n|move|p1a: Comfey|Calm Mind|p1a: Comfey\n|-boost|p1a: Comfey|spa|1\n|-boost|p1a: Comfey|spd|1\n|move|p2a: Diancie|Calm Mind|p2a: Diancie\n|-boost|p2a: Diancie|spa|1\n|-boost|p2a: Diancie|spd|1\n|\n|-heal|p1a: Comfey|100\/100|[from] item: Leftovers\n|upkeep\n|turn|33\n|\n|t:|1600880559\n|move|p1a: Comfey|Calm Mind|p1a: Comfey\n|-boost|p1a: Comfey|spa|1\n|-boost|p1a: Comfey|spd|1\n|move|p2a: Diancie|Calm Mind|p2a: Diancie\n|-boost|p2a: Diancie|spa|1\n|-boost|p2a: Diancie|spd|1\n|\n|upkeep\n|turn|34\n|\n|t:|1600880577\n|move|p1a: Comfey|Calm Mind|p1a: Comfey\n|-boost|p1a: Comfey|spa|1\n|-boost|p1a: Comfey|spd|1\n|move|p2a: Diancie|Calm Mind|p2a: Diancie\n|-boost|p2a: Diancie|spa|1\n|-boost|p2a: Diancie|spd|1\n|\n|upkeep\n|turn|35\n|\n|t:|1600880588\n|move|p1a: Comfey|Calm Mind|p1a: Comfey\n|-boost|p1a: Comfey|spa|1\n|-boost|p1a: Comfey|spd|1\n|move|p2a: Diancie|Calm Mind|p2a: Diancie\n|-boost|p2a: Diancie|spa|1\n|-boost|p2a: Diancie|spd|1\n|\n|upkeep\n|turn|36\n|\n|t:|1600880604\n|move|p1a: Comfey|Calm Mind|p1a: Comfey\n|-boost|p1a: Comfey|spa|1\n|-boost|p1a: Comfey|spd|1\n|move|p2a: Diancie|Calm Mind|p2a: Diancie\n|-boost|p2a: Diancie|spa|1\n|-boost|p2a: Diancie|spd|1\n|\n|upkeep\n|turn|37\n|\n|t:|1600880615\n|move|p1a: Comfey|Giga Drain|p2a: Diancie\n|-supereffective|p2a: Diancie\n|-damage|p2a: Diancie|53\/100\n|move|p2a: Diancie|Calm Mind|p2a: Diancie\n|-boost|p2a: Diancie|spa|1\n|-boost|p2a: Diancie|spd|1\n|\n|upkeep\n|turn|38\n|\n|t:|1600880623\n|detailschange|p2a: Diancie|Diancie-Mega\n|-mega|p2a: Diancie|Diancie|Diancite\n|move|p1a: Comfey|Giga Drain|p2a: Diancie\n|-supereffective|p2a: Diancie\n|-damage|p2a: Diancie|3\/100\n|move|p2a: Diancie|Moonblast|p1a: Comfey\n|-damage|p1a: Comfey|41\/100\n|\n|-heal|p1a: Comfey|47\/100|[from] item: Leftovers\n|upkeep\n|turn|39\n|\n|t:|1600880640\n|move|p1a: Comfey|Draining Kiss|p2a: Diancie\n|-damage|p2a: Diancie|0 fnt\n|-heal|p1a: Comfey|49\/100|[from] drain|[of] p2a: Diancie\n|faint|p2a: Diancie\n|\n|-heal|p1a: Comfey|55\/100|[from] item: Leftovers\n|upkeep\n|inactive|GeniusX has 270 seconds left.\n|-message|GeniusX forfeited.\n|\n|win|Bloodclat\n|l|\u2606GeniusX\n|c|\u2606Bloodclat|gg\n","uploadtime":1600880663,"views":88,"p1id":"bloodclat","p2id":"geniusx","formatid":"gen8nationaldexdraft","rating":0,"private":0,"password":null}