{"id":"sports-gen8nationaldexdraft-684952","p1":"DjezzeMwoan","p2":"BFO Ethanol","format":"gen8nationaldexdraft","log":"|j|\u2606DjezzeMwoan\n|j|\u2606BFO Ethanol\n|t:|1657464927\n|gametype|singles\n|player|p1|DjezzeMwoan|gambler|\n|player|p2|BFO Ethanol|bfoethanol.png|\n|teamsize|p1|6\n|teamsize|p2|6\n|gen|8\n|tier|[Gen 8] National Dex Draft\n|rule|Sleep Clause Mod: Limit one foe put to sleep\n|rule|OHKO Clause: OHKO moves are banned\n|rule|Evasion Moves Clause: Evasion moves are banned\n|rule|Endless Battle Clause: Forcing endless battles is banned\n|rule|HP Percentage Mod: HP is shown in percentages\n|rule|Dynamax Clause: You cannot dynamax\n|clearpoke\n|poke|p1|Mewtwo|\n|poke|p1|Gligar, F|\n|poke|p1|Greninja, F|\n|poke|p1|Infernape, F|\n|poke|p1|Tsareena, F|\n|poke|p1|Avalugg, M|\n|poke|p2|Lucario, F|\n|poke|p2|Necrozma-Dawn-Wings|\n|poke|p2|Vikavolt, M|\n|poke|p2|Landorus-Therian, M|\n|poke|p2|Porygon-Z|\n|poke|p2|Florges-Yellow, F|\n|teampreview\n|html|<button name=\"send\" class=\"button\" value=\"\/timer ds\"><i class=\"fa fa-hourglass-start\"><\/i> DS Timer<\/button> <button name=\"send\" class=\"button\" value=\"\/timer smogon\"><i class=\"fa fa-hourglass-start\"><\/i> Smogon Timer<\/button>\n|c|\u2606BFO Ethanol|glhf\n|c|\u2606DjezzeMwoan|u2\n|\n|t:|1657464967\n|start\n|switch|p1a: Ty Lee|Greninja, F|100\/100\n|switch|p2a: EZ-PZ|Porygon-Z, shiny|100\/100\n|turn|1\n|\n|t:|1657465004\n|move|p2a: EZ-PZ|Tri Attack|p1a: Ty Lee\n|-damage|p1a: Ty Lee|0 fnt\n|faint|p1a: Ty Lee\n|\n|upkeep\n|\n|t:|1657465032\n|switch|p1a: Zuko|Infernape, F|100\/100\n|turn|2\n|\n|t:|1657465036\n|switch|p2a: Cheeky Landos|Landorus-Therian, M|100\/100\n|-ability|p2a: Cheeky Landos|Intimidate|boost\n|-unboost|p1a: Zuko|atk|1\n|move|p1a: Zuko|Shadow Claw|p2a: Cheeky Landos\n|-crit|p2a: Cheeky Landos\n|-damage|p2a: Cheeky Landos|71\/100\n|-damage|p1a: Zuko|91\/100|[from] item: Life Orb\n|\n|-heal|p2a: Cheeky Landos|77\/100|[from] item: Leftovers\n|upkeep\n|turn|3\n|\n|t:|1657465065\n|move|p1a: Zuko|Fire Blast|p2a: Cheeky Landos\n|-damage|p2a: Cheeky Landos|20\/100\n|-damage|p1a: Zuko|81\/100|[from] item: Life Orb\n|move|p2a: Cheeky Landos|Stealth Rock|p1a: Zuko\n|-sidestart|p1: DjezzeMwoan|move: Stealth Rock\n|\n|-heal|p2a: Cheeky Landos|26\/100|[from] item: Leftovers\n|upkeep\n|turn|4\n|\n|t:|1657465073\n|switch|p2a: Lemon Haze|Florges-Yellow, F|100\/100\n|move|p1a: Zuko|U-turn|p2a: Lemon Haze\n|-resisted|p2a: Lemon Haze\n|-damage|p2a: Lemon Haze|93\/100\n|-damage|p1a: Zuko|71\/100|[from] item: Life Orb\n|\n|t:|1657465078\n|switch|p1a: Mai|Tsareena, F|100\/100|[from]move: U-turn\n|-damage|p1a: Mai|88\/100|[from] Stealth Rock\n|\n|-heal|p2a: Lemon Haze|99\/100|[from] item: Leftovers\n|-heal|p1a: Mai|94\/100|[from] item: Leftovers\n|upkeep\n|turn|5\n|\n|t:|1657465085\n|switch|p2a: Buzzkrieg|Vikavolt, M|100\/100\n|move|p1a: Mai|Rapid Spin|p2a: Buzzkrieg\n|-damage|p2a: Buzzkrieg|85\/100\n|-boost|p1a: Mai|spe|1\n|-sideend|p1: DjezzeMwoan|Stealth Rock|[from] move: Rapid Spin|[of] p1a: Mai\n|\n|-heal|p1a: Mai|99\/100|[from] item: Leftovers\n|upkeep\n|turn|6\n|\n|t:|1657465089\n|move|p1a: Mai|U-turn|p2a: Buzzkrieg\n|-damage|p2a: Buzzkrieg|65\/100\n|\n|t:|1657465095\n|switch|p1a: Zuko|Infernape, F|71\/100|[from]move: U-turn\n|move|p2a: Buzzkrieg|Bug Buzz|p1a: Zuko\n|-resisted|p1a: Zuko\n|-damage|p1a: Zuko|52\/100\n|\n|upkeep\n|turn|7\n|\n|t:|1657465101\n|switch|p2a: Lemon Haze|Florges-Yellow, F|99\/100\n|move|p1a: Zuko|Fire Blast|p2a: Lemon Haze\n|-damage|p2a: Lemon Haze|64\/100\n|-status|p2a: Lemon Haze|brn\n|-damage|p1a: Zuko|42\/100|[from] item: Life Orb\n|\n|-heal|p2a: Lemon Haze|70\/100 brn|[from] item: Leftovers\n|-damage|p2a: Lemon Haze|64\/100 brn|[from] brn\n|upkeep\n|turn|8\n|\n|t:|1657465107\n|switch|p1a: Roku|Mewtwo|100\/100\n|-ability|p1a: Roku|Pressure\n|move|p2a: Lemon Haze|Wish|p2a: Lemon Haze\n|\n|-heal|p2a: Lemon Haze|70\/100 brn|[from] item: Leftovers\n|-damage|p2a: Lemon Haze|64\/100 brn|[from] brn\n|upkeep\n|turn|9\n|\n|t:|1657465113\n|move|p1a: Roku|Psystrike|p2a: Lemon Haze\n|-damage|p2a: Lemon Haze|2\/100 brn\n|move|p2a: Lemon Haze|Moonblast|p1a: Roku\n|-damage|p1a: Roku|63\/100\n|\n|-heal|p2a: Lemon Haze|51\/100 brn|[from] move: Wish|[wisher] Lemon Haze\n|-heal|p2a: Lemon Haze|58\/100 brn|[from] item: Leftovers\n|-damage|p2a: Lemon Haze|51\/100 brn|[from] brn\n|upkeep\n|turn|10\n|\n|t:|1657465117\n|move|p1a: Roku|Recover|p1a: Roku\n|-heal|p1a: Roku|100\/100\n|move|p2a: Lemon Haze|Moonblast|p1a: Roku\n|-damage|p1a: Roku|65\/100\n|\n|-heal|p2a: Lemon Haze|58\/100 brn|[from] item: Leftovers\n|-damage|p2a: Lemon Haze|51\/100 brn|[from] brn\n|upkeep\n|turn|11\n|\n|t:|1657465120\n|move|p1a: Roku|Psystrike|p2a: Lemon Haze\n|-damage|p2a: Lemon Haze|0 fnt\n|faint|p2a: Lemon Haze\n|\n|upkeep\n|\n|t:|1657465124\n|switch|p2a: EZ-PZ|Porygon-Z, shiny|100\/100\n|turn|12\n|\n|t:|1657465127\n|switch|p1a: Mai|Tsareena, F|99\/100\n|move|p2a: EZ-PZ|Tri Attack|p1a: Mai\n|-damage|p1a: Mai|56\/100\n|\n|-heal|p1a: Mai|62\/100|[from] item: Leftovers\n|upkeep\n|turn|13\n|\n|t:|1657465137\n|switch|p2a: Buzzkrieg|Vikavolt, M|65\/100\n|move|p1a: Mai|Synthesis|p1a: Mai\n|-heal|p1a: Mai|100\/100\n|\n|upkeep\n|turn|14\n|\n|t:|1657465141\n|move|p1a: Mai|U-turn|p2a: Buzzkrieg\n|-damage|p2a: Buzzkrieg|45\/100\n|\n|t:|1657465142\n|switch|p1a: Sokka|Gligar, F, shiny|100\/100|[from]move: U-turn\n|move|p2a: Buzzkrieg|Roost|p2a: Buzzkrieg\n|-heal|p2a: Buzzkrieg|95\/100\n|-singleturn|p2a: Buzzkrieg|move: Roost\n|\n|upkeep\n|turn|15\n|\n|t:|1657465145\n|move|p1a: Sokka|Stealth Rock|p2a: Buzzkrieg\n|-sidestart|p2: BFO Ethanol|move: Stealth Rock\n|move|p2a: Buzzkrieg|Sticky Web|p1a: Sokka\n|-sidestart|p1: DjezzeMwoan|move: Sticky Web\n|\n|upkeep\n|turn|16\n|\n|t:|1657465149\n|move|p1a: Sokka|U-turn|p2a: Buzzkrieg\n|-damage|p2a: Buzzkrieg|81\/100\n|\n|t:|1657465151\n|switch|p1a: Mai|Tsareena, F|100\/100|[from]move: U-turn\n|-activate|p1a: Mai|move: Sticky Web\n|-unboost|p1a: Mai|spe|1\n|move|p2a: Buzzkrieg|Bug Buzz|p1a: Mai\n|-supereffective|p1a: Mai\n|-damage|p1a: Mai|42\/100\n|\n|-heal|p1a: Mai|48\/100|[from] item: Leftovers\n|upkeep\n|turn|17\n|\n|t:|1657465157\n|switch|p1a: Sokka|Gligar, F, shiny|100\/100\n|move|p2a: Buzzkrieg|Bug Buzz|p1a: Sokka\n|-resisted|p1a: Sokka\n|-damage|p1a: Sokka|78\/100\n|\n|upkeep\n|turn|18\n|\n|t:|1657465161\n|switch|p2a: Cheeky Landos|Landorus-Therian, M|26\/100\n|-damage|p2a: Cheeky Landos|13\/100|[from] Stealth Rock\n|-ability|p2a: Cheeky Landos|Intimidate|boost\n|-unboost|p1a: Sokka|atk|1\n|move|p1a: Sokka|Roost|p1a: Sokka\n|-heal|p1a: Sokka|100\/100\n|-singleturn|p1a: Sokka|move: Roost\n|\n|-heal|p2a: Cheeky Landos|19\/100|[from] item: Leftovers\n|upkeep\n|turn|19\n|\n|t:|1657465164\n|move|p2a: Cheeky Landos|Knock Off|p1a: Sokka\n|-damage|p1a: Sokka|84\/100\n|-enditem|p1a: Sokka|Eviolite|[from] move: Knock Off|[of] p2a: Cheeky Landos\n|move|p1a: Sokka|U-turn|p2a: Cheeky Landos\n|-resisted|p2a: Cheeky Landos\n|-damage|p2a: Cheeky Landos|16\/100\n|\n|t:|1657465166\n|switch|p1a: Mai|Tsareena, F|48\/100|[from]move: U-turn\n|-activate|p1a: Mai|move: Sticky Web\n|-unboost|p1a: Mai|spe|1\n|\n|-heal|p2a: Cheeky Landos|22\/100|[from] item: Leftovers\n|-heal|p1a: Mai|54\/100|[from] item: Leftovers\n|upkeep\n|turn|20\n|\n|t:|1657465174\n|move|p2a: Cheeky Landos|U-turn|p1a: Mai\n|-supereffective|p1a: Mai\n|-damage|p1a: Mai|7\/100\n|\n|t:|1657465176\n|switch|p2a: Darkfeast|Necrozma-Dawn-Wings, shiny|100\/100|[from]move: U-turn\n|-damage|p2a: Darkfeast|88\/100|[from] Stealth Rock\n|move|p1a: Mai|Knock Off|p2a: Darkfeast\n|-supereffective|p2a: Darkfeast\n|-damage|p2a: Darkfeast|17\/100\n|-enditem|p2a: Darkfeast|Life Orb|[from] move: Knock Off|[of] p1a: Mai\n|\n|-heal|p1a: Mai|13\/100|[from] item: Leftovers\n|upkeep\n|turn|21\n|\n|t:|1657465193\n|move|p2a: Darkfeast|Moongeist Beam|p1a: Mai\n|-damage|p1a: Mai|0 fnt\n|faint|p1a: Mai\n|\n|upkeep\n|\n|t:|1657465201\n|switch|p1a: Bumi|Avalugg, M|100\/100\n|-activate|p1a: Bumi|move: Sticky Web\n|-unboost|p1a: Bumi|spe|1\n|turn|22\n|\n|t:|1657465204\n|move|p2a: Darkfeast|Moongeist Beam|p1a: Bumi\n|-damage|p1a: Bumi|39\/100\n|move|p1a: Bumi|Avalanche|p2a: Darkfeast\n|-damage|p2a: Darkfeast|0 fnt\n|faint|p2a: Darkfeast\n|\n|upkeep\n|\n|t:|1657465212\n|switch|p2a: Anub-ish|Lucario, F, shiny|100\/100\n|-damage|p2a: Anub-ish|98\/100|[from] Stealth Rock\n|turn|23\n|\n|t:|1657465218\n|switch|p1a: Sokka|Gligar, F, shiny|84\/100\n|detailschange|p2a: Anub-ish|Lucario-Mega, F, shiny\n|-mega|p2a: Anub-ish|Lucario|Lucarionite\n|move|p2a: Anub-ish|Close Combat|p1a: Sokka\n|-resisted|p1a: Sokka\n|-damage|p1a: Sokka|50\/100\n|-unboost|p2a: Anub-ish|def|1\n|-unboost|p2a: Anub-ish|spd|1\n|\n|upkeep\n|turn|24\n|\n|t:|1657465229\n|move|p2a: Anub-ish|Ice Punch|p1a: Sokka\n|-supereffective|p1a: Sokka\n|-crit|p1a: Sokka\n|-damage|p1a: Sokka|0 fnt\n|faint|p1a: Sokka\n|\n|upkeep\n|\n|t:|1657465232\n|switch|p1a: Zuko|Infernape, F|42\/100\n|-activate|p1a: Zuko|move: Sticky Web\n|-unboost|p1a: Zuko|spe|1\n|turn|25\n|\n|t:|1657465237\n|move|p2a: Anub-ish|Extreme Speed|p1a: Zuko\n|-damage|p1a: Zuko|0 fnt\n|faint|p1a: Zuko\n|\n|upkeep\n|\n|t:|1657465240\n|switch|p1a: Roku|Mewtwo|65\/100\n|-activate|p1a: Roku|move: Sticky Web\n|-unboost|p1a: Roku|spe|1\n|-ability|p1a: Roku|Pressure\n|turn|26\n|\n|t:|1657465253\n|move|p2a: Anub-ish|Extreme Speed|p1a: Roku\n|-damage|p1a: Roku|34\/100\n|move|p1a: Roku|Aura Sphere|p2a: Anub-ish\n|-supereffective|p2a: Anub-ish\n|-damage|p2a: Anub-ish|0 fnt\n|faint|p2a: Anub-ish\n|\n|upkeep\n|j| J2411\n|\n|t:|1657465258\n|switch|p2a: EZ-PZ|Porygon-Z, shiny|100\/100\n|-damage|p2a: EZ-PZ|88\/100|[from] Stealth Rock\n|turn|27\n|\n|t:|1657465261\n|move|p2a: EZ-PZ|Tri Attack|p1a: Roku\n|-damage|p1a: Roku|0 fnt\n|faint|p1a: Roku\n|\n|upkeep\n|c|\u2606BFO Ethanol|ggs\n|\n|t:|1657465263\n|switch|p1a: Bumi|Avalugg, M|39\/100\n|-activate|p1a: Bumi|move: Sticky Web\n|-unboost|p1a: Bumi|spe|1\n|turn|28\n|\n|t:|1657465265\n|move|p2a: EZ-PZ|Tri Attack|p1a: Bumi\n|-damage|p1a: Bumi|0 fnt\n|faint|p1a: Bumi\n|\n|win|BFO Ethanol\n|c|\u2606DjezzeMwoan|gg\n|c|\u2606DjezzeMwoan|that turn one\n|c|\u2606BFO Ethanol|getting that was huge\n|c|\u2606BFO Ethanol|yeah\n|c|\u2606BFO Ethanol|also really nice knock in to necro\n|c|\u2606BFO Ethanol|was fully expecting to spin block\n","uploadtime":1657465276,"views":19,"p1id":"djezzemwoan","p2id":"bfoethanol","formatid":"gen8nationaldexdraft","rating":0,"private":0,"password":null}