{"id":"sports-gen8nationaldexdlclegacy-300390","p1":"TehranTyphlosions","p2":"wolfman168","format":"gen8nationaldexdlclegacy","log":"|j|\u2606TehranTyphlosions\n|j|\u2606wolfman168\n|t:|1608255403\n|player|p1|TehranTyphlosions|clair|\n|player|p2|wolfman168|benga|\n|teamsize|p1|6\n|teamsize|p2|6\n|gametype|singles\n|gen|8\n|tier|[Gen 8] National Dex DLC Legacy\n|rule|Sleep Clause Mod: Limit one foe put to sleep\n|rule|OHKO Clause: OHKO moves are banned\n|rule|Evasion Moves Clause: Evasion moves are banned\n|rule|Endless Battle Clause: Forcing endless battles is banned\n|rule|HP Percentage Mod: HP is shown in percentages\n|clearpoke\n|poke|p1|Urshifu-*, F|\n|poke|p1|Tornadus-Therian, M|\n|poke|p1|Gengar, F|\n|poke|p1|Milotic, M|\n|poke|p1|Altaria, F|\n|poke|p1|Ferrothorn, F|\n|poke|p2|Venusaur, F|\n|poke|p2|Thundurus, M|\n|poke|p2|Urshifu-*, M|\n|poke|p2|Sandslash, M|\n|poke|p2|Regirock|\n|poke|p2|Jirachi|\n|rule|Dynamax Clause: You cannot dynamax\n|teampreview\n|html|<button name=\"send\" class=\"button\" value=\"\/timer ds\"><i class=\"fa fa-hourglass-start\"><\/i> DS Timer<\/button> <button name=\"send\" class=\"button\" value=\"\/timer smogon\"><i class=\"fa fa-hourglass-start\"><\/i> Smogon Timer<\/button>\n|c|\u2606TehranTyphlosions|gl gl\n|c|\u2606wolfman168|u 2\n|j| Bananacrazy111\n|j| PorygonTheBot\n|c| PorygonTheBot|ghlf :)\n|j| EGALombres\n|c| EGALombres|Sean support\n|j| AzurineRose\n|\n|t:|1608255493\n|start\n|switch|p1a: Ferrothorn|Ferrothorn, F|100\/100\n|switch|p2a: Lucky 7|Jirachi, shiny|100\/100\n|turn|1\n|j| EGADrifblims\n|l| EGADrifblims\n|\n|t:|1608255502\n|move|p1a: Ferrothorn|Protect|p1a: Ferrothorn\n|-singleturn|p1a: Ferrothorn|Protect\n|move|p2a: Lucky 7|Aura Sphere|p1a: Ferrothorn\n|-activate|p1a: Ferrothorn|move: Protect\n|\n|upkeep\n|turn|2\n|j| EGADrifblims\n|c| EGALombres|hi fluffy how r u\n|c| EGADrifblims|good\n|c| EGADrifblims|do u wanna hop in clal\n|c| EGADrifblims|call\n|\n|t:|1608255549\n|switch|p1a: Milotic|Milotic, M, shiny|100\/100\n|move|p2a: Lucky 7|Aura Sphere|p1a: Milotic\n|-damage|p1a: Milotic|84\/100\n|\n|-status|p1a: Milotic|brn|[from] item: Flame Orb\n|upkeep\n|turn|3\n|\n|t:|1608255558\n|move|p2a: Lucky 7|Thunderbolt|p1a: Milotic\n|-supereffective|p1a: Milotic\n|-damage|p1a: Milotic|47\/100 brn\n|move|p1a: Milotic|Scald|p2a: Lucky 7\n|-crit|p2a: Lucky 7\n|-damage|p2a: Lucky 7|59\/100\n|-status|p2a: Lucky 7|brn\n|\n|-damage|p2a: Lucky 7|53\/100 brn|[from] brn\n|-damage|p1a: Milotic|41\/100 brn|[from] brn\n|upkeep\n|turn|4\n|c| Bananacrazy111|unlucky 7\n|\n|t:|1608255570\n|move|p2a: Lucky 7|Thunderbolt|p1a: Milotic\n|-supereffective|p1a: Milotic\n|-damage|p1a: Milotic|0 fnt\n|faint|p1a: Milotic\n|\n|-damage|p2a: Lucky 7|47\/100 brn|[from] brn\n|upkeep\n|\n|t:|1608255576\n|switch|p1a: Gengar|Gengar, F|100\/100\n|turn|5\n|\n|t:|1608255580\n|move|p1a: Gengar|Shadow Ball|p2a: Lucky 7\n|-supereffective|p2a: Lucky 7\n|-crit|p2a: Lucky 7\n|-enditem|p2a: Lucky 7|Kasib Berry|[eat]\n|-enditem|p2a: Lucky 7|Kasib Berry|[weaken]\n|-damage|p2a: Lucky 7|0 fnt\n|faint|p2a: Lucky 7\n|\n|upkeep\n|j| EGACammy\n|c|\u2606TehranTyphlosions|sry\n|c|\u2606wolfman168|it happens\n|c| EGACammy|sean so lucky wtf\n|c| Bananacrazy111|wait\n|\n|t:|1608255604\n|switch|p2a: Tree-Rex|Venusaur, F, shiny|100\/100\n|turn|6\n|c| EGACammy|i would never hax my opponent\n|c| Bananacrazy111|why is cammy here twice\n|c| Bananacrazy111|:thonk:\n|c| EGACammy|phone \n|\n|t:|1608255613\n|switch|p1a: Tornadus|Tornadus-Therian, M|100\/100\n|detailschange|p2a: Tree-Rex|Venusaur-Mega, F, shiny\n|-mega|p2a: Tree-Rex|Venusaur|Venusaurite\n|move|p2a: Tree-Rex|Earth Power|p1a: Tornadus\n|-immune|p1a: Tornadus\n|\n|upkeep\n|turn|7\n|c| Bananacrazy111|ah\n|c| EGACammy|and chromebook\n|\n|t:|1608255630\n|move|p1a: Tornadus|Hurricane|p2a: Tree-Rex\n|-supereffective|p2a: Tree-Rex\n|-damage|p2a: Tree-Rex|24\/100\n|-start|p2a: Tree-Rex|confusion\n|-activate|p2a: Tree-Rex|confusion\n|move|p2a: Tree-Rex|Sludge Bomb|p1a: Tornadus\n|-damage|p1a: Tornadus|58\/100\n|-status|p1a: Tornadus|psn\n|\n|-damage|p1a: Tornadus|46\/100 psn|[from] psn\n|upkeep\n|turn|8\n|c| EGACammy|phone is aids so i switched to the chromer\n|\n|t:|1608255642\n|move|p1a: Tornadus|Sludge Wave|p2a: Tree-Rex\n|-damage|p2a: Tree-Rex|2\/100\n|-activate|p2a: Tree-Rex|confusion\n|move|p2a: Tree-Rex|Sludge Bomb|p1a: Tornadus\n|-damage|p1a: Tornadus|4\/100 psn\n|\n|-damage|p1a: Tornadus|0 fnt|[from] psn\n|faint|p1a: Tornadus\n|upkeep\n|c|\u2606TehranTyphlosions|bruh im bad\n|\n|t:|1608255649\n|switch|p1a: Gengar|Gengar, F|100\/100\n|turn|9\n|\n|t:|1608255654\n|move|p1a: Gengar|Shadow Ball|p2a: Tree-Rex\n|-damage|p2a: Tree-Rex|0 fnt\n|faint|p2a: Tree-Rex\n|\n|upkeep\n|c| EGACammy|damn mvenu is my fave torn answer\n|\n|t:|1608255667\n|switch|p2a: Sonic|Sandslash, M, shiny|100\/100\n|turn|10\n|\n|t:|1608255671\n|switch|p1a: Altaria|Altaria, F|100\/100\n|move|p2a: Sonic|Earthquake|p1a: Altaria\n|-immune|p1a: Altaria\n|\n|upkeep\n|turn|11\n|c| AzurineRose|Lmao\n|\n|t:|1608255677\n|detailschange|p1a: Altaria|Altaria-Mega, F\n|-mega|p1a: Altaria|Altaria|Altarianite\n|move|p1a: Altaria|Dragon Dance|p1a: Altaria\n|-boost|p1a: Altaria|atk|1\n|-boost|p1a: Altaria|spe|1\n|move|p2a: Sonic|Iron Tail|p1a: Altaria\n|-supereffective|p1a: Altaria\n|-crit|p1a: Altaria\n|-damage|p1a: Altaria|21\/100\n|\n|upkeep\n|turn|12\n|\n|t:|1608255686\n|switch|p1a: Ferrothorn|Ferrothorn, F|100\/100\n|move|p2a: Sonic|Iron Tail|p1a: Ferrothorn\n|-resisted|p1a: Ferrothorn\n|-damage|p1a: Ferrothorn|94\/100\n|-unboost|p1a: Ferrothorn|def|1\n|-damage|p2a: Sonic|88\/100|[from] ability: Iron Barbs|[of] p1a: Ferrothorn\n|\n|upkeep\n|turn|13\n|c| EGACammy|oml he came strapped\n|\n|t:|1608255697\n|move|p2a: Sonic|Earthquake|p1a: Ferrothorn\n|-damage|p1a: Ferrothorn|65\/100\n|move|p1a: Ferrothorn|Leech Seed|p2a: Sonic\n|-start|p2a: Sonic|move: Leech Seed\n|\n|-damage|p2a: Sonic|76\/100|[from] Leech Seed|[of] p1a: Ferrothorn\n|-heal|p1a: Ferrothorn|77\/100|[silent]\n|upkeep\n|turn|14\n|\n|t:|1608255705\n|switch|p2a: Thor|Thundurus, M|100\/100\n|move|p1a: Ferrothorn|Spikes|p2a: Thor\n|-sidestart|p2: wolfman168|Spikes\n|\n|upkeep\n|turn|15\n|\n|t:|1608255712\n|move|p1a: Ferrothorn|Protect|p1a: Ferrothorn\n|-singleturn|p1a: Ferrothorn|Protect\n|move|p2a: Thor|Thunderbolt|p1a: Ferrothorn\n|-activate|p1a: Ferrothorn|move: Protect\n|\n|upkeep\n|turn|16\n|\n|t:|1608255724\n|move|p2a: Thor|Thunderbolt|p1a: Ferrothorn\n|-resisted|p1a: Ferrothorn\n|-damage|p1a: Ferrothorn|57\/100\n|move|p1a: Ferrothorn|Leech Seed|p2a: Thor\n|-start|p2a: Thor|move: Leech Seed\n|\n|-damage|p2a: Thor|88\/100|[from] Leech Seed|[of] p1a: Ferrothorn\n|-heal|p1a: Ferrothorn|68\/100|[silent]\n|upkeep\n|turn|17\n|c| EGACammy|mmmm protect leech seed\n|c| EGACammy|my favourite set\n|\n|t:|1608255740\n|switch|p2a: Master Shifu|Urshifu-Rapid-Strike, M, shiny|100\/100\n|-damage|p2a: Master Shifu|88\/100|[from] Spikes\n|move|p1a: Ferrothorn|Protect||[still]\n|-fail|p1a: Ferrothorn\n|\n|upkeep\n|turn|18\n|\n|t:|1608255758\n|move|p1a: Ferrothorn|Protect|p1a: Ferrothorn\n|-singleturn|p1a: Ferrothorn|Protect\n|move|p2a: Master Shifu|Drain Punch|p1a: Ferrothorn\n|-supereffective|p1a: Ferrothorn\n|-enditem|p1a: Ferrothorn|Chople Berry|[eat]\n|-enditem|p1a: Ferrothorn|Chople Berry|[weaken]\n|-damage|p1a: Ferrothorn|26\/100\n|-heal|p2a: Master Shifu|100\/100|[from] drain|[of] p1a: Ferrothorn\n|-damage|p2a: Master Shifu|88\/100|[from] ability: Iron Barbs|[of] p1a: Ferrothorn\n|\n|upkeep\n|turn|19\n|c| EGACammy|sean no\n|c|\u2606TehranTyphlosions|omg i forgot about its ability\n|c| Bananacrazy111|urshifu moment\n|\n|t:|1608255771\n|move|p2a: Master Shifu|Drain Punch|p1a: Ferrothorn\n|-supereffective|p1a: Ferrothorn\n|-damage|p1a: Ferrothorn|0 fnt\n|-heal|p2a: Master Shifu|100\/100|[from] drain|[of] p1a: Ferrothorn\n|-damage|p2a: Master Shifu|88\/100|[from] ability: Iron Barbs|[of] p1a: Ferrothorn\n|faint|p1a: Ferrothorn\n|\n|upkeep\n|\n|t:|1608255775\n|switch|p1a: Gengar|Gengar, F|100\/100\n|turn|20\n|\n|t:|1608255781\n|move|p2a: Master Shifu|Aqua Jet|p1a: Gengar\n|-damage|p1a: Gengar|56\/100\n|-start|p2a: Master Shifu|Disable|Aqua Jet|[from] ability: Cursed Body|[of] p1a: Gengar\n|move|p1a: Gengar|Psychic|p2a: Master Shifu\n|-supereffective|p2a: Master Shifu\n|-damage|p2a: Master Shifu|0 fnt\n|faint|p2a: Master Shifu\n|\n|upkeep\n|\n|t:|1608255791\n|switch|p2a: Sonic|Sandslash, M, shiny|76\/100\n|-damage|p2a: Sonic|63\/100|[from] Spikes\n|turn|21\n|\n|t:|1608255795\n|move|p1a: Gengar|Shadow Ball|p2a: Sonic\n|-damage|p2a: Sonic|37\/100\n|move|p2a: Sonic|Earthquake|p1a: Gengar\n|-supereffective|p1a: Gengar\n|-damage|p1a: Gengar|0 fnt\n|faint|p1a: Gengar\n|\n|upkeep\n|\n|t:|1608255797\n|switch|p1a: Urshifu|Urshifu, F|100\/100\n|turn|22\n|c| EGACammy|yo that shit ate\n|\n|t:|1608255807\n|move|p1a: Urshifu|Wicked Blow|p2a: Sonic\n|-crit|p2a: Sonic\n|-damage|p2a: Sonic|0 fnt\n|faint|p2a: Sonic\n|\n|upkeep\n|\n|t:|1608255813\n|switch|p2a: Thor|Thundurus, M|88\/100\n|turn|23\n|\n|t:|1608255829\n|move|p2a: Thor|Thunderbolt|p1a: Urshifu\n|-damage|p1a: Urshifu|33\/100\n|-status|p1a: Urshifu|par\n|move|p1a: Urshifu|Wicked Blow|p2a: Thor\n|-crit|p2a: Thor\n|-damage|p2a: Thor|0 fnt\n|faint|p2a: Thor\n|\n|upkeep\n|\n|t:|1608255838\n|switch|p2a: Regirock|Regirock|100\/100\n|-damage|p2a: Regirock|88\/100|[from] Spikes\n|turn|24\n|c| EGADrifblims|wreck him \n|\n|t:|1608255847\n|switch|p1a: Altaria|Altaria-Mega, F|21\/100\n|move|p2a: Regirock|Earthquake|p1a: Altaria\n|-damage|p1a: Altaria|0 fnt\n|faint|p1a: Altaria\n|\n|-heal|p2a: Regirock|94\/100|[from] item: Leftovers\n|upkeep\n|\n|t:|1608255848\n|switch|p1a: Urshifu|Urshifu, F|33\/100 par\n|turn|25\n|\n|t:|1608255857\n|move|p1a: Urshifu|Close Combat|p2a: Regirock\n|-supereffective|p2a: Regirock\n|-damage|p2a: Regirock|0 fnt\n|-unboost|p1a: Urshifu|def|1\n|-unboost|p1a: Urshifu|spd|1\n|faint|p2a: Regirock\n|\n|win|TehranTyphlosions\n","uploadtime":1608255858,"views":15,"p1id":"tehrantyphlosions","p2id":"wolfman168","formatid":"gen8nationaldexdlclegacy","rating":0,"private":0,"password":null}