{"id":"sports-gen8nationaldexdraft-716640","p1":"Elon Musk Rusk","p2":"Teselectachor","format":"gen8nationaldexdraft","log":"|j|\u2606Elon Musk Rusk\n|j|\u2606Teselectachor\n|t:|1661692257\n|gametype|singles\n|player|p1|Elon Musk Rusk|266|\n|player|p2|Teselectachor|169|\n|teamsize|p1|6\n|teamsize|p2|6\n|gen|8\n|tier|[Gen 8] National Dex Draft\n|rule|Sleep Clause Mod: Limit one foe put to sleep\n|rule|OHKO Clause: OHKO moves are banned\n|rule|Evasion Moves Clause: Evasion moves are banned\n|rule|Endless Battle Clause: Forcing endless battles is banned\n|rule|HP Percentage Mod: HP is shown in percentages\n|rule|Dynamax Clause: You cannot dynamax\n|clearpoke\n|poke|p1|Mandibuzz, F|\n|poke|p1|Goodra, M|\n|poke|p1|Regieleki|\n|poke|p1|Gallade, M|\n|poke|p1|Palpitoad, M|\n|poke|p1|Aegislash, F|\n|poke|p2|Vikavolt, M|\n|poke|p2|Dracovish|\n|poke|p2|Nidoking, M|\n|poke|p2|Cryogonal|\n|poke|p2|Incineroar, F|\n|poke|p2|Celesteela|\n|teampreview\n|html|<button name=\"send\" class=\"button\" value=\"\/timer ds\"><i class=\"fa fa-hourglass-start\"><\/i> DS Timer<\/button> <button name=\"send\" class=\"button\" value=\"\/timer smogon\"><i class=\"fa fa-hourglass-start\"><\/i> Smogon Timer<\/button>\n|c|\u2606Teselectachor|glhf\n|j| PorygonTheBot\n|c| PorygonTheBot|glhf :)\n|\n|t:|1661692271\n|start\n|switch|p1a: Goodra|Goodra, M|100\/100\n|switch|p2a: Vikavolt|Vikavolt, M|100\/100\n|turn|1\n|\n|t:|1661692297\n|move|p1a: Goodra|Fire Blast|p2a: Vikavolt\n|-supereffective|p2a: Vikavolt\n|-damage|p2a: Vikavolt|33\/100\n|move|p2a: Vikavolt|Sticky Web|p1a: Goodra\n|-sidestart|p1: Elon Musk Rusk|move: Sticky Web\n|\n|upkeep\n|turn|2\n|\n|t:|1661692336\n|switch|p2a: Cryogonal|Cryogonal|100\/100\n|move|p1a: Goodra|Draco Meteor|p2a: Cryogonal\n|-damage|p2a: Cryogonal|73\/100\n|-unboost|p1a: Goodra|spa|2\n|\n|upkeep\n|turn|3\n|\n|t:|1661692375\n|switch|p1a: Regieleki|Regieleki|100\/100\n|move|p2a: Cryogonal|Freeze-Dry|p1a: Regieleki\n|-damage|p1a: Regieleki|57\/100\n|\n|upkeep\n|turn|4\n|\n|t:|1661692389\n|move|p1a: Regieleki|Rapid Spin|p2a: Cryogonal\n|-damage|p2a: Cryogonal|57\/100\n|-boost|p1a: Regieleki|spe|1\n|-sideend|p1: Elon Musk Rusk|Sticky Web|[from] move: Rapid Spin|[of] p1a: Regieleki\n|move|p2a: Cryogonal|Freeze-Dry|p1a: Regieleki\n|-damage|p1a: Regieleki|13\/100\n|-status|p1a: Regieleki|frz\n|\n|upkeep\n|turn|5\n|\n|t:|1661692394\n|-curestatus|p1a: Regieleki|frz|[msg]\n|move|p1a: Regieleki|Volt Switch|p2a: Cryogonal\n|-damage|p2a: Cryogonal|28\/100\n|\n|t:|1661692399\n|switch|p1a: Aegislash|Aegislash, F|100\/100|[from]move: Volt Switch\n|move|p2a: Cryogonal|Recover|p2a: Cryogonal\n|-heal|p2a: Cryogonal|78\/100\n|\n|upkeep\n|turn|6\n|\n|t:|1661692402\n|switch|p2a: Incineroar|Incineroar, F|100\/100\n|-ability|p2a: Incineroar|Intimidate|boost\n|-unboost|p1a: Aegislash|atk|1\n|move|p1a: Aegislash|Substitute|p1a: Aegislash\n|-start|p1a: Aegislash|Substitute\n|-damage|p1a: Aegislash|76\/100\n|\n|-heal|p1a: Aegislash|82\/100|[from] item: Leftovers\n|upkeep\n|turn|7\n|\n|t:|1661692408\n|-formechange|p1a: Aegislash|Aegislash-Blade||[from] ability: Stance Change\n|move|p1a: Aegislash|Close Combat|p2a: Incineroar\n|-supereffective|p2a: Incineroar\n|-damage|p2a: Incineroar|58\/100\n|-unboost|p1a: Aegislash|def|1\n|-unboost|p1a: Aegislash|spd|1\n|move|p2a: Incineroar|Knock Off|p1a: Aegislash\n|-supereffective|p1a: Aegislash\n|-end|p1a: Aegislash|Substitute\n|\n|-heal|p1a: Aegislash|88\/100|[from] item: Leftovers\n|upkeep\n|turn|8\n|\n|t:|1661692419\n|switch|p1a: Mandibuzz|Mandibuzz, F|100\/100\n|move|p2a: Incineroar|Parting Shot|p1a: Mandibuzz\n|-unboost|p1a: Mandibuzz|atk|1\n|-unboost|p1a: Mandibuzz|spa|1\n|\n|t:|1661692422\n|switch|p2a: Vikavolt|Vikavolt, M|33\/100|[from]move: Parting Shot\n|\n|upkeep\n|turn|9\n|\n|t:|1661692430\n|move|p1a: Mandibuzz|Foul Play|p2a: Vikavolt\n|-damage|p2a: Vikavolt|13\/100\n|move|p2a: Vikavolt|Sticky Web|p1a: Mandibuzz\n|-sidestart|p1: Elon Musk Rusk|move: Sticky Web\n|\n|upkeep\n|turn|10\n|\n|t:|1661692452\n|move|p1a: Mandibuzz|Knock Off|p2a: Vikavolt\n|-damage|p2a: Vikavolt|0 fnt\n|-enditem|p2a: Vikavolt|Focus Sash|[from] move: Knock Off|[of] p1a: Mandibuzz\n|faint|p2a: Vikavolt\n|\n|upkeep\n|\n|t:|1661692471\n|switch|p2a: Nidoking|Nidoking, M|100\/100\n|turn|11\n|\n|t:|1661692482\n|switch|p1a: Goodra|Goodra, M|100\/100\n|-activate|p1a: Goodra|move: Sticky Web\n|-unboost|p1a: Goodra|spe|1\n|move|p2a: Nidoking|Ice Beam|p1a: Goodra\n|-supereffective|p1a: Goodra\n|-damage|p1a: Goodra|69\/100\n|\n|upkeep\n|turn|12\n|\n|t:|1661692495\n|move|p2a: Nidoking|Ice Beam|p1a: Goodra\n|-supereffective|p1a: Goodra\n|-damage|p1a: Goodra|40\/100\n|move|p1a: Goodra|Surf|p2a: Nidoking\n|-supereffective|p2a: Nidoking\n|-damage|p2a: Nidoking|21\/100\n|\n|upkeep\n|turn|13\n|\n|t:|1661692508\n|move|p2a: Nidoking|Ice Beam|p1a: Goodra\n|-supereffective|p1a: Goodra\n|-damage|p1a: Goodra|11\/100\n|move|p1a: Goodra|Surf|p2a: Nidoking\n|-supereffective|p2a: Nidoking\n|-damage|p2a: Nidoking|0 fnt\n|faint|p2a: Nidoking\n|\n|upkeep\n|\n|t:|1661692512\n|switch|p2a: Dracovish|Dracovish|100\/100\n|turn|14\n|\n|t:|1661692521\n|move|p2a: Dracovish|Substitute|p2a: Dracovish\n|-start|p2a: Dracovish|Substitute\n|-damage|p2a: Dracovish|76\/100\n|move|p1a: Goodra|Draco Meteor|p2a: Dracovish\n|-supereffective|p2a: Dracovish\n|-end|p2a: Dracovish|Substitute\n|-unboost|p1a: Goodra|spa|2\n|\n|upkeep\n|turn|15\n|\n|t:|1661692526\n|move|p2a: Dracovish|Substitute|p2a: Dracovish\n|-start|p2a: Dracovish|Substitute\n|-damage|p2a: Dracovish|51\/100\n|move|p1a: Goodra|Superpower|p2a: Dracovish\n|-end|p2a: Dracovish|Substitute\n|-unboost|p1a: Goodra|atk|1\n|-unboost|p1a: Goodra|def|1\n|\n|upkeep\n|turn|16\n|\n|t:|1661692553\n|move|p2a: Dracovish|Substitute|p2a: Dracovish\n|-start|p2a: Dracovish|Substitute\n|-damage|p2a: Dracovish|26\/100\n|move|p1a: Goodra|Draco Meteor|p2a: Dracovish\n|-supereffective|p2a: Dracovish\n|-end|p2a: Dracovish|Substitute\n|-unboost|p1a: Goodra|spa|2\n|\n|upkeep\n|turn|17\n|\n|t:|1661692588\n|switch|p1a: Palpitoad|Palpitoad, M|100\/100\n|-activate|p1a: Palpitoad|move: Sticky Web\n|-unboost|p1a: Palpitoad|spe|1\n|move|p2a: Dracovish|Substitute|p2a: Dracovish\n|-start|p2a: Dracovish|Substitute\n|-damage|p2a: Dracovish|1\/100\n|\n|upkeep\n|turn|18\n|\n|t:|1661692595\n|move|p2a: Dracovish|Super Fang|p1a: Palpitoad\n|-damage|p1a: Palpitoad|51\/100\n|move|p1a: Palpitoad|Scald|p2a: Dracovish\n|-resisted|p2a: Dracovish\n|-activate|p2a: Dracovish|move: Substitute|[damage]\n|\n|upkeep\n|turn|19\n|\n|t:|1661692606\n|move|p2a: Dracovish|Psychic Fangs|p1a: Palpitoad\n|-damage|p1a: Palpitoad|27\/100\n|move|p1a: Palpitoad|Stealth Rock|p2a: Dracovish\n|-sidestart|p2: Teselectachor|move: Stealth Rock\n|\n|upkeep\n|turn|20\n|\n|t:|1661692609\n|move|p2a: Dracovish|Psychic Fangs|p1a: Palpitoad\n|-damage|p1a: Palpitoad|2\/100\n|move|p1a: Palpitoad|Rest|p1a: Palpitoad\n|-status|p1a: Palpitoad|slp|[from] move: Rest\n|-heal|p1a: Palpitoad|100\/100 slp|[silent]\n|\n|upkeep\n|turn|21\n|\n|t:|1661692613\n|move|p2a: Dracovish|Super Fang|p1a: Palpitoad\n|-damage|p1a: Palpitoad|51\/100 slp\n|cant|p1a: Palpitoad|slp\n|\n|upkeep\n|turn|22\n|\n|t:|1661692616\n|move|p2a: Dracovish|Psychic Fangs|p1a: Palpitoad\n|-damage|p1a: Palpitoad|25\/100 slp\n|cant|p1a: Palpitoad|slp\n|\n|upkeep\n|turn|23\n|\n|t:|1661692623\n|switch|p1a: Mandibuzz|Mandibuzz, F|100\/100\n|move|p2a: Dracovish|Psychic Fangs|p1a: Mandibuzz\n|-immune|p1a: Mandibuzz\n|\n|upkeep\n|turn|24\n|\n|t:|1661692626\n|move|p2a: Dracovish|Fishious Rend|p1a: Mandibuzz\n|-damage|p1a: Mandibuzz|18\/100\n|move|p1a: Mandibuzz|U-turn|p2a: Dracovish\n|-activate|p2a: Dracovish|move: Substitute|[damage]\n|\n|t:|1661692638\n|switch|p1a: Regieleki|Regieleki|13\/100|[from]move: U-turn\n|\n|upkeep\n|turn|25\n|\n|t:|1661692643\n|move|p1a: Regieleki|Volt Switch|p2a: Dracovish\n|-end|p2a: Dracovish|Substitute\n|\n|t:|1661692647\n|switch|p1a: Palpitoad|Palpitoad, M|25\/100 slp|[from]move: Volt Switch\n|-activate|p1a: Palpitoad|move: Sticky Web\n|-unboost|p1a: Palpitoad|spe|1\n|move|p2a: Dracovish|Fishious Rend|p1a: Palpitoad\n|-heal|p1a: Palpitoad|50\/100 slp|[from] ability: Water Absorb|[of] p2a: Dracovish\n|\n|upkeep\n|turn|26\n|\n|t:|1661692658\n|move|p2a: Dracovish|Psychic Fangs|p1a: Palpitoad\n|-damage|p1a: Palpitoad|23\/100 slp\n|-curestatus|p1a: Palpitoad|slp|[msg]\n|move|p1a: Palpitoad|Rest|p1a: Palpitoad\n|-status|p1a: Palpitoad|slp|[from] move: Rest\n|-heal|p1a: Palpitoad|100\/100 slp|[silent]\n|\n|upkeep\n|turn|27\n|\n|t:|1661692661\n|move|p2a: Dracovish|Super Fang|p1a: Palpitoad\n|-damage|p1a: Palpitoad|51\/100 slp\n|cant|p1a: Palpitoad|slp\n|\n|upkeep\n|turn|28\n|\n|t:|1661692666\n|move|p2a: Dracovish|Psychic Fangs|p1a: Palpitoad\n|-damage|p1a: Palpitoad|23\/100 slp\n|cant|p1a: Palpitoad|slp\n|\n|upkeep\n|turn|29\n|\n|t:|1661692673\n|switch|p1a: Aegislash|Aegislash, F|88\/100\n|-activate|p1a: Aegislash|move: Sticky Web\n|-unboost|p1a: Aegislash|spe|1\n|move|p2a: Dracovish|Psychic Fangs|p1a: Aegislash\n|-resisted|p1a: Aegislash\n|-crit|p1a: Aegislash\n|-damage|p1a: Aegislash|67\/100\n|\n|-heal|p1a: Aegislash|73\/100|[from] item: Leftovers\n|upkeep\n|turn|30\n|\n|t:|1661692675\n|move|p2a: Dracovish|Fishious Rend|p1a: Aegislash\n|-damage|p1a: Aegislash|0 fnt\n|faint|p1a: Aegislash\n|\n|upkeep\n|\n|t:|1661692679\n|switch|p1a: Regieleki|Regieleki|13\/100\n|turn|31\n|\n|t:|1661692682\n|move|p1a: Regieleki|Thunderbolt|p2a: Dracovish\n|-damage|p2a: Dracovish|0 fnt\n|faint|p2a: Dracovish\n|\n|upkeep\n|\n|t:|1661692690\n|switch|p2a: Cryogonal|Cryogonal|78\/100\n|turn|32\n|\n|t:|1661692694\n|move|p1a: Regieleki|Volt Switch|p2a: Cryogonal\n|-damage|p2a: Cryogonal|50\/100\n|\n|t:|1661692696\n|switch|p1a: Gallade|Gallade, M|100\/100|[from]move: Volt Switch\n|-activate|p1a: Gallade|move: Sticky Web\n|-unboost|p1a: Gallade|spe|1\n|move|p2a: Cryogonal|Freeze-Dry|p1a: Gallade\n|-damage|p1a: Gallade|76\/100\n|\n|upkeep\n|turn|33\n|\n|t:|1661692699\n|switch|p2a: Celesteela|Celesteela|100\/100\n|-damage|p2a: Celesteela|88\/100|[from] Stealth Rock\n|detailschange|p1a: Gallade|Gallade-Mega, M\n|-mega|p1a: Gallade|Gallade|Galladite\n|move|p1a: Gallade|Close Combat|p2a: Celesteela\n|-damage|p2a: Celesteela|46\/100\n|-unboost|p1a: Gallade|def|1\n|-unboost|p1a: Gallade|spd|1\n|\n|upkeep\n|turn|34\n|\n|t:|1661692718\n|switch|p1a: Goodra|Goodra, M|11\/100\n|-activate|p1a: Goodra|move: Sticky Web\n|-unboost|p1a: Goodra|spe|1\n|move|p2a: Celesteela|Rest|p2a: Celesteela\n|-status|p2a: Celesteela|slp|[from] move: Rest\n|-heal|p2a: Celesteela|100\/100 slp|[silent]\n|-enditem|p2a: Celesteela|Chesto Berry|[eat]\n|-curestatus|p2a: Celesteela|slp|[msg]\n|\n|upkeep\n|turn|35\n|\n|t:|1661692724\n|move|p2a: Celesteela|Acrobatics|p1a: Goodra\n|-damage|p1a: Goodra|0 fnt\n|faint|p1a: Goodra\n|-ability|p2a: Celesteela|Beast Boost|boost\n|-boost|p2a: Celesteela|def|1\n|\n|upkeep\n|\n|t:|1661692727\n|switch|p1a: Regieleki|Regieleki|13\/100\n|turn|36\n|\n|t:|1661692736\n|switch|p2a: Incineroar|Incineroar, F|58\/100\n|-ability|p2a: Incineroar|Intimidate|boost\n|-unboost|p1a: Regieleki|atk|1\n|move|p1a: Regieleki|Volt Switch|p2a: Incineroar\n|-damage|p2a: Incineroar|8\/100\n|\n|t:|1661692744\n|switch|p1a: Gallade|Gallade-Mega, M|76\/100|[from]move: Volt Switch\n|-activate|p1a: Gallade|move: Sticky Web\n|-unboost|p1a: Gallade|spe|1\n|\n|upkeep\n|turn|37\n|\n|t:|1661692748\n|move|p1a: Gallade|Close Combat|p2a: Incineroar\n|-supereffective|p2a: Incineroar\n|-damage|p2a: Incineroar|0 fnt\n|-unboost|p1a: Gallade|def|1\n|-unboost|p1a: Gallade|spd|1\n|faint|p2a: Incineroar\n|\n|upkeep\n|\n|t:|1661692750\n|switch|p2a: Celesteela|Celesteela|100\/100\n|-damage|p2a: Celesteela|88\/100|[from] Stealth Rock\n|turn|38\n|\n|t:|1661692753\n|switch|p1a: Palpitoad|Palpitoad, M|23\/100 slp\n|-activate|p1a: Palpitoad|move: Sticky Web\n|-unboost|p1a: Palpitoad|spe|1\n|move|p2a: Celesteela|Acrobatics|p1a: Palpitoad\n|-damage|p1a: Palpitoad|0 fnt\n|faint|p1a: Palpitoad\n|-ability|p2a: Celesteela|Beast Boost|boost\n|-boost|p2a: Celesteela|def|1\n|\n|upkeep\n|\n|t:|1661692756\n|switch|p1a: Regieleki|Regieleki|13\/100\n|turn|39\n|\n|t:|1661692772\n|move|p2a: Celesteela|Protect|p2a: Celesteela\n|-singleturn|p2a: Celesteela|Protect\n|move|p1a: Regieleki|Thunderbolt|p2a: Celesteela\n|-activate|p2a: Celesteela|move: Protect\n|\n|upkeep\n|turn|40\n|\n|t:|1661692805\n|move|p1a: Regieleki|Thunderbolt|p2a: Celesteela\n|-supereffective|p2a: Celesteela\n|-damage|p2a: Celesteela|0 fnt\n|faint|p2a: Celesteela\n|\n|upkeep\n|\n|t:|1661692807\n|switch|p2a: Cryogonal|Cryogonal|50\/100\n|turn|41\n|\n|t:|1661692811\n|move|p1a: Regieleki|Volt Switch|p2a: Cryogonal\n|-damage|p2a: Cryogonal|21\/100\n|\n|t:|1661692814\n|switch|p1a: Gallade|Gallade-Mega, M|76\/100|[from]move: Volt Switch\n|-activate|p1a: Gallade|move: Sticky Web\n|-unboost|p1a: Gallade|spe|1\n|move|p2a: Cryogonal|Freeze-Dry|p1a: Gallade\n|-damage|p1a: Gallade|53\/100\n|\n|upkeep\n|turn|42\n|\n|t:|1661692816\n|move|p2a: Cryogonal|Recover|p2a: Cryogonal\n|-heal|p2a: Cryogonal|71\/100\n|move|p1a: Gallade|Close Combat|p2a: Cryogonal\n|-supereffective|p2a: Cryogonal\n|-damage|p2a: Cryogonal|0 fnt\n|-unboost|p1a: Gallade|def|1\n|-unboost|p1a: Gallade|spd|1\n|faint|p2a: Cryogonal\n|\n|win|Elon Musk Rusk\n","uploadtime":1661692817,"views":21,"p1id":"elonmuskrusk","p2id":"teselectachor","formatid":"gen8nationaldexdraft","rating":0,"private":0,"password":null}