{"id":"sports-gen8nationaldexdraft-368025","p1":"Wellington Ho-oh","p2":"DjezzeMwoan","format":"gen8nationaldexdraft","log":"|j|\u2606Wellington Ho-oh\n|j|\u2606DjezzeMwoan\n|t:|1616011193\n|player|p1|Wellington Ho-oh|102|\n|player|p2|DjezzeMwoan|52|\n|teamsize|p1|6\n|teamsize|p2|6\n|gametype|singles\n|gen|8\n|tier|[Gen 8] National Dex Draft\n|rule|Sleep Clause Mod: Limit one foe put to sleep\n|rule|OHKO Clause: OHKO moves are banned\n|rule|Evasion Moves Clause: Evasion moves are banned\n|rule|Endless Battle Clause: Forcing endless battles is banned\n|rule|HP Percentage Mod: HP is shown in percentages\n|clearpoke\n|poke|p1|Barraskewda, F|\n|poke|p1|Talonflame, F|\n|poke|p1|Genesect|\n|poke|p1|Muk-Alola, F|\n|poke|p1|Porygon2|\n|poke|p1|Calyrex-Ice|\n|poke|p2|Scizor, M|\n|poke|p2|Ho-Oh|\n|poke|p2|Regirock|\n|poke|p2|Zygarde|\n|poke|p2|Dusclops, M|\n|poke|p2|Rotom-Frost|\n|rule|Dynamax Clause: You cannot dynamax\n|teampreview\n|html|<button name=\"send\" class=\"button\" value=\"\/timer ds\"><i class=\"fa fa-hourglass-start\"><\/i> DS Timer<\/button> <button name=\"send\" class=\"button\" value=\"\/timer smogon\"><i class=\"fa fa-hourglass-start\"><\/i> Smogon Timer<\/button>\n|c|\u2606DjezzeMwoan|glhf\n|\n|t:|1616011207\n|start\n|switch|p1a: Booty munch|Barraskewda, F|100\/100\n|switch|p2a: Boor Beuker|Scizor, M|100\/100\n|turn|1\n|\n|t:|1616011226\n|detailschange|p2a: Boor Beuker|Scizor-Mega, M\n|-mega|p2a: Boor Beuker|Scizor|Scizorite\n|move|p1a: Booty munch|Flip Turn|p2a: Boor Beuker\n|-damage|p2a: Boor Beuker|73\/100\n|\n|t:|1616011247\n|switch|p1a: Speckles|Talonflame, F|100\/100|[from]move: Flip Turn\n|move|p2a: Boor Beuker|U-turn|p1a: Speckles\n|-resisted|p1a: Speckles\n|-damage|p1a: Speckles|92\/100\n|-status|p2a: Boor Beuker|brn|[from] ability: Flame Body|[of] p1a: Speckles\n|c|\u2606Wellington Ho-oh|oof\n|\n|t:|1616011264\n|switch|p2a: De Berg|Regirock|100\/100|[from]move: U-turn\n|\n|upkeep\n|turn|2\n|\n|t:|1616011309\n|switch|p1a: Skittles|Muk-Alola, F|100\/100\n|move|p2a: De Berg|Iron Defense|p2a: De Berg\n|-boost|p2a: De Berg|def|2\n|\n|upkeep\n|turn|3\n|\n|t:|1616011328\n|move|p1a: Skittles|Toxic|p2a: De Berg\n|-status|p2a: De Berg|tox\n|move|p2a: De Berg|Iron Defense|p2a: De Berg\n|-boost|p2a: De Berg|def|2\n|\n|-damage|p2a: De Berg|94\/100 tox|[from] psn\n|upkeep\n|turn|4\n|\n|t:|1616011341\n|move|p1a: Skittles|Knock Off|p2a: De Berg\n|-damage|p2a: De Berg|90\/100 tox\n|-enditem|p2a: De Berg|Leftovers|[from] move: Knock Off|[of] p1a: Skittles\n|move|p2a: De Berg|Body Press|p1a: Skittles\n|-damage|p1a: Skittles|0 fnt\n|faint|p1a: Skittles\n|\n|-damage|p2a: De Berg|77\/100 tox|[from] psn\n|upkeep\n|\n|t:|1616011354\n|switch|p1a: BugBug!|Genesect|100\/100\n|-ability|p1a: BugBug!|Download|boost\n|-boost|p1a: BugBug!|spa|1\n|turn|5\n|\n|t:|1616011386\n|move|p1a: BugBug!|Thunderbolt|p2a: De Berg\n|-damage|p2a: De Berg|32\/100 tox\n|move|p2a: De Berg|Body Press|p1a: BugBug!\n|-damage|p1a: BugBug!|0 fnt\n|faint|p1a: BugBug!\n|\n|-damage|p2a: De Berg|14\/100 tox|[from] psn\n|upkeep\n|\n|t:|1616011393\n|switch|p1a: Booty munch|Barraskewda, F|100\/100\n|turn|6\n|c|\u2606Wellington Ho-oh|I'm coming for dat rock ass\n|\n|t:|1616011431\n|switch|p2a: Flop de Clops en|Dusclops, M|100\/100\n|-ability|p2a: Flop de Clops en|Pressure\n|move|p1a: Booty munch|Liquidation|p2a: Flop de Clops en\n|-damage|p2a: Flop de Clops en|69\/100\n|\n|upkeep\n|turn|7\n|c|\u2606DjezzeMwoan|u\n|\n|t:|1616011512\n|switch|p1a: Speckles|Talonflame, F|92\/100\n|move|p2a: Flop de Clops en|Pain Split|p1a: Speckles\n|-sethp|p1a: Speckles|73\/100|[from] move: Pain Split|[silent]\n|-sethp|p2a: Flop de Clops en|93\/100|[from] move: Pain Split\n|\n|upkeep\n|turn|8\n|c|\u2606DjezzeMwoan|no u\n|c|\u2606Wellington Ho-oh|eek\n|\n|t:|1616011537\n|switch|p2a: Tri Feniks|Ho-Oh|100\/100\n|move|p1a: Speckles|Will-O-Wisp|p2a: Tri Feniks\n|-immune|p2a: Tri Feniks\n|\n|upkeep\n|turn|9\n|\n|t:|1616011563\n|move|p1a: Speckles|Hurricane|p2a: Tri Feniks\n|-damage|p2a: Tri Feniks|86\/100\n|-start|p2a: Tri Feniks|confusion\n|-activate|p2a: Tri Feniks|confusion\n|-damage|p2a: Tri Feniks|77\/100|[from] confusion\n|\n|upkeep\n|turn|10\n|c|\u2606DjezzeMwoan|tf\n|\n|t:|1616011594\n|switch|p1a: Booty munch|Barraskewda, F|100\/100\n|-activate|p2a: Tri Feniks|confusion\n|move|p2a: Tri Feniks|Toxic|p1a: Booty munch\n|-status|p1a: Booty munch|tox\n|\n|-damage|p1a: Booty munch|95\/100 tox|[from] psn\n|upkeep\n|turn|11\n|c|\u2606Wellington Ho-oh|SPECKLES\n|\n|t:|1616011618\n|switch|p2a: Flop de Clops en|Dusclops, M|93\/100\n|-ability|p2a: Flop de Clops en|Pressure\n|move|p1a: Booty munch|Flip Turn|p2a: Flop de Clops en\n|-damage|p2a: Flop de Clops en|68\/100\n|\n|t:|1616011629\n|switch|p1a: Speckles|Talonflame, F|73\/100|[from]move: Flip Turn\n|\n|upkeep\n|turn|12\n|\n|t:|1616011689\n|move|p1a: Speckles|Will-O-Wisp|p2a: Flop de Clops en\n|-status|p2a: Flop de Clops en|brn\n|move|p2a: Flop de Clops en|Pain Split|p1a: Speckles\n|-sethp|p1a: Speckles|64\/100|[from] move: Pain Split|[silent]\n|-sethp|p2a: Flop de Clops en|80\/100 brn|[from] move: Pain Split\n|\n|-damage|p2a: Flop de Clops en|74\/100 brn|[from] brn\n|upkeep\n|turn|13\n|\n|t:|1616011697\n|switch|p2a: Tri Feniks|Ho-Oh|100\/100\n|move|p1a: Speckles|Roost|p1a: Speckles\n|-heal|p1a: Speckles|100\/100\n|-singleturn|p1a: Speckles|move: Roost\n|\n|upkeep\n|turn|14\n|\n|t:|1616011712\n|switch|p1a: Booty munch|Barraskewda, F|95\/100 tox\n|move|p2a: Tri Feniks|Brave Bird|p1a: Booty munch\n|-damage|p1a: Booty munch|14\/100 tox\n|-damage|p2a: Tri Feniks|80\/100|[from] Recoil\n|\n|-damage|p1a: Booty munch|8\/100 tox|[from] psn\n|upkeep\n|turn|15\n|c|\u2606Wellington Ho-oh|fuck\n|\n|t:|1616011724\n|switch|p2a: Driehoek Z|Zygarde|100\/100\n|-ability|p2a: Driehoek Z|Aura Break\n|move|p1a: Booty munch|Flip Turn|p2a: Driehoek Z\n|-damage|p2a: Driehoek Z|75\/100\n|\n|t:|1616011726\n|switch|p1a: Watch me Neigh Nae|Calyrex-Ice|100\/100|[from]move: Flip Turn\n|-ability|p1a: Watch me Neigh Nae|As One\n|-ability|p1a: Watch me Neigh Nae|Unnerve|p2: DjezzeMwoan\n|\n|-heal|p2a: Driehoek Z|82\/100|[from] item: Leftovers\n|upkeep\n|turn|16\n|\n|t:|1616011732\n|switch|p2a: Boor Beuker|Scizor-Mega, M|73\/100 brn\n|move|p1a: Watch me Neigh Nae|Glacial Lance|p2a: Boor Beuker\n|-resisted|p2a: Boor Beuker\n|-damage|p2a: Boor Beuker|46\/100 brn\n|\n|-damage|p2a: Boor Beuker|40\/100 brn|[from] brn\n|upkeep\n|turn|17\n|\n|t:|1616011743\n|move|p2a: Boor Beuker|Roost|p2a: Boor Beuker\n|-heal|p2a: Boor Beuker|90\/100 brn\n|-singleturn|p2a: Boor Beuker|move: Roost\n|move|p1a: Watch me Neigh Nae|Baton Pass|p1a: Watch me Neigh Nae\n|\n|t:|1616011745\n|switch|p1a: Speckles|Talonflame, F|100\/100|[from]move: Baton Pass\n|\n|-damage|p2a: Boor Beuker|84\/100 brn|[from] brn\n|upkeep\n|turn|18\n|c|\u2606DjezzeMwoan|maak je klaar voor de boor beuker\n|\n|t:|1616011762\n|switch|p1a: Booty munch|Barraskewda, F|8\/100 tox\n|switch|p2a: Tri Feniks|Ho-Oh|100\/100\n|\n|-damage|p1a: Booty munch|2\/100 tox|[from] psn\n|upkeep\n|turn|19\n|\n|t:|1616011767\n|switch|p2a: Driehoek Z|Zygarde|82\/100\n|-ability|p2a: Driehoek Z|Aura Break\n|move|p1a: Booty munch|Liquidation|p2a: Driehoek Z\n|-damage|p2a: Driehoek Z|46\/100\n|\n|-heal|p2a: Driehoek Z|52\/100|[from] item: Leftovers\n|-damage|p1a: Booty munch|0 fnt|[from] psn\n|faint|p1a: Booty munch\n|upkeep\n|\n|t:|1616011786\n|switch|p1a: Watch me Neigh Nae|Calyrex-Ice|100\/100\n|-ability|p1a: Watch me Neigh Nae|As One\n|-ability|p1a: Watch me Neigh Nae|Unnerve|p2: DjezzeMwoan\n|turn|20\n|\n|t:|1616011795\n|move|p2a: Driehoek Z|Protect|p2a: Driehoek Z\n|-singleturn|p2a: Driehoek Z|Protect\n|move|p1a: Watch me Neigh Nae|Baton Pass|p1a: Watch me Neigh Nae\n|\n|t:|1616011798\n|switch|p1a: QuackSquared|Porygon2|100\/100|[from]move: Baton Pass\n|\n|-heal|p2a: Driehoek Z|58\/100|[from] item: Leftovers\n|upkeep\n|turn|21\n|\n|t:|1616011806\n|switch|p2a: Boor Beuker|Scizor-Mega, M|84\/100 brn\n|move|p1a: QuackSquared|Curse|p1a: QuackSquared\n|-unboost|p1a: QuackSquared|spe|1\n|-boost|p1a: QuackSquared|atk|1\n|-boost|p1a: QuackSquared|def|1\n|\n|-damage|p2a: Boor Beuker|78\/100 brn|[from] brn\n|upkeep\n|turn|22\n|\n|t:|1616011813\n|move|p2a: Boor Beuker|U-turn|p1a: QuackSquared\n|-damage|p1a: QuackSquared|93\/100\n|\n|t:|1616011815\n|switch|p2a: Tri Feniks|Ho-Oh|100\/100|[from]move: U-turn\n|move|p1a: QuackSquared|Curse|p1a: QuackSquared\n|-unboost|p1a: QuackSquared|spe|1\n|-boost|p1a: QuackSquared|atk|1\n|-boost|p1a: QuackSquared|def|1\n|\n|upkeep\n|turn|23\n|\n|t:|1616011820\n|move|p1a: QuackSquared|Protect|p1a: QuackSquared\n|-singleturn|p1a: QuackSquared|Protect\n|move|p2a: Tri Feniks|Toxic|p1a: QuackSquared\n|-activate|p1a: QuackSquared|move: Protect\n|\n|upkeep\n|turn|24\n|c|\u2606DjezzeMwoan|what is this\n|\n|t:|1616011827\n|move|p2a: Tri Feniks|Toxic|p1a: QuackSquared\n|-status|p1a: QuackSquared|tox\n|move|p1a: QuackSquared|Recover|p1a: QuackSquared\n|-heal|p1a: QuackSquared|100\/100 tox\n|\n|-damage|p1a: QuackSquared|94\/100 tox|[from] psn\n|upkeep\n|turn|25\n|c|\u2606Wellington Ho-oh|nothing\n|\n|t:|1616011831\n|move|p2a: Tri Feniks|Flamethrower|p1a: QuackSquared\n|-damage|p1a: QuackSquared|73\/100 tox\n|move|p1a: QuackSquared|Last Resort|p2a: Tri Feniks\n|-damage|p2a: Tri Feniks|0 fnt\n|faint|p2a: Tri Feniks\n|\n|-damage|p1a: QuackSquared|61\/100 tox|[from] psn\n|upkeep\n|\n|t:|1616011837\n|switch|p2a: Flop de Clops en|Dusclops, M|74\/100 brn\n|-ability|p2a: Flop de Clops en|Pressure\n|turn|26\n|\n|t:|1616011843\n|switch|p1a: Speckles|Talonflame, F|100\/100\n|move|p2a: Flop de Clops en|Poltergeist|p1a: Speckles\n|-activate|p1a: Speckles|move: Poltergeist|Heavy-Duty Boots\n|-damage|p1a: Speckles|87\/100\n|\n|-damage|p2a: Flop de Clops en|68\/100 brn|[from] brn\n|upkeep\n|turn|27\n|c|\u2606Wellington Ho-oh|duck got a kill I'm happy\n|\n|t:|1616011857\n|switch|p2a: Driehoek Z|Zygarde|58\/100\n|-ability|p2a: Driehoek Z|Aura Break\n|move|p1a: Speckles|Hurricane|p2a: Driehoek Z\n|-damage|p2a: Driehoek Z|28\/100\n|\n|-heal|p2a: Driehoek Z|34\/100|[from] item: Leftovers\n|upkeep\n|turn|28\n|\n|t:|1616011861\n|switch|p1a: Watch me Neigh Nae|Calyrex-Ice|100\/100\n|-ability|p1a: Watch me Neigh Nae|As One\n|-ability|p1a: Watch me Neigh Nae|Unnerve|p2: DjezzeMwoan\n|move|p2a: Driehoek Z|Toxic|p1a: Watch me Neigh Nae\n|-status|p1a: Watch me Neigh Nae|tox\n|\n|-heal|p2a: Driehoek Z|40\/100|[from] item: Leftovers\n|-damage|p1a: Watch me Neigh Nae|94\/100 tox|[from] psn\n|upkeep\n|turn|29\n|\n|t:|1616011871\n|switch|p2a: Boor Beuker|Scizor-Mega, M|78\/100 brn\n|move|p1a: Watch me Neigh Nae|Glacial Lance|p2a: Boor Beuker\n|-resisted|p2a: Boor Beuker\n|-damage|p2a: Boor Beuker|51\/100 brn\n|\n|-damage|p2a: Boor Beuker|45\/100 brn|[from] brn\n|-damage|p1a: Watch me Neigh Nae|82\/100 tox|[from] psn\n|upkeep\n|turn|30\n|\n|t:|1616011874\n|switch|p1a: Speckles|Talonflame, F|87\/100\n|move|p2a: Boor Beuker|Roost|p2a: Boor Beuker\n|-heal|p2a: Boor Beuker|95\/100 brn\n|-singleturn|p2a: Boor Beuker|move: Roost\n|\n|-damage|p2a: Boor Beuker|89\/100 brn|[from] brn\n|upkeep\n|turn|31\n|\n|t:|1616011879\n|switch|p2a: EeuwigeSneeuwstorm|Rotom-Frost|100\/100\n|move|p1a: Speckles|Flamethrower|p2a: EeuwigeSneeuwstorm\n|-supereffective|p2a: EeuwigeSneeuwstorm\n|-damage|p2a: EeuwigeSneeuwstorm|45\/100\n|\n|-heal|p2a: EeuwigeSneeuwstorm|51\/100|[from] item: Leftovers\n|upkeep\n|turn|32\n|\n|t:|1616011892\n|move|p1a: Speckles|Flamethrower|p2a: EeuwigeSneeuwstorm\n|-supereffective|p2a: EeuwigeSneeuwstorm\n|-damage|p2a: EeuwigeSneeuwstorm|0 fnt\n|faint|p2a: EeuwigeSneeuwstorm\n|\n|upkeep\n|\n|t:|1616011902\n|switch|p2a: De Berg|Regirock|14\/100 tox\n|turn|33\n|\n|t:|1616011907\n|move|p1a: Speckles|Hurricane|p2a: De Berg\n|-resisted|p2a: De Berg\n|-damage|p2a: De Berg|2\/100 tox\n|-start|p2a: De Berg|confusion\n|-activate|p2a: De Berg|confusion\n|move|p2a: De Berg|Rest|p2a: De Berg\n|-status|p2a: De Berg|slp|[from] move: Rest\n|-heal|p2a: De Berg|100\/100 slp|[silent]\n|\n|upkeep\n|turn|34\n|c|\u2606DjezzeMwoan|bro\n|c|\u2606DjezzeMwoan|jack de carry\n|c|\u2606Wellington Ho-oh|well that's gg\n|c|\u2606DjezzeMwoan|de muur zou hier dood gaan\n|\n|t:|1616011926\n|switch|p1a: Watch me Neigh Nae|Calyrex-Ice|82\/100 tox\n|-ability|p1a: Watch me Neigh Nae|As One\n|-ability|p1a: Watch me Neigh Nae|Unnerve|p2: DjezzeMwoan\n|cant|p2a: De Berg|slp\n|-activate|p2a: De Berg|confusion\n|-damage|p2a: De Berg|97\/100 slp|[from] confusion\n|\n|-damage|p1a: Watch me Neigh Nae|76\/100 tox|[from] psn\n|upkeep\n|turn|35\n|c|\u2606DjezzeMwoan|maar de berg niet\n|\n|t:|1616011932\n|switch|p2a: Boor Beuker|Scizor-Mega, M|89\/100 brn\n|move|p1a: Watch me Neigh Nae|Reflect|p1a: Watch me Neigh Nae\n|-sidestart|p1: Wellington Ho-oh|Reflect\n|\n|-damage|p2a: Boor Beuker|83\/100 brn|[from] brn\n|-damage|p1a: Watch me Neigh Nae|63\/100 tox|[from] psn\n|upkeep\n|turn|36\n|c|\u2606DjezzeMwoan|ye ggs\n|\n|t:|1616011937\n|move|p2a: Boor Beuker|Bug Bite|p1a: Watch me Neigh Nae\n|-supereffective|p1a: Watch me Neigh Nae\n|-damage|p1a: Watch me Neigh Nae|49\/100 tox\n|move|p1a: Watch me Neigh Nae|Baton Pass|p1a: Watch me Neigh Nae\n|\n|t:|1616011941\n|switch|p1a: Speckles|Talonflame, F|87\/100|[from]move: Baton Pass\n|\n|-damage|p2a: Boor Beuker|77\/100 brn|[from] brn\n|upkeep\n|turn|37\n|c|\u2606DjezzeMwoan|nice 14% lfmao\n|\n|t:|1616011946\n|switch|p1a: QuackSquared|Porygon2|61\/100 tox\n|switch|p2a: De Berg|Regirock|97\/100 slp\n|\n|-damage|p1a: QuackSquared|55\/100 tox|[from] psn\n|upkeep\n|turn|38\n|\n|t:|1616011949\n|switch|p2a: Flop de Clops en|Dusclops, M|68\/100 brn\n|-ability|p2a: Flop de Clops en|Pressure\n|move|p1a: QuackSquared|Recover|p1a: QuackSquared\n|-heal|p1a: QuackSquared|100\/100 tox\n|\n|-damage|p1a: QuackSquared|88\/100 tox|[from] psn\n|-damage|p2a: Flop de Clops en|62\/100 brn|[from] brn\n|upkeep\n|turn|39\n|\n|t:|1616011952\n|switch|p1a: Speckles|Talonflame, F|87\/100\n|move|p2a: Flop de Clops en|Pain Split|p1a: Speckles\n|-sethp|p1a: Speckles|68\/100|[from] move: Pain Split|[silent]\n|-sethp|p2a: Flop de Clops en|86\/100 brn|[from] move: Pain Split\n|\n|-damage|p2a: Flop de Clops en|80\/100 brn|[from] brn\n|upkeep\n|turn|40\n|\n|t:|1616011960\n|switch|p2a: De Berg|Regirock|97\/100 slp\n|move|p1a: Speckles|Flamethrower|p2a: De Berg\n|-resisted|p2a: De Berg\n|-damage|p2a: De Berg|88\/100 slp\n|\n|upkeep\n|turn|41\n|\n|t:|1616011965\n|switch|p1a: Watch me Neigh Nae|Calyrex-Ice|49\/100 tox\n|-ability|p1a: Watch me Neigh Nae|As One\n|-ability|p1a: Watch me Neigh Nae|Unnerve|p2: DjezzeMwoan\n|cant|p2a: De Berg|slp\n|move|p2a: De Berg|Sleep Talk|p2a: De Berg\n|move|p2a: De Berg|Body Press|p1a: Watch me Neigh Nae|[from]move: Sleep Talk\n|-damage|p1a: Watch me Neigh Nae|38\/100 tox\n|\n|-damage|p1a: Watch me Neigh Nae|32\/100 tox|[from] psn\n|upkeep\n|turn|42\n|\n|t:|1616011974\n|switch|p2a: Boor Beuker|Scizor-Mega, M|77\/100 brn\n|move|p1a: Watch me Neigh Nae|Baton Pass|p1a: Watch me Neigh Nae\n|\n|t:|1616011976\n|switch|p1a: Speckles|Talonflame, F|68\/100|[from]move: Baton Pass\n|\n|-damage|p2a: Boor Beuker|70\/100 brn|[from] brn\n|-sideend|p1: Wellington Ho-oh|Reflect\n|upkeep\n|turn|43\n|\n|t:|1616011982\n|switch|p2a: De Berg|Regirock|88\/100 slp\n|move|p1a: Speckles|Flamethrower|p2a: De Berg\n|-resisted|p2a: De Berg\n|-damage|p2a: De Berg|79\/100 slp\n|\n|upkeep\n|turn|44\n|c|\u2606Wellington Ho-oh|you let talonflame kill scizor and I'll suicide into regirock\n|c|\u2606Wellington Ho-oh|deal?\n|\n|t:|1616012022\n|move|p1a: Speckles|Roost|p1a: Speckles\n|-heal|p1a: Speckles|100\/100\n|-singleturn|p1a: Speckles|move: Roost\n|-curestatus|p2a: De Berg|slp|[msg]\n|move|p2a: De Berg|Sleep Talk||[still]\n|-fail|p2a: De Berg\n|\n|upkeep\n|turn|45\n|c|\u2606DjezzeMwoan|nah ill take the diff\n|\n|t:|1616012029\n|move|p1a: Speckles|Will-O-Wisp|p2a: De Berg|[miss]\n|-miss|p1a: Speckles|p2a: De Berg\n|move|p2a: De Berg|Iron Defense|p2a: De Berg\n|-boost|p2a: De Berg|def|2\n|\n|upkeep\n|turn|46\n|c|\u2606DjezzeMwoan|this is the popplio classic\n|\n|t:|1616012036\n|move|p1a: Speckles|Will-O-Wisp|p2a: De Berg\n|-status|p2a: De Berg|brn\n|move|p2a: De Berg|Iron Defense|p2a: De Berg\n|-boost|p2a: De Berg|def|2\n|\n|-damage|p2a: De Berg|73\/100 brn|[from] brn\n|upkeep\n|turn|47\n|c|\u2606Wellington Ho-oh|wait yea you don't have a rock move\n|c|\u2606Wellington Ho-oh|talonflame is gonna sit here for days\n|c|\u2606DjezzeMwoan|dont need one lol\n|c|\u2606DjezzeMwoan|bro\n|c|\u2606DjezzeMwoan|u sure\n|\n|t:|1616012054\n|switch|p1a: Watch me Neigh Nae|Calyrex-Ice|32\/100 tox\n|-ability|p1a: Watch me Neigh Nae|As One\n|-ability|p1a: Watch me Neigh Nae|Unnerve|p2: DjezzeMwoan\n|move|p2a: De Berg|Iron Defense|p2a: De Berg\n|-boost|p2a: De Berg|def|2\n|\n|-damage|p2a: De Berg|67\/100 brn|[from] brn\n|-damage|p1a: Watch me Neigh Nae|26\/100 tox|[from] psn\n|upkeep\n|turn|48\n|\n|t:|1616012060\n|switch|p2a: Boor Beuker|Scizor-Mega, M|70\/100 brn\n|move|p1a: Watch me Neigh Nae|Reflect|p1a: Watch me Neigh Nae\n|-sidestart|p1: Wellington Ho-oh|Reflect\n|\n|-damage|p2a: Boor Beuker|64\/100 brn|[from] brn\n|-damage|p1a: Watch me Neigh Nae|13\/100 tox|[from] psn\n|upkeep\n|turn|49\n|\n|t:|1616012064\n|move|p2a: Boor Beuker|U-turn|p1a: Watch me Neigh Nae\n|-supereffective|p1a: Watch me Neigh Nae\n|-damage|p1a: Watch me Neigh Nae|3\/100 tox\n|\n|t:|1616012067\n|switch|p2a: Flop de Clops en|Dusclops, M|80\/100 brn|[from]move: U-turn\n|-ability|p2a: Flop de Clops en|Pressure\n|move|p1a: Watch me Neigh Nae|Baton Pass|p1a: Watch me Neigh Nae\n|\n|t:|1616012070\n|switch|p1a: Speckles|Talonflame, F|100\/100|[from]move: Baton Pass\n|\n|-damage|p2a: Flop de Clops en|74\/100 brn|[from] brn\n|upkeep\n|turn|50\n|\n|t:|1616012075\n|switch|p2a: De Berg|Regirock|67\/100 brn\n|move|p1a: Speckles|Hurricane|p2a: De Berg\n|-resisted|p2a: De Berg\n|-damage|p2a: De Berg|57\/100 brn\n|-start|p2a: De Berg|confusion\n|\n|-damage|p2a: De Berg|50\/100 brn|[from] brn\n|upkeep\n|turn|51\n|\n|t:|1616012079\n|move|p1a: Speckles|Hurricane|p2a: De Berg|[miss]\n|-miss|p1a: Speckles|p2a: De Berg\n|-activate|p2a: De Berg|confusion\n|move|p2a: De Berg|Rest|p2a: De Berg\n|-status|p2a: De Berg|slp|[from] move: Rest\n|-heal|p2a: De Berg|100\/100 slp|[silent]\n|\n|upkeep\n|turn|52\n|\n|t:|1616012085\n|move|p1a: Speckles|Hurricane|p2a: De Berg\n|-resisted|p2a: De Berg\n|-damage|p2a: De Berg|90\/100 slp\n|cant|p2a: De Berg|slp\n|-activate|p2a: De Berg|confusion\n|move|p2a: De Berg|Sleep Talk|p2a: De Berg\n|move|p2a: De Berg|Body Press|p1a: Speckles|[from]move: Sleep Talk\n|-resisted|p1a: Speckles\n|-damage|p1a: Speckles|92\/100\n|\n|upkeep\n|turn|53\n|\n|t:|1616012091\n|move|p1a: Speckles|Flamethrower|p2a: De Berg\n|-resisted|p2a: De Berg\n|-damage|p2a: De Berg|80\/100 slp\n|cant|p2a: De Berg|slp\n|-activate|p2a: De Berg|confusion\n|move|p2a: De Berg|Sleep Talk|p2a: De Berg\n|move|p2a: De Berg|Iron Defense|p2a: De Berg|[from]move: Sleep Talk\n|-boost|p2a: De Berg|def|2\n|\n|upkeep\n|turn|54\n|\n|t:|1616012094\n|move|p1a: Speckles|Flamethrower|p2a: De Berg\n|-resisted|p2a: De Berg\n|-damage|p2a: De Berg|72\/100 slp\n|-curestatus|p2a: De Berg|slp|[msg]\n|-activate|p2a: De Berg|confusion\n|move|p2a: De Berg|Sleep Talk||[still]\n|-fail|p2a: De Berg\n|\n|upkeep\n|turn|55\n|\n|t:|1616012107\n|switch|p1a: QuackSquared|Porygon2|88\/100 tox\n|-end|p2a: De Berg|confusion\n|move|p2a: De Berg|Iron Defense|p2a: De Berg\n|-boost|p2a: De Berg|def|2\n|\n|-damage|p1a: QuackSquared|82\/100 tox|[from] psn\n|-sideend|p1: Wellington Ho-oh|Reflect\n|upkeep\n|turn|56\n|\n|t:|1616012113\n|move|p2a: De Berg|Iron Defense|p2a: De Berg\n|-boost|p2a: De Berg|def|2\n|move|p1a: QuackSquared|Curse|p1a: QuackSquared\n|-unboost|p1a: QuackSquared|spe|1\n|-boost|p1a: QuackSquared|atk|1\n|-boost|p1a: QuackSquared|def|1\n|\n|-damage|p1a: QuackSquared|70\/100 tox|[from] psn\n|upkeep\n|turn|57\n|\n|t:|1616012118\n|move|p1a: QuackSquared|Protect|p1a: QuackSquared\n|-singleturn|p1a: QuackSquared|Protect\n|move|p2a: De Berg|Body Press|p1a: QuackSquared\n|-activate|p1a: QuackSquared|move: Protect\n|\n|-damage|p1a: QuackSquared|51\/100 tox|[from] psn\n|upkeep\n|turn|58\n|c|\u2606DjezzeMwoan|how do you think talonflame is gonna sit for days\n|\n|t:|1616012133\n|move|p2a: De Berg|Body Press|p1a: QuackSquared\n|-supereffective|p1a: QuackSquared\n|-damage|p1a: QuackSquared|0 fnt\n|faint|p1a: QuackSquared\n|\n|upkeep\n|\n|t:|1616012137\n|switch|p1a: Speckles|Talonflame, F|92\/100\n|turn|59\n|c|\u2606DjezzeMwoan|i have 2k def\n|c|\u2606DjezzeMwoan|lmfao\n|\n|t:|1616012140\n|move|p1a: Speckles|Will-O-Wisp|p2a: De Berg\n|-status|p2a: De Berg|brn\n|move|p2a: De Berg|Body Press|p1a: Speckles\n|-resisted|p1a: Speckles\n|-damage|p1a: Speckles|58\/100\n|\n|-damage|p2a: De Berg|66\/100 brn|[from] brn\n|upkeep\n|turn|60\n|\n|t:|1616012146\n|move|p1a: Speckles|Roost|p1a: Speckles\n|-heal|p1a: Speckles|100\/100\n|-singleturn|p1a: Speckles|move: Roost\n|move|p2a: De Berg|Body Press|p1a: Speckles\n|-damage|p1a: Speckles|28\/100\n|\n|-damage|p2a: De Berg|60\/100 brn|[from] brn\n|upkeep\n|turn|61\n|\n|t:|1616012151\n|move|p1a: Speckles|Roost|p1a: Speckles\n|-heal|p1a: Speckles|78\/100\n|-singleturn|p1a: Speckles|move: Roost\n|move|p2a: De Berg|Body Press|p1a: Speckles\n|-damage|p1a: Speckles|5\/100\n|\n|-damage|p2a: De Berg|54\/100 brn|[from] brn\n|upkeep\n|turn|62\n|c|\u2606DjezzeMwoan|what u gonna do roost and take 70 lol\n|\n|t:|1616012160\n|switch|p1a: Watch me Neigh Nae|Calyrex-Ice|3\/100 tox\n|-ability|p1a: Watch me Neigh Nae|As One\n|-ability|p1a: Watch me Neigh Nae|Unnerve|p2: DjezzeMwoan\n|move|p2a: De Berg|Body Press|p1a: Watch me Neigh Nae\n|-damage|p1a: Watch me Neigh Nae|0 fnt\n|faint|p1a: Watch me Neigh Nae\n|\n|-damage|p2a: De Berg|48\/100 brn|[from] brn\n|upkeep\n|\n|t:|1616012163\n|switch|p1a: Speckles|Talonflame, F|5\/100\n|turn|63\n|\n|t:|1616012169\n|move|p1a: Speckles|Hurricane|p2a: De Berg\n|-resisted|p2a: De Berg\n|-damage|p2a: De Berg|37\/100 brn\n|-start|p2a: De Berg|confusion\n|-activate|p2a: De Berg|confusion\n|move|p2a: De Berg|Body Press|p1a: Speckles\n|-resisted|p1a: Speckles\n|-damage|p1a: Speckles|0 fnt\n|faint|p1a: Speckles\n|\n|win|DjezzeMwoan\n|c|\u2606DjezzeMwoan|gg \n|c|\u2606DjezzeMwoan|wp\n|c|\u2606Wellington Ho-oh|SPECKLES I BELIEVE\n|c|\u2606DjezzeMwoan|nice duck set\n|c|\u2606Wellington Ho-oh|NOOOOOO\n|c|\u2606DjezzeMwoan|lol\n|c|\u2606DjezzeMwoan|close\n|c|\u2606DjezzeMwoan|can you do replay\n|c|\u2606Wellington Ho-oh|I hate this regi set so much\n","uploadtime":1616012188,"views":22,"p1id":"wellingtonhooh","p2id":"djezzemwoan","formatid":"gen8nationaldexdraft","rating":0,"private":0,"password":null}