{"id":"sports-gen8predlcnationaldlcdraft-105704","p1":"OTG Pesky","p2":"GeniusX","format":"gen8predlcnationaldlcdraft","log":"|j|\u2606OTG Pesky\n|j|\u2606GeniusX\n|player|p1|OTG Pesky|barry|\n|player|p2|GeniusX|geniusx.gif|\n|teamsize|p1|6\n|teamsize|p2|6\n|gametype|singles\n|gen|8\n|tier|[Gen 8] Pre-DLC National DLC Draft\n|rule|Sleep Clause Mod: Limit one foe put to sleep\n|rule|OHKO Clause: OHKO moves are banned\n|rule|Evasion Moves Clause: Evasion moves are banned\n|rule|Endless Battle Clause: Forcing endless battles is banned\n|rule|HP Percentage Mod: HP is shown in percentages\n|clearpoke\n|poke|p1|Tapu Lele|\n|poke|p1|Beedrill, M|\n|poke|p1|Tangela, M|\n|poke|p1|Cinderace, M|\n|poke|p1|Mamoswine, F|\n|poke|p1|Latias, F|\n|poke|p2|Zeraora|\n|poke|p2|Tornadus, M|\n|poke|p2|Registeel|\n|poke|p2|Victini|\n|poke|p2|Slowbro, F|\n|poke|p2|Tapu Bulu|\n|rule|Dynamax Clause: You cannot dynamax\n|teampreview\n|html|<button name=\"send\" class=\"button\" value=\"\/timer ds\"><i class=\"fa fa-hourglass-start\"><\/i> DS Timer<\/button> <button name=\"send\" class=\"button\" value=\"\/timer smogon\"><i class=\"fa fa-hourglass-start\"><\/i> Smogon Timer<\/button>\n|j|%Venoxio\n|c|\u2606GeniusX|hf\n|c|\u2606OTG Pesky|u2\n|\n|start\n|switch|p1a: Mamoswine|Mamoswine, F|100\/100\n|switch|p2a: Slowbro|Slowbro, F|100\/100\n|turn|1\n|\n|switch|p1a: Latias|Latias, F|100\/100\n|move|p2a: Slowbro|Scald|p1a: Latias\n|-resisted|p1a: Latias\n|-damage|p1a: Latias|91\/100\n|\n|-heal|p1a: Latias|97\/100|[from] item: Leftovers\n|upkeep\n|turn|2\n|\n|move|p1a: Latias|Shadow Ball|p2a: Slowbro\n|-supereffective|p2a: Slowbro\n|-damage|p2a: Slowbro|63\/100\n|-unboost|p2a: Slowbro|spd|1\n|move|p2a: Slowbro|Teleport|p2a: Slowbro\n|\n|switch|p2a: Registeel|Registeel|100\/100|[from]move: Teleport\n|\n|-heal|p1a: Latias|100\/100|[from] item: Leftovers\n|upkeep\n|turn|3\n|\n|switch|p1a: Cinderace|Cinderace, M|100\/100\n|move|p2a: Registeel|Toxic|p1a: Cinderace\n|-status|p1a: Cinderace|tox\n|\n|-damage|p1a: Cinderace|95\/100 tox|[from] psn\n|upkeep\n|turn|4\n|\n|move|p2a: Registeel|Protect|p2a: Registeel\n|-singleturn|p2a: Registeel|Protect\n|move|p1a: Cinderace|U-turn|p2a: Registeel\n|-activate|p2a: Registeel|move: Protect\n|\n|-damage|p1a: Cinderace|83\/100 tox|[from] psn\n|upkeep\n|turn|5\n|j| damonsterAWS\n|\n|move|p1a: Cinderace|U-turn|p2a: Registeel\n|-resisted|p2a: Registeel\n|-damage|p2a: Registeel|93\/100\n|\n|switch|p1a: Mamoswine|Mamoswine, F|100\/100|[from]move: U-turn\n|move|p2a: Registeel|Stealth Rock|p1a: Mamoswine\n|-sidestart|p1: OTG Pesky|move: Stealth Rock\n|\n|-heal|p2a: Registeel|99\/100|[from] item: Leftovers\n|upkeep\n|turn|6\n|\n|switch|p2a: Slowbro|Slowbro, F|96\/100\n|move|p1a: Mamoswine|Earthquake|p2a: Slowbro\n|-damage|p2a: Slowbro|64\/100\n|\n|upkeep\n|turn|7\n|\n|switch|p1a: Latias|Latias, F|100\/100\n|-damage|p1a: Latias|88\/100|[from] Stealth Rock\n|move|p2a: Slowbro|Scald|p1a: Latias\n|-resisted|p1a: Latias\n|-damage|p1a: Latias|80\/100\n|-status|p1a: Latias|brn\n|\n|-heal|p1a: Latias|86\/100 brn|[from] item: Leftovers\n|-damage|p1a: Latias|80\/100 brn|[from] brn\n|upkeep\n|turn|8\n|\n|move|p1a: Latias|Defog|p2a: Slowbro\n|-unboost|p2a: Slowbro|evasion|1\n|-sideend|p1: OTG Pesky|Stealth Rock|[from] move: Defog|[of] p1a: Latias\n|move|p2a: Slowbro|Teleport|p2a: Slowbro\n|\n|switch|p2a: Tapu Bulu|Tapu Bulu|100\/100|[from]move: Teleport\n|-fieldstart|move: Grassy Terrain|[from] ability: Grassy Surge|[of] p2a: Tapu Bulu\n|\n|-heal|p1a: Latias|86\/100 brn|[from] item: Leftovers\n|-damage|p1a: Latias|80\/100 brn|[from] brn\n|upkeep\n|turn|9\n|\n|switch|p1a: Tangela|Tangela, M|100\/100\n|move|p2a: Tapu Bulu|Swords Dance|p2a: Tapu Bulu\n|-boost|p2a: Tapu Bulu|atk|2\n|\n|upkeep\n|turn|10\n|\n|move|p2a: Tapu Bulu|Megahorn|p1a: Tangela|[miss]\n|-miss|p2a: Tapu Bulu|p1a: Tangela\n|move|p1a: Tangela|Sludge Bomb|p2a: Tapu Bulu\n|-supereffective|p2a: Tapu Bulu\n|-damage|p2a: Tapu Bulu|17\/100\n|\n|-heal|p2a: Tapu Bulu|24\/100|[from] Grassy Terrain\n|upkeep\n|turn|11\n|c|\u2606OTG Pesky|skilled game\n|\n|move|p2a: Tapu Bulu|Megahorn|p1a: Tangela\n|-supereffective|p1a: Tangela\n|-damage|p1a: Tangela|20\/100\n|move|p1a: Tangela|Sludge Bomb|p2a: Tapu Bulu\n|-supereffective|p2a: Tapu Bulu\n|-damage|p2a: Tapu Bulu|0 fnt\n|faint|p2a: Tapu Bulu\n|\n|-heal|p1a: Tangela|26\/100|[from] Grassy Terrain\n|upkeep\n|\n|switch|p2a: Tornadus|Tornadus, M|100\/100\n|turn|12\n|\n|switch|p1a: Latias|Latias, F|80\/100 brn\n|move|p2a: Tornadus|Knock Off|p1a: Latias\n|-supereffective|p1a: Latias\n|-damage|p1a: Latias|33\/100 brn\n|-enditem|p1a: Latias|Leftovers|[from] move: Knock Off|[of] p2a: Tornadus\n|\n|-fieldend|move: Grassy Terrain\n|-damage|p1a: Latias|27\/100 brn|[from] brn\n|upkeep\n|turn|13\n|\n|move|p2a: Tornadus|Hurricane|p1a: Latias|[miss]\n|-miss|p2a: Tornadus|p1a: Latias\n|move|p1a: Latias|Roost|p1a: Latias\n|-heal|p1a: Latias|77\/100 brn\n|-singleturn|p1a: Latias|move: Roost\n|\n|-damage|p1a: Latias|71\/100 brn|[from] brn\n|upkeep\n|turn|14\n|j| MMoxie\n|\n|switch|p2a: Registeel|Registeel|99\/100\n|move|p1a: Latias|Roost|p1a: Latias\n|-heal|p1a: Latias|100\/100 brn\n|-singleturn|p1a: Latias|move: Roost\n|\n|-heal|p2a: Registeel|100\/100|[from] item: Leftovers\n|-damage|p1a: Latias|94\/100 brn|[from] brn\n|upkeep\n|turn|15\n|\n|switch|p1a: Mamoswine|Mamoswine, F|100\/100\n|switch|p2a: Slowbro|Slowbro, F|97\/100\n|\n|upkeep\n|turn|16\n|\n|switch|p1a: Tangela|Tangela, M|59\/100\n|move|p2a: Slowbro|Teleport|p2a: Slowbro\n|\n|switch|p2a: Victini|Victini|100\/100|[from]move: Teleport\n|\n|upkeep\n|turn|17\n|\n|move|p2a: Victini|Work Up|p2a: Victini\n|-boost|p2a: Victini|atk|1\n|-boost|p2a: Victini|spa|1\n|move|p1a: Tangela|Knock Off|p2a: Victini\n|-supereffective|p2a: Victini\n|-damage|p2a: Victini|73\/100\n|-enditem|p2a: Victini|TR43|[from] move: Knock Off|[of] p1a: Tangela\n|\n|upkeep\n|turn|18\n|\n|switch|p1a: Latias|Latias, F|94\/100 brn\n|move|p2a: Victini|V-create|p1a: Latias\n|-resisted|p1a: Latias\n|-crit|p1a: Latias\n|-damage|p1a: Latias|16\/100 brn\n|-unboost|p2a: Victini|spe|1\n|-unboost|p2a: Victini|def|1\n|-unboost|p2a: Victini|spd|1\n|\n|-damage|p1a: Latias|10\/100 brn|[from] brn\n|upkeep\n|turn|19\n|j| Shadowblast\n|\n|switch|p2a: Tornadus|Tornadus, M|100\/100\n|move|p1a: Latias|Shadow Ball|p2a: Tornadus\n|-damage|p2a: Tornadus|79\/100\n|-unboost|p2a: Tornadus|spd|1\n|\n|-damage|p1a: Latias|4\/100 brn|[from] brn\n|upkeep\n|turn|20\n|\n|move|p2a: Tornadus|Knock Off|p1a: Latias\n|-supereffective|p1a: Latias\n|-damage|p1a: Latias|0 fnt\n|faint|p1a: Latias\n|\n|upkeep\n|\n|switch|p1a: Cinderace|Cinderace, M|83\/100 tox\n|turn|21\n|\n|switch|p2a: Slowbro|Slowbro, F|100\/100\n|move|p1a: Cinderace|U-turn|p2a: Slowbro\n|-supereffective|p2a: Slowbro\n|-damage|p2a: Slowbro|74\/100\n|\n|switch|p1a: Beedrill|Beedrill, M|100\/100|[from]move: U-turn\n|\n|upkeep\n|turn|22\n|\n|switch|p2a: Registeel|Registeel|100\/100\n|detailschange|p1a: Beedrill|Beedrill-Mega, M\n|-mega|p1a: Beedrill|Beedrill|Beedrillite\n|move|p1a: Beedrill|U-turn|p2a: Registeel\n|-resisted|p2a: Registeel\n|-damage|p2a: Registeel|81\/100\n|\n|switch|p1a: Cinderace|Cinderace, M|83\/100 tox|[from]move: U-turn\n|\n|-heal|p2a: Registeel|87\/100|[from] item: Leftovers\n|-damage|p1a: Cinderace|77\/100 tox|[from] psn\n|upkeep\n|turn|23\n|\n|move|p2a: Registeel|Protect|p2a: Registeel\n|-singleturn|p2a: Registeel|Protect\n|move|p1a: Cinderace|Pyro Ball|p2a: Registeel\n|-activate|p2a: Registeel|move: Protect\n|\n|-heal|p2a: Registeel|93\/100|[from] item: Leftovers\n|-damage|p1a: Cinderace|65\/100 tox|[from] psn\n|upkeep\n|turn|24\n|j|%BoomBoomBoo\n|\n|switch|p2a: Slowbro|Slowbro, F|100\/100\n|move|p1a: Cinderace|U-turn|p2a: Slowbro\n|-supereffective|p2a: Slowbro\n|-damage|p2a: Slowbro|74\/100\n|\n|switch|p1a: Beedrill|Beedrill-Mega, M|100\/100|[from]move: U-turn\n|\n|upkeep\n|turn|25\n|\n|switch|p2a: Registeel|Registeel|93\/100\n|move|p1a: Beedrill|Knock Off|p2a: Registeel\n|-damage|p2a: Registeel|67\/100\n|-enditem|p2a: Registeel|Leftovers|[from] move: Knock Off|[of] p1a: Beedrill\n|\n|upkeep\n|turn|26\n|j|%st. ihiihuio \u266b\n|\n|move|p1a: Beedrill|Drill Run|p2a: Registeel\n|-supereffective|p2a: Registeel\n|-damage|p2a: Registeel|31\/100\n|move|p2a: Registeel|Iron Head|p1a: Beedrill\n|-damage|p1a: Beedrill|50\/100\n|\n|upkeep\n|turn|27\n|\n|switch|p2a: Tornadus|Tornadus, M|79\/100\n|move|p1a: Beedrill|Drill Run|p2a: Tornadus\n|-immune|p2a: Tornadus\n|\n|upkeep\n|turn|28\n|j| RCV Deadbolt\n|j| BasedTech\n|\n|move|p2a: Tornadus|Tailwind|p2a: Tornadus\n|-sidestart|p2: GeniusX|move: Tailwind\n|move|p1a: Beedrill|U-turn|p2a: Tornadus\n|-resisted|p2a: Tornadus\n|-damage|p2a: Tornadus|44\/100\n|\n|switch|p1a: Tapu Lele|Tapu Lele|100\/100|[from]move: U-turn\n|-fieldstart|move: Psychic Terrain|[from] ability: Psychic Surge|[of] p1a: Tapu Lele\n|\n|upkeep\n|turn|29\n|j| deez streetz w\n|j|%Highjumpsean\n|\n|move|p2a: Tornadus|Knock Off|p1a: Tapu Lele\n|-damage|p1a: Tapu Lele|71\/100\n|-enditem|p1a: Tapu Lele|Leftovers|[from] move: Knock Off|[of] p2a: Tornadus\n|move|p1a: Tapu Lele|Psychic|p2a: Tornadus\n|-damage|p2a: Tornadus|0 fnt\n|faint|p2a: Tornadus\n|\n|upkeep\n|\n|switch|p2a: Victini|Victini|73\/100\n|turn|30\n|l| damonsterAWS\n|inactive|Battle timer is ON: inactive players will automatically lose when time's up. (requested by GeniusX)\n|c| RCV Deadbolt|Pog\n|inactive|OTG Pesky has 270 seconds left.\n|\n|switch|p1a: Cinderace|Cinderace, M|65\/100 tox\n|move|p2a: Victini|V-create|p1a: Cinderace\n|-resisted|p1a: Cinderace\n|-damage|p1a: Cinderace|10\/100 tox\n|-unboost|p2a: Victini|spe|1\n|-unboost|p2a: Victini|def|1\n|-unboost|p2a: Victini|spd|1\n|\n|-damage|p1a: Cinderace|4\/100 tox|[from] psn\n|upkeep\n|turn|31\n|inactive|OTG Pesky has 90 seconds left.\n|inactive|GeniusX has 90 seconds left.\n|inactive|GeniusX has 60 seconds left.\n|\n|move|p2a: Victini|V-create|p1a: Cinderace\n|-resisted|p1a: Cinderace\n|-damage|p1a: Cinderace|0 fnt\n|-unboost|p2a: Victini|spe|1\n|-unboost|p2a: Victini|def|1\n|-unboost|p2a: Victini|spd|1\n|faint|p1a: Cinderace\n|\n|-sideend|p2: GeniusX|move: Tailwind\n|upkeep\n|\n|switch|p1a: Beedrill|Beedrill-Mega, M|50\/100\n|turn|32\n|inactive|GeniusX has 90 seconds left.\n|\n|switch|p2a: Registeel|Registeel|31\/100\n|move|p1a: Beedrill|Knock Off|p2a: Registeel\n|-damage|p2a: Registeel|13\/100\n|\n|-fieldend|move: Psychic Terrain\n|upkeep\n|turn|33\n|inactive|OTG Pesky has 90 seconds left.\n|inactive|GeniusX has 90 seconds left.\n|\n|move|p1a: Beedrill|Knock Off|p2a: Registeel\n|-damage|p2a: Registeel|0 fnt\n|faint|p2a: Registeel\n|\n|upkeep\n|\n|switch|p2a: Slowbro|Slowbro, F|100\/100\n|turn|34\n|inactive|GeniusX has 90 seconds left.\n|inactive|OTG Pesky has 90 seconds left.\n|\n|detailschange|p2a: Slowbro|Slowbro-Mega, F\n|-mega|p2a: Slowbro|Slowbro|Slowbronite\n|move|p1a: Beedrill|U-turn|p2a: Slowbro\n|-supereffective|p2a: Slowbro\n|-damage|p2a: Slowbro|56\/100\n|\n|switch|p1a: Tapu Lele|Tapu Lele|71\/100|[from]move: U-turn\n|-fieldstart|move: Psychic Terrain|[from] ability: Psychic Surge|[of] p1a: Tapu Lele\n|move|p2a: Slowbro|Teleport|p2a: Slowbro\n|inactive|GeniusX has 90 seconds left.\n|j|%Hikertoad\n|\n|switch|p2a: Victini|Victini|73\/100|[from]move: Teleport\n|\n|upkeep\n|turn|35\n|inactive|OTG Pesky has 90 seconds left.\n|j| jackUU96\n|j| zdh_gaming\n|\n|move|p2a: Victini|V-create|p1a: Tapu Lele\n|-damage|p1a: Tapu Lele|0 fnt\n|-unboost|p2a: Victini|spe|1\n|-unboost|p2a: Victini|def|1\n|-unboost|p2a: Victini|spd|1\n|faint|p1a: Tapu Lele\n|\n|upkeep\n|\n|switch|p1a: Beedrill|Beedrill-Mega, M|50\/100\n|turn|36\n|inactive|OTG Pesky has 90 seconds left.\n|inactive|GeniusX has 90 seconds left.\n|\n|switch|p2a: Zeraora|Zeraora|100\/100\n|move|p1a: Beedrill|Poison Jab|p2a: Zeraora\n|-damage|p2a: Zeraora|28\/100\n|\n|-heal|p2a: Zeraora|34\/100|[from] item: Leftovers\n|upkeep\n|turn|37\n|j| TNI Jake M\n|c| TNI Jake M|.\n|\n|move|p1a: Beedrill|U-turn|p2a: Zeraora\n|-damage|p2a: Zeraora|0 fnt\n|faint|p2a: Zeraora\n|inactive|OTG Pesky has 90 seconds left.\n|\n|switch|p1a: Tangela|Tangela, M|93\/100|[from]move: U-turn\n|\n|upkeep\n|inactive|GeniusX has 90 seconds left.\n|\n|switch|p2a: Victini|Victini|73\/100\n|turn|38\n|inactive|GeniusX has 90 seconds left.\n|\n|switch|p2a: Slowbro|Slowbro-Mega, F|56\/100\n|switch|p1a: Mamoswine|Mamoswine, F|100\/100\n|\n|-fieldend|move: Psychic Terrain\n|upkeep\n|turn|39\n|inactive|OTG Pesky has 90 seconds left.\n|j| Senjuiced\n|\n|switch|p1a: Tangela|Tangela, M|100\/100\n|move|p2a: Slowbro|Slack Off|p2a: Slowbro\n|-heal|p2a: Slowbro|100\/100\n|\n|upkeep\n|turn|40\n|inactive|OTG Pesky has 90 seconds left.\n|inactive|GeniusX has 90 seconds left.\n|\n|switch|p2a: Victini|Victini|73\/100\n|move|p1a: Tangela|Giga Drain|p2a: Victini\n|-resisted|p2a: Victini\n|-damage|p2a: Victini|60\/100\n|\n|upkeep\n|turn|41\n|j| le xrn\n|inactive|OTG Pesky has 90 seconds left.\n|inactive|GeniusX has 90 seconds left.\n|\n|switch|p1a: Mamoswine|Mamoswine, F|100\/100\n|move|p2a: Victini|Work Up|p2a: Victini\n|-boost|p2a: Victini|atk|1\n|-boost|p2a: Victini|spa|1\n|\n|upkeep\n|turn|42\n|\n|move|p1a: Mamoswine|Earthquake|p2a: Victini\n|-supereffective|p2a: Victini\n|-damage|p2a: Victini|0 fnt\n|faint|p2a: Victini\n|\n|upkeep\n|c|\u2606GeniusX|oh u r scarf\n|c| TNI Jake M|.\n|inactive|GeniusX has 90 seconds left.\n|c|\u2606GeniusX|gg\n|c| le xrn|.\n|\n|switch|p2a: Slowbro|Slowbro-Mega, F|100\/100\n|turn|43\n|inactive|OTG Pesky has 90 seconds left.\n|inactive|GeniusX has 90 seconds left.\n|c|\u2606GeniusX|hm\n|\n|move|p1a: Mamoswine|Earthquake|p2a: Slowbro\n|-damage|p2a: Slowbro|77\/100\n|move|p2a: Slowbro|Scald|p1a: Mamoswine\n|-supereffective|p1a: Mamoswine\n|-damage|p1a: Mamoswine|6\/100\n|\n|upkeep\n|turn|44\n|\n|move|p1a: Mamoswine|Earthquake|p2a: Slowbro\n|-damage|p2a: Slowbro|56\/100\n|move|p2a: Slowbro|Slack Off|p2a: Slowbro\n|-heal|p2a: Slowbro|100\/100\n|\n|upkeep\n|turn|45\n|\n|move|p1a: Mamoswine|Earthquake|p2a: Slowbro\n|-damage|p2a: Slowbro|77\/100\n|move|p2a: Slowbro|Scald|p1a: Mamoswine\n|-supereffective|p1a: Mamoswine\n|-damage|p1a: Mamoswine|0 fnt\n|faint|p1a: Mamoswine\n|\n|upkeep\n|\n|switch|p1a: Tangela|Tangela, M|100\/100\n|turn|46\n|\n|move|p1a: Tangela|Leech Seed|p2a: Slowbro\n|-start|p2a: Slowbro|move: Leech Seed\n|move|p2a: Slowbro|Ice Beam|p1a: Tangela\n|-supereffective|p1a: Tangela\n|-damage|p1a: Tangela|18\/100\n|\n|-damage|p2a: Slowbro|64\/100|[from] Leech Seed|[of] p1a: Tangela\n|-heal|p1a: Tangela|33\/100|[silent]\n|upkeep\n|turn|47\n|c| TNI Jake M|...\n|\n|move|p1a: Tangela|Giga Drain|p2a: Slowbro\n|-supereffective|p2a: Slowbro\n|-damage|p2a: Slowbro|9\/100\n|-heal|p1a: Tangela|65\/100|[from] drain|[of] p2a: Slowbro\n|move|p2a: Slowbro|Slack Off|p2a: Slowbro\n|-heal|p2a: Slowbro|60\/100\n|\n|-damage|p2a: Slowbro|47\/100|[from] Leech Seed|[of] p1a: Tangela\n|-heal|p1a: Tangela|80\/100|[silent]\n|upkeep\n|turn|48\n|c| TNI Jake M|o\n|inactive|GeniusX has 90 seconds left.\n|c|\u2606GeniusX|megahorn and cane miss both lost me game\n|c|\u2606GeniusX|this sshould be dead\n|c|\u2606OTG Pesky|yea\n|c|\u2606GeniusX|gg\n|c| TNI Jake M|wait pesky lucked another game\n|l|%st. ihiihuio \u266b\n|c|\u2606OTG Pesky|ggs\n|\n|move|p1a: Tangela|Giga Drain|p2a: Slowbro\n|-supereffective|p2a: Slowbro\n|-damage|p2a: Slowbro|0 fnt\n|-heal|p1a: Tangela|100\/100|[from] drain|[of] p2a: Slowbro\n|faint|p2a: Slowbro\n|\n|win|OTG Pesky\n","uploadtime":1593742045,"views":57,"p1id":"otgpesky","p2id":"geniusx","formatid":"gen8predlcnationaldlcdraft","rating":0,"private":0,"password":null}