{"id":"sports-gen8nationaldexdlclegacy-41776","p1":"NathanDevious","p2":"Walletinspector62","format":"gen8nationaldexdlclegacy","log":"|j|\u2606NathanDevious\n|j|\u2606Walletinspector62\n|player|p1|NathanDevious|nathandevious.png|\n|player|p2|Walletinspector62|2|\n|teamsize|p1|6\n|teamsize|p2|6\n|gametype|singles\n|gen|8\n|tier|[Gen 8] National Dex DLC Legacy\n|rule|Sleep Clause Mod: Limit one foe put to sleep\n|rule|Species Clause: Limit one of each Pok\u00e9mon\n|rule|OHKO Clause: OHKO moves are banned\n|rule|Evasion Moves Clause: Evasion moves are banned\n|rule|Endless Battle Clause: Forcing endless battles is banned\n|rule|HP Percentage Mod: HP is shown in percentages\n|clearpoke\n|poke|p1|Jellicent, M|\n|poke|p1|Vileplume, F|\n|poke|p1|Skarmory, M|\n|poke|p1|Victini|\n|poke|p1|Galvantula, F|\n|poke|p1|Persian-Alola, F|\n|poke|p2|Charizard, M|\n|poke|p2|Tapu Fini|\n|poke|p2|Ferrothorn, F|\n|poke|p2|Ninetales-Alola, M|\n|poke|p2|Minior|\n|poke|p2|Scolipede, M|\n|rule|Dynamax Clause: You cannot dynamax\n|teampreview\n|c|\u2606NathanDevious|glhf\n|c|\u2606Walletinspector62|Glhf\n|j| EpicBoost\n|c| EpicBoost|Go EpicGamer!\n|\n|start\n|switch|p1a: Victini|Victini|100\/100\n|switch|p2a: Charizard|Charizard, M|100\/100\n|turn|1\n|\n|detailschange|p2a: Charizard|Charizard-Mega-X, M\n|-mega|p2a: Charizard|Charizard|Charizardite X\n|move|p1a: Victini|U-turn|p2a: Charizard\n|-resisted|p2a: Charizard\n|-damage|p2a: Charizard|89\/100\n|\n|switch|p1a: Jellicent|Jellicent, M|100\/100|[from]move: U-turn\n|move|p2a: Charizard|Substitute|p2a: Charizard\n|-start|p2a: Charizard|Substitute\n|-damage|p2a: Charizard|64\/100\n|\n|upkeep\n|turn|2\n|\n|move|p2a: Charizard|Dragon Dance|p2a: Charizard\n|-boost|p2a: Charizard|atk|1\n|-boost|p2a: Charizard|spe|1\n|move|p1a: Jellicent|Taunt|p2a: Charizard\n|-start|p2a: Charizard|move: Taunt\n|\n|upkeep\n|turn|3\n|\n|move|p2a: Charizard|Flare Blitz|p1a: Jellicent\n|-resisted|p1a: Jellicent\n|-damage|p1a: Jellicent|52\/100\n|-damage|p2a: Charizard|43\/100|[from] Recoil\n|move|p1a: Jellicent|Scald|p2a: Charizard\n|-end|p2a: Charizard|Substitute\n|\n|-heal|p1a: Jellicent|58\/100|[from] item: Leftovers\n|upkeep\n|turn|4\n|\n|switch|p2a: Tapu Fini|Tapu Fini|100\/100\n|-fieldstart|move: Misty Terrain|[from] ability: Misty Surge|[of] p2a: Tapu Fini\n|move|p1a: Jellicent|Strength Sap|p2a: Tapu Fini\n|-unboost|p2a: Tapu Fini|atk|1\n|-heal|p1a: Jellicent|93\/100\n|\n|-heal|p1a: Jellicent|99\/100|[from] item: Leftovers\n|upkeep\n|turn|5\n|\n|switch|p1a: Skarmory|Skarmory, M|100\/100\n|move|p2a: Tapu Fini|Nature's Madness|p1a: Skarmory\n|-damage|p1a: Skarmory|51\/100\n|\n|-heal|p1a: Skarmory|57\/100|[from] item: Leftovers\n|upkeep\n|turn|6\n|\n|move|p2a: Tapu Fini|Scald|p1a: Skarmory\n|-damage|p1a: Skarmory|32\/100\n|move|p1a: Skarmory|Roost|p1a: Skarmory\n|-heal|p1a: Skarmory|82\/100\n|-singleturn|p1a: Skarmory|move: Roost\n|\n|-heal|p1a: Skarmory|88\/100|[from] item: Leftovers\n|upkeep\n|turn|7\n|\n|switch|p1a: Vileplume|Vileplume, F|100\/100\n|move|p2a: Tapu Fini|Scald|p1a: Vileplume\n|-resisted|p1a: Vileplume\n|-damage|p1a: Vileplume|91\/100\n|\n|-heal|p1a: Vileplume|97\/100|[from] item: Black Sludge\n|upkeep\n|turn|8\n|\n|switch|p2a: Scolipede|Scolipede, M|100\/100\n|move|p1a: Vileplume|Hidden Power|p2a: Scolipede\n|-supereffective|p2a: Scolipede\n|-damage|p2a: Scolipede|52\/100\n|\n|-heal|p2a: Scolipede|58\/100|[from] item: Black Sludge\n|-heal|p1a: Vileplume|100\/100|[from] item: Black Sludge\n|-fieldend|Misty Terrain\n|upkeep\n|turn|9\n|j| mentality w\n|\n|switch|p1a: Skarmory|Skarmory, M|88\/100\n|move|p2a: Scolipede|Protect||[still]\n|-fail|p2a: Scolipede\n|\n|-heal|p2a: Scolipede|64\/100|[from] item: Black Sludge\n|-heal|p1a: Skarmory|94\/100|[from] item: Leftovers\n|-ability|p2a: Scolipede|Speed Boost|boost\n|-boost|p2a: Scolipede|spe|1\n|upkeep\n|turn|10\n|\n|switch|p2a: Minior|Minior|100\/100\n|-formechange|p2a: Minior|Minior-Meteor||[from] ability: Shields Down\n|move|p1a: Skarmory|Whirlwind|p2a: Minior\n|drag|p2a: Ninetales|Ninetales-Alola, M, shiny|100\/100\n|-weather|Hail|[from] ability: Snow Warning|[of] p2a: Ninetales\n|\n|-weather|Hail|[upkeep]\n|-damage|p1a: Skarmory|88\/100|[from] Hail\n|-heal|p1a: Skarmory|94\/100|[from] item: Leftovers\n|upkeep\n|turn|11\n|c| mentality w|w\n|\n|switch|p2a: Minior|Minior|100\/100\n|-formechange|p2a: Minior|Minior-Meteor||[from] ability: Shields Down\n|move|p1a: Skarmory|Brave Bird|p2a: Minior\n|-resisted|p2a: Minior\n|-damage|p2a: Minior|73\/100\n|-damage|p1a: Skarmory|88\/100|[from] Recoil\n|\n|-weather|Hail|[upkeep]\n|-damage|p2a: Minior|67\/100|[from] Hail\n|-damage|p1a: Skarmory|82\/100|[from] Hail\n|-heal|p1a: Skarmory|88\/100|[from] item: Leftovers\n|upkeep\n|turn|12\n|\n|move|p2a: Minior|Power Gem|p1a: Skarmory\n|-damage|p1a: Skarmory|70\/100\n|move|p1a: Skarmory|Whirlwind|p2a: Minior\n|drag|p2a: Scolipede|Scolipede, M|64\/100\n|\n|-weather|Hail|[upkeep]\n|-damage|p2a: Scolipede|58\/100|[from] Hail\n|-damage|p1a: Skarmory|64\/100|[from] Hail\n|-heal|p2a: Scolipede|64\/100|[from] item: Black Sludge\n|-heal|p1a: Skarmory|70\/100|[from] item: Leftovers\n|upkeep\n|turn|13\n|\n|switch|p2a: Minior|Minior|67\/100\n|-formechange|p2a: Minior|Minior-Meteor||[from] ability: Shields Down\n|move|p1a: Skarmory|Roost|p1a: Skarmory\n|-heal|p1a: Skarmory|100\/100\n|-singleturn|p1a: Skarmory|move: Roost\n|\n|-weather|Hail|[upkeep]\n|-damage|p2a: Minior|61\/100|[from] Hail\n|-damage|p1a: Skarmory|94\/100|[from] Hail\n|-heal|p1a: Skarmory|100\/100|[from] item: Leftovers\n|upkeep\n|turn|14\n|\n|move|p2a: Minior|Substitute|p2a: Minior\n|-start|p2a: Minior|Substitute\n|-damage|p2a: Minior|36\/100\n|move|p1a: Skarmory|Whirlwind|p2a: Minior\n|drag|p2a: Ferrothorn|Ferrothorn, F|100\/100\n|\n|-weather|none\n|upkeep\n|turn|15\n|\n|switch|p1a: Victini|Victini|100\/100\n|move|p2a: Ferrothorn|Knock Off|p1a: Victini\n|-supereffective|p1a: Victini\n|-damage|p1a: Victini|64\/100\n|-enditem|p1a: Victini|Choice Scarf|[from] move: Knock Off|[of] p2a: Ferrothorn\n|\n|upkeep\n|turn|16\n|\n|move|p2a: Ferrothorn|Protect|p2a: Ferrothorn\n|-singleturn|p2a: Ferrothorn|Protect\n|move|p1a: Victini|U-turn|p2a: Ferrothorn\n|-activate|p2a: Ferrothorn|move: Protect\n|\n|upkeep\n|turn|17\n|\n|move|p1a: Victini|U-turn|p2a: Ferrothorn\n|-damage|p2a: Ferrothorn|83\/100\n|-damage|p1a: Victini|52\/100|[from] ability: Iron Barbs|[of] p2a: Ferrothorn\n|\n|switch|p1a: Vileplume|Vileplume, F|100\/100|[from]move: U-turn\n|move|p2a: Ferrothorn|Stealth Rock|p1a: Vileplume\n|-sidestart|p1: NathanDevious|move: Stealth Rock\n|\n|-heal|p2a: Ferrothorn|89\/100|[from] item: Leftovers\n|upkeep\n|turn|18\n|\n|switch|p1a: Skarmory|Skarmory, M|100\/100\n|-damage|p1a: Skarmory|88\/100|[from] Stealth Rock\n|switch|p2a: Charizard|Charizard-Mega-X, M|43\/100\n|\n|-heal|p1a: Skarmory|94\/100|[from] item: Leftovers\n|upkeep\n|turn|19\n|\n|move|p2a: Charizard|Roost|p2a: Charizard\n|-heal|p2a: Charizard|93\/100\n|-singleturn|p2a: Charizard|move: Roost\n|move|p1a: Skarmory|Whirlwind|p2a: Charizard\n|drag|p2a: Tapu Fini|Tapu Fini|100\/100\n|-fieldstart|move: Misty Terrain|[from] ability: Misty Surge|[of] p2a: Tapu Fini\n|\n|-heal|p1a: Skarmory|99\/100|[from] item: Leftovers\n|upkeep\n|turn|20\n|\n|move|p2a: Tapu Fini|Nature's Madness|p1a: Skarmory\n|-damage|p1a: Skarmory|50\/100\n|move|p1a: Skarmory|Defog|p2a: Tapu Fini\n|-unboost|p2a: Tapu Fini|evasion|1\n|-sideend|p1: NathanDevious|Stealth Rock|[from] move: Defog|[of] p1a: Skarmory\n|-fieldend|Misty Terrain\n|\n|-heal|p1a: Skarmory|56\/100|[from] item: Leftovers\n|upkeep\n|turn|21\n|\n|switch|p2a: Ferrothorn|Ferrothorn, F|89\/100\n|move|p1a: Skarmory|Roost|p1a: Skarmory\n|-heal|p1a: Skarmory|100\/100\n|-singleturn|p1a: Skarmory|move: Roost\n|\n|-heal|p2a: Ferrothorn|96\/100|[from] item: Leftovers\n|upkeep\n|turn|22\n|\n|switch|p1a: Victini|Victini|52\/100\n|move|p2a: Ferrothorn|Knock Off|p1a: Victini\n|-supereffective|p1a: Victini\n|-damage|p1a: Victini|28\/100\n|\n|-heal|p2a: Ferrothorn|100\/100|[from] item: Leftovers\n|upkeep\n|turn|23\n|\n|switch|p2a: Tapu Fini|Tapu Fini|100\/100\n|-fieldstart|move: Misty Terrain|[from] ability: Misty Surge|[of] p2a: Tapu Fini\n|move|p1a: Victini|V-create|p2a: Tapu Fini\n|-resisted|p2a: Tapu Fini\n|-damage|p2a: Tapu Fini|71\/100\n|-unboost|p1a: Victini|spe|1\n|-unboost|p1a: Victini|def|1\n|-unboost|p1a: Victini|spd|1\n|\n|-heal|p2a: Tapu Fini|77\/100|[from] item: Leftovers\n|upkeep\n|turn|24\n|\n|switch|p1a: Vileplume|Vileplume, F|100\/100\n|move|p2a: Tapu Fini|Nature's Madness|p1a: Vileplume|[miss]\n|-miss|p2a: Tapu Fini|p1a: Vileplume\n|\n|-heal|p2a: Tapu Fini|83\/100|[from] item: Leftovers\n|upkeep\n|turn|25\n|\n|switch|p2a: Charizard|Charizard-Mega-X, M|93\/100\n|move|p1a: Vileplume|Sludge Bomb|p2a: Charizard\n|-damage|p2a: Charizard|45\/100\n|\n|upkeep\n|turn|26\n|l| EpicBoost\n|\n|switch|p1a: Jellicent|Jellicent, M|99\/100\n|move|p2a: Charizard|Roost|p2a: Charizard\n|-heal|p2a: Charizard|95\/100\n|-singleturn|p2a: Charizard|move: Roost\n|\n|-heal|p1a: Jellicent|100\/100|[from] item: Leftovers\n|upkeep\n|turn|27\n|\n|switch|p2a: Ferrothorn|Ferrothorn, F|100\/100\n|move|p1a: Jellicent|Taunt|p2a: Ferrothorn\n|-start|p2a: Ferrothorn|move: Taunt\n|\n|-fieldend|Misty Terrain\n|upkeep\n|turn|28\n|\n|switch|p1a: Persian|Persian-Alola, F|100\/100\n|move|p2a: Ferrothorn|Knock Off|p1a: Persian\n|-resisted|p1a: Persian\n|-damage|p1a: Persian|91\/100\n|-enditem|p1a: Persian|Life Orb|[from] move: Knock Off|[of] p2a: Ferrothorn\n|\n|upkeep\n|turn|29\n|\n|switch|p2a: Scolipede|Scolipede, M|64\/100\n|move|p1a: Persian|Nasty Plot|p1a: Persian\n|-boost|p1a: Persian|spa|2\n|\n|-heal|p2a: Scolipede|70\/100|[from] item: Black Sludge\n|upkeep\n|turn|30\n|\n|switch|p1a: Skarmory|Skarmory, M|100\/100\n|move|p2a: Scolipede|Protect||[still]\n|-fail|p2a: Scolipede\n|\n|-heal|p2a: Scolipede|76\/100|[from] item: Black Sludge\n|-ability|p2a: Scolipede|Speed Boost|boost\n|-boost|p2a: Scolipede|spe|1\n|upkeep\n|turn|31\n|\n|switch|p1a: Victini|Victini|28\/100\n|move|p2a: Scolipede|Infestation|p1a: Victini\n|-damage|p1a: Victini|24\/100\n|-activate|p1a: Victini|move: Infestation|[of] p2a: Scolipede\n|\n|-heal|p2a: Scolipede|83\/100|[from] item: Black Sludge\n|-damage|p1a: Victini|11\/100|[from] move: Infestation|[partiallytrapped]\n|-ability|p2a: Scolipede|Speed Boost|boost\n|-boost|p2a: Scolipede|spe|1\n|upkeep\n|turn|32\n|c|\u2606NathanDevious|bruh\n|\n|move|p2a: Scolipede|Protect|p2a: Scolipede\n|-singleturn|p2a: Scolipede|Protect\n|move|p1a: Victini|U-turn|p2a: Scolipede\n|-activate|p2a: Scolipede|move: Protect\n|\n|-heal|p2a: Scolipede|89\/100|[from] item: Black Sludge\n|-damage|p1a: Victini|0 fnt|[from] move: Infestation|[partiallytrapped]\n|faint|p1a: Victini\n|-ability|p2a: Scolipede|Speed Boost|boost\n|-boost|p2a: Scolipede|spe|1\n|upkeep\n|\n|switch|p1a: Galvantula|Galvantula, F|100\/100\n|turn|33\n|c| mentality w|wheelchair\n|\n|move|p2a: Scolipede|Megahorn|p1a: Galvantula\n|-damage|p1a: Galvantula|24\/100\n|move|p1a: Galvantula|Sticky Web|p2a: Scolipede\n|-sidestart|p2: Walletinspector62|move: Sticky Web\n|\n|-heal|p2a: Scolipede|95\/100|[from] item: Black Sludge\n|-ability|p2a: Scolipede|Speed Boost|boost\n|-boost|p2a: Scolipede|spe|1\n|upkeep\n|turn|34\n|\n|switch|p1a: Skarmory|Skarmory, M|100\/100\n|move|p2a: Scolipede|Megahorn|p1a: Skarmory\n|-resisted|p1a: Skarmory\n|-damage|p1a: Skarmory|93\/100\n|\n|-heal|p2a: Scolipede|100\/100|[from] item: Black Sludge\n|-heal|p1a: Skarmory|99\/100|[from] item: Leftovers\n|-ability|p2a: Scolipede|Speed Boost|boost\n|-boost|p2a: Scolipede|spe|1\n|upkeep\n|turn|35\n|\n|switch|p2a: Tapu Fini|Tapu Fini|83\/100\n|-activate|p2a: Tapu Fini|move: Sticky Web\n|-unboost|p2a: Tapu Fini|spe|1\n|-fieldstart|move: Misty Terrain|[from] ability: Misty Surge|[of] p2a: Tapu Fini\n|move|p1a: Skarmory|Brave Bird|p2a: Tapu Fini\n|-damage|p2a: Tapu Fini|62\/100\n|-damage|p1a: Skarmory|92\/100|[from] Recoil\n|\n|-heal|p1a: Skarmory|98\/100|[from] item: Leftovers\n|-heal|p2a: Tapu Fini|68\/100|[from] item: Leftovers\n|upkeep\n|turn|36\n|\n|move|p1a: Skarmory|Brave Bird|p2a: Tapu Fini\n|-damage|p2a: Tapu Fini|47\/100\n|-damage|p1a: Skarmory|91\/100|[from] Recoil\n|move|p2a: Tapu Fini|Defog|p1a: Skarmory\n|-unboost|p1a: Skarmory|evasion|1\n|-sideend|p2: Walletinspector62|Sticky Web|[from] move: Defog|[of] p2a: Tapu Fini\n|-fieldend|Misty Terrain\n|\n|-heal|p1a: Skarmory|97\/100|[from] item: Leftovers\n|-heal|p2a: Tapu Fini|53\/100|[from] item: Leftovers\n|upkeep\n|turn|37\n|\n|switch|p2a: Charizard|Charizard-Mega-X, M|95\/100\n|move|p1a: Skarmory|Brave Bird|p2a: Charizard\n|-damage|p2a: Charizard|58\/100\n|-damage|p1a: Skarmory|86\/100|[from] Recoil\n|\n|-heal|p1a: Skarmory|92\/100|[from] item: Leftovers\n|upkeep\n|turn|38\n|\n|switch|p1a: Jellicent|Jellicent, M|100\/100\n|move|p2a: Charizard|Flare Blitz|p1a: Jellicent\n|-resisted|p1a: Jellicent\n|-damage|p1a: Jellicent|68\/100\n|-start|p2a: Charizard|Disable|Flare Blitz|[from] ability: Cursed Body|[of] p1a: Jellicent\n|-damage|p2a: Charizard|44\/100|[from] Recoil\n|\n|-heal|p1a: Jellicent|74\/100|[from] item: Leftovers\n|upkeep\n|turn|39\n|\n|move|p2a: Charizard|Roost|p2a: Charizard\n|-heal|p2a: Charizard|94\/100\n|-singleturn|p2a: Charizard|move: Roost\n|move|p1a: Jellicent|Strength Sap|p2a: Charizard\n|-unboost|p2a: Charizard|atk|1\n|-heal|p1a: Jellicent|100\/100\n|\n|upkeep\n|turn|40\n|\n|switch|p2a: Ferrothorn|Ferrothorn, F|100\/100\n|switch|p1a: Galvantula|Galvantula, F|24\/100\n|\n|upkeep\n|turn|41\n|\n|move|p1a: Galvantula|Hidden Power|p2a: Ferrothorn\n|-supereffective|p2a: Ferrothorn\n|-damage|p2a: Ferrothorn|44\/100\n|-damage|p1a: Galvantula|14\/100|[from] item: Life Orb\n|move|p2a: Ferrothorn|Stealth Rock|p1a: Galvantula\n|-sidestart|p1: NathanDevious|move: Stealth Rock\n|\n|-heal|p2a: Ferrothorn|50\/100|[from] item: Leftovers\n|upkeep\n|turn|42\n|\n|switch|p2a: Charizard|Charizard-Mega-X, M|94\/100\n|move|p1a: Galvantula|Sticky Web|p2a: Charizard\n|-sidestart|p2: Walletinspector62|move: Sticky Web\n|\n|upkeep\n|turn|43\n|\n|move|p1a: Galvantula|Volt Switch|p2a: Charizard\n|-resisted|p2a: Charizard\n|-damage|p2a: Charizard|67\/100\n|-damage|p1a: Galvantula|4\/100|[from] item: Life Orb\n|\n|switch|p1a: Jellicent|Jellicent, M|100\/100|[from]move: Volt Switch\n|-damage|p1a: Jellicent|88\/100|[from] Stealth Rock\n|move|p2a: Charizard|Dragon Dance|p2a: Charizard\n|-boost|p2a: Charizard|atk|1\n|-boost|p2a: Charizard|spe|1\n|\n|-heal|p1a: Jellicent|94\/100|[from] item: Leftovers\n|upkeep\n|turn|44\n|\n|move|p2a: Charizard|Substitute|p2a: Charizard\n|-start|p2a: Charizard|Substitute\n|-damage|p2a: Charizard|42\/100\n|move|p1a: Jellicent|Taunt|p2a: Charizard\n|-start|p2a: Charizard|move: Taunt\n|\n|-heal|p1a: Jellicent|100\/100|[from] item: Leftovers\n|upkeep\n|turn|45\n|\n|move|p2a: Charizard|Flare Blitz|p1a: Jellicent\n|-resisted|p1a: Jellicent\n|-damage|p1a: Jellicent|57\/100\n|-damage|p2a: Charizard|23\/100|[from] Recoil\n|move|p1a: Jellicent|Scald|p2a: Charizard\n|-end|p2a: Charizard|Substitute\n|\n|-heal|p1a: Jellicent|63\/100|[from] item: Leftovers\n|upkeep\n|turn|46\n|\n|switch|p2a: Tapu Fini|Tapu Fini|53\/100\n|-activate|p2a: Tapu Fini|move: Sticky Web\n|-unboost|p2a: Tapu Fini|spe|1\n|-fieldstart|move: Misty Terrain|[from] ability: Misty Surge|[of] p2a: Tapu Fini\n|move|p1a: Jellicent|Strength Sap|p2a: Tapu Fini\n|-unboost|p2a: Tapu Fini|atk|1\n|-heal|p1a: Jellicent|98\/100\n|\n|-heal|p1a: Jellicent|100\/100|[from] item: Leftovers\n|-heal|p2a: Tapu Fini|59\/100|[from] item: Leftovers\n|upkeep\n|turn|47\n|\n|move|p1a: Jellicent|Taunt|p2a: Tapu Fini\n|-start|p2a: Tapu Fini|move: Taunt\n|cant|p2a: Tapu Fini|move: Taunt|Defog\n|\n|-heal|p2a: Tapu Fini|65\/100|[from] item: Leftovers\n|upkeep\n|turn|48\n|\n|move|p1a: Jellicent|Scald|p2a: Tapu Fini\n|-resisted|p2a: Tapu Fini\n|-damage|p2a: Tapu Fini|57\/100\n|move|p2a: Tapu Fini|Nature's Madness|p1a: Jellicent\n|-damage|p1a: Jellicent|51\/100\n|-start|p2a: Tapu Fini|Disable|Nature's Madness|[from] ability: Cursed Body|[of] p1a: Jellicent\n|\n|-heal|p1a: Jellicent|57\/100|[from] item: Leftovers\n|-heal|p2a: Tapu Fini|63\/100|[from] item: Leftovers\n|upkeep\n|turn|49\n|c| mentality w|,\n|\n|move|p1a: Jellicent|Recover|p1a: Jellicent\n|-heal|p1a: Jellicent|100\/100\n|move|p2a: Tapu Fini|Moonblast|p1a: Jellicent\n|-damage|p1a: Jellicent|73\/100\n|-unboost|p1a: Jellicent|spa|1\n|\n|-heal|p1a: Jellicent|80\/100|[from] item: Leftovers\n|-heal|p2a: Tapu Fini|69\/100|[from] item: Leftovers\n|-end|p2a: Tapu Fini|move: Taunt\n|upkeep\n|turn|50\n|\n|move|p1a: Jellicent|Taunt|p2a: Tapu Fini\n|-start|p2a: Tapu Fini|move: Taunt\n|cant|p2a: Tapu Fini|move: Taunt|Defog\n|\n|-heal|p1a: Jellicent|86\/100|[from] item: Leftovers\n|-heal|p2a: Tapu Fini|75\/100|[from] item: Leftovers\n|-fieldend|Misty Terrain\n|upkeep\n|turn|51\n|\n|switch|p1a: Vileplume|Vileplume, F|100\/100\n|-damage|p1a: Vileplume|88\/100|[from] Stealth Rock\n|switch|p2a: Ferrothorn|Ferrothorn, F|50\/100\n|-activate|p2a: Ferrothorn|move: Sticky Web\n|-unboost|p2a: Ferrothorn|spe|1\n|\n|-heal|p1a: Vileplume|94\/100|[from] item: Black Sludge\n|-heal|p2a: Ferrothorn|57\/100|[from] item: Leftovers\n|upkeep\n|turn|52\n|\n|switch|p2a: Scolipede|Scolipede, M|100\/100\n|-activate|p2a: Scolipede|move: Sticky Web\n|-unboost|p2a: Scolipede|spe|1\n|move|p1a: Vileplume|Hidden Power|p2a: Scolipede\n|-supereffective|p2a: Scolipede\n|-damage|p2a: Scolipede|49\/100\n|\n|-heal|p2a: Scolipede|55\/100|[from] item: Black Sludge\n|-heal|p1a: Vileplume|100\/100|[from] item: Black Sludge\n|upkeep\n|turn|53\n|\n|switch|p1a: Skarmory|Skarmory, M|92\/100\n|-damage|p1a: Skarmory|79\/100|[from] Stealth Rock\n|move|p2a: Scolipede|Infestation|p1a: Skarmory\n|-resisted|p1a: Skarmory\n|-damage|p1a: Skarmory|79\/100\n|-activate|p1a: Skarmory|move: Infestation|[of] p2a: Scolipede\n|\n|-heal|p2a: Scolipede|61\/100|[from] item: Black Sludge\n|-heal|p1a: Skarmory|85\/100|[from] item: Leftovers\n|-damage|p1a: Skarmory|72\/100|[from] move: Infestation|[partiallytrapped]\n|-ability|p2a: Scolipede|Speed Boost|boost\n|-boost|p2a: Scolipede|spe|1\n|upkeep\n|turn|54\n|\n|move|p2a: Scolipede|Protect|p2a: Scolipede\n|-singleturn|p2a: Scolipede|Protect\n|move|p1a: Skarmory|Roost|p1a: Skarmory\n|-heal|p1a: Skarmory|100\/100\n|-singleturn|p1a: Skarmory|move: Roost\n|\n|-heal|p2a: Scolipede|67\/100|[from] item: Black Sludge\n|-damage|p1a: Skarmory|88\/100|[from] move: Infestation|[partiallytrapped]\n|-ability|p2a: Scolipede|Speed Boost|boost\n|-boost|p2a: Scolipede|spe|1\n|upkeep\n|turn|55\n|\n|switch|p2a: Tapu Fini|Tapu Fini|75\/100\n|-activate|p2a: Tapu Fini|move: Sticky Web\n|-unboost|p2a: Tapu Fini|spe|1\n|-fieldstart|move: Misty Terrain|[from] ability: Misty Surge|[of] p2a: Tapu Fini\n|move|p1a: Skarmory|Brave Bird|p2a: Tapu Fini\n|-damage|p2a: Tapu Fini|54\/100\n|-damage|p1a: Skarmory|81\/100|[from] Recoil\n|\n|-heal|p1a: Skarmory|87\/100|[from] item: Leftovers\n|-heal|p2a: Tapu Fini|60\/100|[from] item: Leftovers\n|-end|p1a: Skarmory|Infestation|[partiallytrapped]|[silent]\n|upkeep\n|turn|56\n|\n|move|p1a: Skarmory|Brave Bird|p2a: Tapu Fini\n|-damage|p2a: Tapu Fini|36\/100\n|-damage|p1a: Skarmory|79\/100|[from] Recoil\n|move|p2a: Tapu Fini|Defog|p1a: Skarmory\n|-unboost|p1a: Skarmory|evasion|1\n|-sideend|p1: NathanDevious|Stealth Rock|[from] move: Defog|[of] p2a: Tapu Fini\n|-sideend|p2: Walletinspector62|Sticky Web|[from] move: Defog|[of] p2a: Tapu Fini\n|-fieldend|Misty Terrain\n|\n|-heal|p1a: Skarmory|85\/100|[from] item: Leftovers\n|-heal|p2a: Tapu Fini|42\/100|[from] item: Leftovers\n|upkeep\n|turn|57\n|\n|switch|p1a: Vileplume|Vileplume, F|100\/100\n|move|p2a: Tapu Fini|Scald|p1a: Vileplume\n|-resisted|p1a: Vileplume\n|-damage|p1a: Vileplume|91\/100\n|\n|-heal|p2a: Tapu Fini|48\/100|[from] item: Leftovers\n|-heal|p1a: Vileplume|97\/100|[from] item: Black Sludge\n|upkeep\n|turn|58\n|\n|switch|p2a: Scolipede|Scolipede, M|67\/100\n|move|p1a: Vileplume|Sludge Bomb|p2a: Scolipede\n|-resisted|p2a: Scolipede\n|-damage|p2a: Scolipede|41\/100\n|\n|-heal|p2a: Scolipede|47\/100|[from] item: Black Sludge\n|-heal|p1a: Vileplume|100\/100|[from] item: Black Sludge\n|upkeep\n|turn|59\n|\n|switch|p2a: Charizard|Charizard-Mega-X, M|23\/100\n|move|p1a: Vileplume|Hidden Power|p2a: Charizard\n|-resisted|p2a: Charizard\n|-crit|p2a: Charizard\n|-damage|p2a: Charizard|16\/100\n|\n|upkeep\n|turn|60\n|\n|switch|p1a: Jellicent|Jellicent, M|86\/100\n|move|p2a: Charizard|Roost|p2a: Charizard\n|-heal|p2a: Charizard|66\/100\n|-singleturn|p2a: Charizard|move: Roost\n|\n|-heal|p1a: Jellicent|92\/100|[from] item: Leftovers\n|upkeep\n|turn|61\n|\n|switch|p1a: Galvantula|Galvantula, F|4\/100\n|move|p2a: Charizard|Roost|p2a: Charizard\n|-heal|p2a: Charizard|100\/100\n|-singleturn|p2a: Charizard|move: Roost\n|\n|upkeep\n|turn|62\n|\n|move|p1a: Galvantula|Sticky Web|p2a: Charizard\n|-sidestart|p2: Walletinspector62|move: Sticky Web\n|move|p2a: Charizard|Dragon Dance|p2a: Charizard\n|-boost|p2a: Charizard|atk|1\n|-boost|p2a: Charizard|spe|1\n|\n|upkeep\n|turn|63\n|\n|move|p2a: Charizard|Dragon Dance|p2a: Charizard\n|-boost|p2a: Charizard|atk|1\n|-boost|p2a: Charizard|spe|1\n|move|p1a: Galvantula|Volt Switch|p2a: Charizard\n|-resisted|p2a: Charizard\n|-damage|p2a: Charizard|73\/100\n|-damage|p1a: Galvantula|0 fnt|[from] item: Life Orb\n|faint|p1a: Galvantula\n|\n|upkeep\n|\n|switch|p1a: Jellicent|Jellicent, M|92\/100\n|turn|64\n|\n|move|p2a: Charizard|Flare Blitz|p1a: Jellicent\n|-resisted|p1a: Jellicent\n|-damage|p1a: Jellicent|33\/100\n|-start|p2a: Charizard|Disable|Flare Blitz|[from] ability: Cursed Body|[of] p1a: Jellicent\n|-damage|p2a: Charizard|47\/100|[from] Recoil\n|move|p1a: Jellicent|Strength Sap|p2a: Charizard\n|-unboost|p2a: Charizard|atk|1\n|-heal|p1a: Jellicent|100\/100\n|\n|upkeep\n|turn|65\n|\n|move|p2a: Charizard|Roost|p2a: Charizard\n|-heal|p2a: Charizard|97\/100\n|-singleturn|p2a: Charizard|move: Roost\n|move|p1a: Jellicent|Taunt|p2a: Charizard\n|-start|p2a: Charizard|move: Taunt\n|\n|upkeep\n|turn|66\n|\n|switch|p2a: Ferrothorn|Ferrothorn, F|57\/100\n|-activate|p2a: Ferrothorn|move: Sticky Web\n|-unboost|p2a: Ferrothorn|spe|1\n|move|p1a: Jellicent|Scald|p2a: Ferrothorn\n|-resisted|p2a: Ferrothorn\n|-damage|p2a: Ferrothorn|50\/100\n|\n|-heal|p2a: Ferrothorn|56\/100|[from] item: Leftovers\n|upkeep\n|turn|67\n|\n|switch|p1a: Persian|Persian-Alola, F|91\/100\n|move|p2a: Ferrothorn|Knock Off|p1a: Persian\n|-resisted|p1a: Persian\n|-damage|p1a: Persian|84\/100\n|\n|-heal|p2a: Ferrothorn|62\/100|[from] item: Leftovers\n|upkeep\n|turn|68\n|\n|switch|p2a: Scolipede|Scolipede, M|47\/100\n|-activate|p2a: Scolipede|move: Sticky Web\n|-unboost|p2a: Scolipede|spe|1\n|move|p1a: Persian|Nasty Plot|p1a: Persian\n|-boost|p1a: Persian|spa|2\n|\n|-heal|p2a: Scolipede|53\/100|[from] item: Black Sludge\n|upkeep\n|turn|69\n|\n|move|p2a: Scolipede|Protect|p2a: Scolipede\n|-singleturn|p2a: Scolipede|Protect\n|move|p1a: Persian|Dark Pulse|p2a: Scolipede\n|-activate|p2a: Scolipede|move: Protect\n|\n|-heal|p2a: Scolipede|59\/100|[from] item: Black Sludge\n|-ability|p2a: Scolipede|Speed Boost|boost\n|-boost|p2a: Scolipede|spe|1\n|upkeep\n|turn|70\n|\n|move|p2a: Scolipede|Protect||[still]\n|-fail|p2a: Scolipede\n|move|p1a: Persian|Thunderbolt|p2a: Scolipede\n|-damage|p2a: Scolipede|0 fnt\n|faint|p2a: Scolipede\n|\n|upkeep\n|\n|switch|p2a: Ferrothorn|Ferrothorn, F|62\/100\n|-activate|p2a: Ferrothorn|move: Sticky Web\n|-unboost|p2a: Ferrothorn|spe|1\n|turn|71\n|\n|move|p2a: Ferrothorn|Protect|p2a: Ferrothorn\n|-singleturn|p2a: Ferrothorn|Protect\n|move|p1a: Persian|Dark Pulse|p2a: Ferrothorn\n|-activate|p2a: Ferrothorn|move: Protect\n|\n|-heal|p2a: Ferrothorn|68\/100|[from] item: Leftovers\n|upkeep\n|turn|72\n|\n|move|p1a: Persian|Dark Pulse|p2a: Ferrothorn\n|-damage|p2a: Ferrothorn|30\/100\n|move|p2a: Ferrothorn|Leech Seed|p1a: Persian\n|-start|p1a: Persian|move: Leech Seed\n|\n|-heal|p2a: Ferrothorn|36\/100|[from] item: Leftovers\n|-damage|p1a: Persian|72\/100|[from] Leech Seed|[of] p2a: Ferrothorn\n|-heal|p2a: Ferrothorn|45\/100|[silent]\n|upkeep\n|turn|73\n|\n|move|p1a: Persian|Nasty Plot|p1a: Persian\n|-boost|p1a: Persian|spa|2\n|move|p2a: Ferrothorn|Stealth Rock|p1a: Persian\n|-sidestart|p1: NathanDevious|move: Stealth Rock\n|\n|-heal|p2a: Ferrothorn|52\/100|[from] item: Leftovers\n|-damage|p1a: Persian|60\/100|[from] Leech Seed|[of] p2a: Ferrothorn\n|-heal|p2a: Ferrothorn|61\/100|[silent]\n|upkeep\n|turn|74\n|\n|move|p2a: Ferrothorn|Protect|p2a: Ferrothorn\n|-singleturn|p2a: Ferrothorn|Protect\n|move|p1a: Persian|Nasty Plot|p1a: Persian\n|-boost|p1a: Persian|spa|2\n|\n|-heal|p2a: Ferrothorn|67\/100|[from] item: Leftovers\n|-damage|p1a: Persian|47\/100|[from] Leech Seed|[of] p2a: Ferrothorn\n|-heal|p2a: Ferrothorn|77\/100|[silent]\n|upkeep\n|turn|75\n|\n|switch|p2a: Ninetales|Ninetales-Alola, M, shiny|100\/100\n|-activate|p2a: Ninetales|move: Sticky Web\n|-unboost|p2a: Ninetales|spe|1\n|-weather|Hail|[from] ability: Snow Warning|[of] p2a: Ninetales\n|move|p1a: Persian|Dark Pulse|p2a: Ninetales\n|-resisted|p2a: Ninetales\n|-damage|p2a: Ninetales|35\/100\n|\n|-weather|Hail|[upkeep]\n|-damage|p1a: Persian|41\/100|[from] Hail\n|-damage|p1a: Persian|29\/100|[from] Leech Seed|[of] p2a: Ninetales\n|-heal|p2a: Ninetales|46\/100|[silent]\n|upkeep\n|turn|76\n|\n|switch|p2a: Ferrothorn|Ferrothorn, F|77\/100\n|-activate|p2a: Ferrothorn|move: Sticky Web\n|-unboost|p2a: Ferrothorn|spe|1\n|move|p1a: Persian|Dark Pulse|p2a: Ferrothorn\n|-damage|p2a: Ferrothorn|2\/100\n|\n|-weather|Hail|[upkeep]\n|-damage|p1a: Persian|23\/100|[from] Hail\n|-damage|p2a: Ferrothorn|0 fnt|[from] Hail\n|faint|p2a: Ferrothorn\n|upkeep\n|\n|switch|p2a: Ninetales|Ninetales-Alola, M, shiny|46\/100\n|-activate|p2a: Ninetales|move: Sticky Web\n|-unboost|p2a: Ninetales|spe|1\n|turn|77\n|\n|switch|p2a: Minior|Minior|36\/100\n|move|p1a: Persian|Thunderbolt|p2a: Minior\n|-supereffective|p2a: Minior\n|-enditem|p2a: Minior|Wacan Berry|[eat]\n|-enditem|p2a: Minior|Wacan Berry|[weaken]\n|-damage|p2a: Minior|0 fnt\n|faint|p2a: Minior\n|\n|-weather|Hail|[upkeep]\n|-damage|p1a: Persian|17\/100|[from] Hail\n|upkeep\n|\n|switch|p2a: Charizard|Charizard-Mega-X, M|97\/100\n|-activate|p2a: Charizard|move: Sticky Web\n|-unboost|p2a: Charizard|spe|1\n|turn|78\n|\n|switch|p2a: Tapu Fini|Tapu Fini|48\/100\n|-activate|p2a: Tapu Fini|move: Sticky Web\n|-unboost|p2a: Tapu Fini|spe|1\n|-fieldstart|move: Misty Terrain|[from] ability: Misty Surge|[of] p2a: Tapu Fini\n|move|p1a: Persian|Dark Pulse|p2a: Tapu Fini\n|-resisted|p2a: Tapu Fini\n|-damage|p2a: Tapu Fini|2\/100\n|\n|-weather|Hail|[upkeep]\n|-damage|p1a: Persian|12\/100|[from] Hail\n|-damage|p2a: Tapu Fini|0 fnt|[from] Hail\n|faint|p2a: Tapu Fini\n|upkeep\n|\n|switch|p2a: Ninetales|Ninetales-Alola, M, shiny|46\/100\n|-activate|p2a: Ninetales|move: Sticky Web\n|-unboost|p2a: Ninetales|spe|1\n|turn|79\n|\n|move|p1a: Persian|Dark Pulse|p2a: Ninetales\n|-resisted|p2a: Ninetales\n|-damage|p2a: Ninetales|0 fnt\n|faint|p2a: Ninetales\n|\n|-weather|none\n|upkeep\n|\n|switch|p2a: Charizard|Charizard-Mega-X, M|97\/100\n|-activate|p2a: Charizard|move: Sticky Web\n|-unboost|p2a: Charizard|spe|1\n|turn|80\n|c|\u2606NathanDevious|gg\n|\n|move|p1a: Persian|Dark Pulse|p2a: Charizard\n|-damage|p2a: Charizard|0 fnt\n|faint|p2a: Charizard\n|\n|win|NathanDevious\n","uploadtime":1584478307,"views":2,"p1id":"nathandevious","p2id":"walletinspector62","formatid":"gen8nationaldexdlclegacy","rating":0,"private":0,"password":null}