{"id":"sports-gen7draftleague-160292","p1":"Miocchi","p2":"GeniusX","format":"gen7draftleague","log":"|j|\u2606Miocchi\n|j|\u2606GeniusX\n|t:|1599746945\n|player|p1|Miocchi|miocchi.png|\n|player|p2|GeniusX|geniusx.gif|\n|teamsize|p1|6\n|teamsize|p2|6\n|gametype|singles\n|gen|7\n|tier|[Gen 7] Draft League\n|rule|Sleep Clause Mod: Limit one foe put to sleep\n|rule|OHKO Clause: OHKO moves are banned\n|rule|Evasion Moves Clause: Evasion moves are banned\n|rule|Endless Battle Clause: Forcing endless battles is banned\n|rule|HP Percentage Mod: HP is shown in percentages\n|clearpoke\n|poke|p1|Dragonite, M|item\n|poke|p1|Scizor, F|item\n|poke|p1|Clefable, F|item\n|poke|p1|Starmie|item\n|poke|p1|Rhydon, F|item\n|poke|p1|Breloom, M|item\n|poke|p2|Manectric, M|item\n|poke|p2|Tapu Fini|item\n|poke|p2|Uxie|item\n|poke|p2|Snorlax, M|item\n|poke|p2|Infernape, F|item\n|poke|p2|Landorus-Therian, M|item\n|teampreview\n|html|<button name=\"send\" class=\"button\" value=\"\/timer ds\"><i class=\"fa fa-hourglass-start\"><\/i> DS Timer<\/button> <button name=\"send\" class=\"button\" value=\"\/timer smogon\"><i class=\"fa fa-hourglass-start\"><\/i> Smogon Timer<\/button>\n|c|\u2606Miocchi|hf\n|c|\u2606GeniusX|u2\n|\n|t:|1599746977\n|start\n|switch|p1a: Starmie|Starmie|100\/100\n|switch|p2a: Tapu Fini|Tapu Fini|100\/100\n|-fieldstart|move: Misty Terrain|[from] ability: Misty Surge|[of] p2a: Tapu Fini\n|turn|1\n|\n|t:|1599746995\n|switch|p1a: Scizor|Scizor, F|100\/100\n|switch|p2a: Snorlax|Snorlax, M|100\/100\n|\n|upkeep\n|turn|2\n|\n|t:|1599747004\n|switch|p2a: Infernape|Infernape, F|100\/100\n|detailschange|p1a: Scizor|Scizor-Mega, F\n|-mega|p1a: Scizor|Scizor|Scizorite\n|move|p1a: Scizor|U-turn|p2a: Infernape\n|-resisted|p2a: Infernape\n|-damage|p2a: Infernape|92\/100\n|-damage|p1a: Scizor|84\/100|[from] item: Rocky Helmet|[of] p2a: Infernape\n|\n|t:|1599747011\n|switch|p1a: Starmie|Starmie|100\/100|[from]move: U-turn\n|\n|upkeep\n|turn|3\n|\n|t:|1599747016\n|switch|p2a: Snorlax|Snorlax, M|100\/100\n|move|p1a: Starmie|Trick|p2a: Snorlax\n|-activate|p1a: Starmie|move: Trick|[of] p2a: Snorlax\n|-item|p2a: Snorlax|Choice Specs|[from] move: Trick\n|-item|p1a: Starmie|Iapapa Berry|[from] move: Trick\n|\n|upkeep\n|turn|4\n|\n|t:|1599747022\n|-activate|p1a: Starmie|move: Pursuit\n|move|p2a: Snorlax|Pursuit|p1a: Starmie|[from]Pursuit\n|-supereffective|p1a: Starmie\n|-damage|p1a: Starmie|29\/100\n|switch|p1a: Scizor|Scizor-Mega, F|84\/100\n|\n|upkeep\n|turn|5\n|\n|t:|1599747035\n|switch|p2a: Infernape|Infernape, F|92\/100\n|move|p1a: Scizor|U-turn|p2a: Infernape\n|-resisted|p2a: Infernape\n|-damage|p2a: Infernape|83\/100\n|-damage|p1a: Scizor|67\/100|[from] item: Rocky Helmet|[of] p2a: Infernape\n|\n|t:|1599747041\n|switch|p1a: Starmie|Starmie|29\/100|[from]move: U-turn\n|\n|-fieldend|Misty Terrain\n|upkeep\n|turn|6\n|\n|t:|1599747052\n|switch|p2a: Uxie|Uxie|100\/100\n|move|p1a: Starmie|Hydro Pump|p2a: Uxie\n|-damage|p2a: Uxie|65\/100\n|\n|-heal|p2a: Uxie|72\/100|[from] item: Leftovers\n|upkeep\n|turn|7\n|\n|t:|1599747059\n|move|p1a: Starmie|Hydro Pump|p2a: Uxie\n|-damage|p2a: Uxie|34\/100\n|move|p2a: Uxie|Knock Off|p1a: Starmie\n|-supereffective|p1a: Starmie\n|-damage|p1a: Starmie|0 fnt\n|-enditem|p1a: Starmie|Iapapa Berry|[from] move: Knock Off|[of] p2a: Uxie\n|faint|p1a: Starmie\n|\n|-heal|p2a: Uxie|40\/100|[from] item: Leftovers\n|upkeep\n|\n|t:|1599747068\n|switch|p1a: Scizor|Scizor-Mega, F|67\/100\n|turn|8\n|\n|t:|1599747073\n|switch|p2a: Infernape|Infernape, F|83\/100\n|move|p1a: Scizor|U-turn|p2a: Infernape\n|-resisted|p2a: Infernape\n|-damage|p2a: Infernape|75\/100\n|-damage|p1a: Scizor|51\/100|[from] item: Rocky Helmet|[of] p2a: Infernape\n|\n|t:|1599747080\n|switch|p1a: Rhydon|Rhydon, F|100\/100|[from]move: U-turn\n|\n|upkeep\n|turn|9\n|j| DevilShinra\n|j| jackUU96\n|\n|t:|1599747111\n|move|p2a: Infernape|Will-O-Wisp|p1a: Rhydon\n|-status|p1a: Rhydon|brn\n|move|p1a: Rhydon|Earthquake|p2a: Infernape\n|-supereffective|p2a: Infernape\n|-damage|p2a: Infernape|36\/100\n|\n|-damage|p1a: Rhydon|94\/100 brn|[from] brn\n|upkeep\n|turn|10\n|\n|t:|1599747128\n|move|p2a: Infernape|Slack Off|p2a: Infernape\n|-heal|p2a: Infernape|86\/100\n|move|p1a: Rhydon|Stealth Rock|p2a: Infernape\n|-sidestart|p2: GeniusX|move: Stealth Rock\n|\n|-damage|p1a: Rhydon|88\/100 brn|[from] brn\n|upkeep\n|turn|11\n|\n|t:|1599747131\n|move|p2a: Infernape|U-turn|p1a: Rhydon\n|-damage|p1a: Rhydon|82\/100 brn\n|\n|t:|1599747132\n|switch|p2a: Uxie|Uxie|40\/100|[from]move: U-turn\n|-damage|p2a: Uxie|28\/100|[from] Stealth Rock\n|move|p1a: Rhydon|Toxic|p2a: Uxie\n|-status|p2a: Uxie|tox\n|\n|-heal|p2a: Uxie|34\/100 tox|[from] item: Leftovers\n|-damage|p2a: Uxie|28\/100 tox|[from] psn\n|-damage|p1a: Rhydon|76\/100 brn|[from] brn\n|upkeep\n|turn|12\n|\n|t:|1599747140\n|move|p2a: Uxie|Stealth Rock|p1a: Rhydon\n|-sidestart|p1: Miocchi|move: Stealth Rock\n|move|p1a: Rhydon|Megahorn|p2a: Uxie\n|-supereffective|p2a: Uxie\n|-damage|p2a: Uxie|4\/100 tox\n|\n|-heal|p2a: Uxie|10\/100 tox|[from] item: Leftovers\n|-damage|p2a: Uxie|0 fnt|[from] psn\n|faint|p2a: Uxie\n|-damage|p1a: Rhydon|70\/100 brn|[from] brn\n|upkeep\n|\n|t:|1599747144\n|switch|p2a: Tapu Fini|Tapu Fini|100\/100\n|-damage|p2a: Tapu Fini|88\/100|[from] Stealth Rock\n|-fieldstart|move: Misty Terrain|[from] ability: Misty Surge|[of] p2a: Tapu Fini\n|turn|13\n|\n|t:|1599747161\n|switch|p1a: Breloom|Breloom, M|100\/100\n|-damage|p1a: Breloom|94\/100|[from] Stealth Rock\n|move|p2a: Tapu Fini|Calm Mind|p2a: Tapu Fini\n|-boost|p2a: Tapu Fini|spa|1\n|-boost|p2a: Tapu Fini|spd|1\n|\n|-heal|p2a: Tapu Fini|94\/100|[from] item: Leftovers\n|upkeep\n|turn|14\n|\n|t:|1599747166\n|switch|p2a: Infernape|Infernape, F|86\/100\n|-damage|p2a: Infernape|74\/100|[from] Stealth Rock\n|move|p1a: Breloom|Bullet Seed|p2a: Infernape\n|-resisted|p2a: Infernape\n|-damage|p2a: Infernape|63\/100\n|-resisted|p2a: Infernape\n|-damage|p2a: Infernape|53\/100\n|-hitcount|p2a: Infernape|2\n|\n|upkeep\n|turn|15\n|\n|t:|1599747179\n|switch|p1a: Rhydon|Rhydon, F|70\/100 brn\n|-damage|p1a: Rhydon|64\/100 brn|[from] Stealth Rock\n|move|p2a: Infernape|Slack Off|p2a: Infernape\n|-heal|p2a: Infernape|100\/100\n|\n|-damage|p1a: Rhydon|58\/100 brn|[from] brn\n|upkeep\n|turn|16\n|\n|t:|1599747186\n|move|p2a: Infernape|U-turn|p1a: Rhydon\n|-damage|p1a: Rhydon|51\/100 brn\n|\n|t:|1599747189\n|switch|p2a: Tapu Fini|Tapu Fini|94\/100|[from]move: U-turn\n|-damage|p2a: Tapu Fini|82\/100|[from] Stealth Rock\n|move|p1a: Rhydon|Earthquake|p2a: Tapu Fini\n|-damage|p2a: Tapu Fini|60\/100\n|\n|-heal|p2a: Tapu Fini|66\/100|[from] item: Leftovers\n|-damage|p1a: Rhydon|45\/100 brn|[from] brn\n|upkeep\n|turn|17\n|\n|t:|1599747193\n|switch|p1a: Clefable|Clefable, F|100\/100\n|move|p2a: Tapu Fini|Hydro Pump|p1a: Clefable\n|-crit|p1a: Clefable\n|-damage|p1a: Clefable|40\/100\n|\n|-heal|p2a: Tapu Fini|73\/100|[from] item: Leftovers\n|-fieldend|Misty Terrain\n|upkeep\n|turn|18\n|\n|t:|1599747199\n|move|p2a: Tapu Fini|Taunt|p1a: Clefable\n|-start|p1a: Clefable|move: Taunt\n|cant|p1a: Clefable|move: Taunt|Soft-Boiled\n|\n|-heal|p2a: Tapu Fini|79\/100|[from] item: Leftovers\n|upkeep\n|turn|19\n|\n|t:|1599747204\n|switch|p1a: Breloom|Breloom, M|94\/100\n|-damage|p1a: Breloom|88\/100|[from] Stealth Rock\n|move|p2a: Tapu Fini|Calm Mind|p2a: Tapu Fini\n|-boost|p2a: Tapu Fini|spa|1\n|-boost|p2a: Tapu Fini|spd|1\n|\n|-heal|p2a: Tapu Fini|85\/100|[from] item: Leftovers\n|upkeep\n|turn|20\n|\n|t:|1599747207\n|switch|p2a: Infernape|Infernape, F|100\/100\n|-damage|p2a: Infernape|88\/100|[from] Stealth Rock\n|move|p1a: Breloom|Bullet Seed|p2a: Infernape\n|-resisted|p2a: Infernape\n|-damage|p2a: Infernape|78\/100\n|-resisted|p2a: Infernape\n|-damage|p2a: Infernape|67\/100\n|-resisted|p2a: Infernape\n|-damage|p2a: Infernape|57\/100\n|-resisted|p2a: Infernape\n|-damage|p2a: Infernape|48\/100\n|-resisted|p2a: Infernape\n|-damage|p2a: Infernape|39\/100\n|-hitcount|p2a: Infernape|5\n|\n|upkeep\n|turn|21\n|\n|t:|1599747213\n|switch|p1a: Rhydon|Rhydon, F|45\/100 brn\n|-damage|p1a: Rhydon|39\/100 brn|[from] Stealth Rock\n|move|p2a: Infernape|Slack Off|p2a: Infernape\n|-heal|p2a: Infernape|89\/100\n|\n|-damage|p1a: Rhydon|33\/100 brn|[from] brn\n|upkeep\n|turn|22\n|j| bxyuqedghu\n|\n|t:|1599747219\n|switch|p1a: Scizor|Scizor-Mega, F|51\/100\n|-damage|p1a: Scizor|38\/100|[from] Stealth Rock\n|move|p2a: Infernape|U-turn|p1a: Scizor\n|-resisted|p1a: Scizor\n|-damage|p1a: Scizor|33\/100\n|\n|t:|1599747222\n|switch|p2a: Manectric|Manectric, M|100\/100|[from]move: U-turn\n|-damage|p2a: Manectric|88\/100|[from] Stealth Rock\n|\n|upkeep\n|turn|23\n|\n|t:|1599747227\n|detailschange|p2a: Manectric|Manectric-Mega, M\n|-mega|p2a: Manectric|Manectric|Manectite\n|-ability|p2a: Manectric|Intimidate|boost\n|-unboost|p1a: Scizor|atk|1\n|move|p1a: Scizor|Bullet Punch|p2a: Manectric\n|-resisted|p2a: Manectric\n|-crit|p2a: Manectric\n|-damage|p2a: Manectric|57\/100\n|move|p2a: Manectric|Flamethrower|p1a: Scizor\n|-supereffective|p1a: Scizor\n|-damage|p1a: Scizor|0 fnt\n|faint|p1a: Scizor\n|\n|upkeep\n|l| bxyuqedghu\n|\n|t:|1599747263\n|switch|p1a: Breloom|Breloom, M|88\/100\n|-damage|p1a: Breloom|82\/100|[from] Stealth Rock\n|turn|24\n|\n|t:|1599747274\n|move|p2a: Manectric|Flamethrower|p1a: Breloom\n|-supereffective|p1a: Breloom\n|-damage|p1a: Breloom|26\/100\n|move|p1a: Breloom|Bullet Seed|p2a: Manectric\n|-damage|p2a: Manectric|30\/100\n|-damage|p2a: Manectric|2\/100\n|-crit|p2a: Manectric\n|-damage|p2a: Manectric|0 fnt\n|-hitcount|p2a: Manectric|3\n|faint|p2a: Manectric\n|\n|upkeep\n|\n|t:|1599747284\n|switch|p2a: Infernape|Infernape, F|89\/100\n|-damage|p2a: Infernape|77\/100|[from] Stealth Rock\n|turn|25\n|\n|t:|1599747290\n|move|p1a: Breloom|Mach Punch|p2a: Infernape\n|-damage|p2a: Infernape|42\/100\n|-damage|p1a: Breloom|9\/100|[from] item: Rocky Helmet|[of] p2a: Infernape\n|move|p2a: Infernape|Flamethrower|p1a: Breloom\n|-supereffective|p1a: Breloom\n|-damage|p1a: Breloom|0 fnt\n|faint|p1a: Breloom\n|\n|upkeep\n|\n|t:|1599747304\n|switch|p1a: Clefable|Clefable, F|40\/100\n|turn|26\n|\n|t:|1599747314\n|move|p2a: Infernape|U-turn|p1a: Clefable\n|-resisted|p1a: Clefable\n|-damage|p1a: Clefable|33\/100\n|-enditem|p1a: Clefable|Kee Berry|[eat]\n|-boost|p1a: Clefable|def|1|[from] item: Kee Berry\n|\n|t:|1599747317\n|switch|p2a: Tapu Fini|Tapu Fini|85\/100|[from]move: U-turn\n|-damage|p2a: Tapu Fini|73\/100|[from] Stealth Rock\n|-fieldstart|move: Misty Terrain|[from] ability: Misty Surge|[of] p2a: Tapu Fini\n|move|p1a: Clefable|Soft-Boiled|p1a: Clefable\n|-heal|p1a: Clefable|83\/100\n|\n|-heal|p2a: Tapu Fini|79\/100|[from] item: Leftovers\n|upkeep\n|turn|27\n|\n|t:|1599747324\n|switch|p1a: Dragonite|Dragonite, M|100\/100\n|-damage|p1a: Dragonite|76\/100|[from] Stealth Rock\n|move|p2a: Tapu Fini|Taunt|p1a: Dragonite\n|-start|p1a: Dragonite|move: Taunt\n|\n|-heal|p2a: Tapu Fini|85\/100|[from] item: Leftovers\n|upkeep\n|turn|28\n|\n|t:|1599747337\n|switch|p2a: Infernape|Infernape, F|42\/100\n|-damage|p2a: Infernape|30\/100|[from] Stealth Rock\n|-zpower|p1a: Dragonite\n|move|p1a: Dragonite|Gigavolt Havoc|p2a: Infernape|[zeffect]\n|-damage|p2a: Infernape|0 fnt\n|faint|p2a: Infernape\n|\n|upkeep\n|\n|t:|1599747354\n|switch|p2a: Landorus|Landorus-Therian, M|100\/100\n|-damage|p2a: Landorus|88\/100|[from] Stealth Rock\n|-ability|p2a: Landorus|Intimidate|boost\n|-unboost|p1a: Dragonite|atk|1\n|turn|29\n|\n|t:|1599747372\n|move|p2a: Landorus|Swords Dance|p2a: Landorus\n|-boost|p2a: Landorus|atk|2\n|move|p1a: Dragonite|Ice Beam|p2a: Landorus\n|-supereffective|p2a: Landorus\n|-damage|p2a: Landorus|0 fnt\n|faint|p2a: Landorus\n|\n|-end|p1a: Dragonite|move: Taunt\n|upkeep\n|\n|t:|1599747388\n|switch|p2a: Tapu Fini|Tapu Fini|85\/100\n|-damage|p2a: Tapu Fini|73\/100|[from] Stealth Rock\n|turn|30\n|\n|t:|1599747391\n|move|p2a: Tapu Fini|Moonblast|p1a: Dragonite\n|-supereffective|p1a: Dragonite\n|-damage|p1a: Dragonite|0 fnt\n|faint|p1a: Dragonite\n|\n|-heal|p2a: Tapu Fini|79\/100|[from] item: Leftovers\n|-fieldend|Misty Terrain\n|upkeep\n|\n|t:|1599747395\n|switch|p1a: Clefable|Clefable, F|83\/100\n|turn|31\n|\n|t:|1599747400\n|move|p2a: Tapu Fini|Taunt|p1a: Clefable\n|-start|p1a: Clefable|move: Taunt\n|cant|p1a: Clefable|move: Taunt|Calm Mind\n|\n|-heal|p2a: Tapu Fini|85\/100|[from] item: Leftovers\n|upkeep\n|turn|32\n|\n|t:|1599747402\n|move|p2a: Tapu Fini|Calm Mind|p2a: Tapu Fini\n|-boost|p2a: Tapu Fini|spa|1\n|-boost|p2a: Tapu Fini|spd|1\n|move|p1a: Clefable|Stored Power|p2a: Tapu Fini\n|-damage|p2a: Tapu Fini|82\/100\n|\n|-heal|p2a: Tapu Fini|88\/100|[from] item: Leftovers\n|upkeep\n|turn|33\n|\n|t:|1599747404\n|move|p2a: Tapu Fini|Calm Mind|p2a: Tapu Fini\n|-boost|p2a: Tapu Fini|spa|1\n|-boost|p2a: Tapu Fini|spd|1\n|move|p1a: Clefable|Stored Power|p2a: Tapu Fini\n|-damage|p2a: Tapu Fini|86\/100\n|\n|-heal|p2a: Tapu Fini|92\/100|[from] item: Leftovers\n|-end|p1a: Clefable|move: Taunt\n|upkeep\n|turn|34\n|c|\u2606Miocchi|gg\n|c|\u2606GeniusX|gg\n|-message|Miocchi forfeited.\n|\n|win|GeniusX\n","uploadtime":1599747414,"views":96,"p1id":"miocchi","p2id":"geniusx","formatid":"gen7draftleague","rating":0,"private":0,"password":null}