{"id":"sports-gen5customgame-303911","p1":"GeniusX","p2":"K!ngSky","format":"gen5customgame","log":"|j|\u2606GeniusX\n|j|\u2606K!ngSky\n|t:|1608614732\n|player|p1|GeniusX|geniusx.gif|\n|player|p2|K!ngSky|265|\n|teamsize|p1|4\n|teamsize|p2|4\n|gametype|singles\n|gen|5\n|tier|[Gen 5] Custom Game\n|bigerror|Warning: One player isn't adhering to a 510 EV limit, and the other player is.\n|html|<button name=\"send\" class=\"button\" value=\"\/timer ds\"><i class=\"fa fa-hourglass-start\"><\/i> DS Timer<\/button> <button name=\"send\" class=\"button\" value=\"\/timer smogon\"><i class=\"fa fa-hourglass-start\"><\/i> Smogon Timer<\/button>\n|\n|t:|1608614732\n|start\n|switch|p1a: Hitsuji|Mareep, L14, M|52\/52\n|switch|p2a: Taillow|Taillow, L14, M|37\/37\n|turn|1\n|inactive|Battle timer is ON: inactive players will automatically lose when time's up. (requested by K!ngSky)\n|j| Demon Ves\n|c| Demon Ves|omg\n|c|\u2606K!ngSky|danger...\n|j| john w\n|j| deez streetz w\n|j| le xrn\n|\n|t:|1608614750\n|switch|p2a: Sewaddle|Sewaddle, L14, M|36\/36\n|move|p1a: Hitsuji|Thunder Wave|p2a: Sewaddle\n|-status|p2a: Sewaddle|par\n|\n|upkeep\n|turn|2\n|\n|t:|1608614757\n|switch|p1a: Sumo|Tepig, L14, F|55\/55\n|move|p2a: Sewaddle|Bug Bite|p1a: Sumo\n|-resisted|p1a: Sumo\n|-damage|p1a: Sumo|50\/55\n|\n|upkeep\n|turn|3\n|j| RCV Deadbolt\n|\n|t:|1608614763\n|switch|p2a: Taillow|Taillow, L14, M|37\/37\n|move|p1a: Sumo|Ember|p2a: Taillow\n|-damage|p2a: Taillow|22\/37\n|\n|upkeep\n|turn|4\n|c| Demon Ves|yall got a server for this\n|c| Demon Ves|if so inv me\n|\n|t:|1608614768\n|switch|p1a: Hitsuji|Mareep, L14, M|52\/52\n|move|p2a: Taillow|Peck|p1a: Hitsuji\n|-resisted|p1a: Hitsuji\n|-damage|p1a: Hitsuji|49\/52\n|\n|upkeep\n|turn|5\n|c| deez streetz w|its the among us server\n|j| 1999 idm room\n|c| deez streetz w|ves\n|\n|t:|1608614771\n|switch|p2a: Snivy|Snivy, L14, F|39\/39\n|switch|p1a: Sumo|Tepig, L14, F|50\/55\n|\n|upkeep\n|turn|6\n|j| YGW Jake\n|c|\u2606K!ngSky|chief\n|c| le xrn|jesus w\n|c| Demon Ves|i think i left that\n|c| deez streetz w|oh rip\n|\n|t:|1608614783\n|move|p1a: Sumo|Ember|p2a: Snivy\n|-supereffective|p2a: Snivy\n|-damage|p2a: Snivy|15\/39\n|-enditem|p2a: Snivy|Oran Berry|[eat]\n|-heal|p2a: Snivy|25\/39|[from] item: Oran Berry\n|move|p2a: Snivy|Tackle|p1a: Sumo\n|-crit|p1a: Sumo\n|-damage|p1a: Sumo|38\/55\n|\n|upkeep\n|turn|7\n|\n|t:|1608614787\n|switch|p2a: Taillow|Taillow, L14, M|22\/37\n|move|p1a: Sumo|Ember|p2a: Taillow\n|-crit|p2a: Taillow\n|-damage|p2a: Taillow|0 fnt\n|faint|p2a: Taillow\n|\n|upkeep\n|\n|t:|1608614790\n|switch|p2a: Butterfree|Butterfree, L14, M|42\/42\n|turn|8\n|c| 1999 idm room|...\n|\n|t:|1608614793\n|move|p2a: Butterfree|Air Cutter|p1a: Sumo\n|debug|compoundeyes - enhancing accuracy\n|-damage|p1a: Sumo|23\/55\n|move|p1a: Sumo|Ember|p2a: Butterfree\n|-supereffective|p2a: Butterfree\n|-damage|p2a: Butterfree|28\/42\n|\n|upkeep\n|turn|9\n|c| 1999 idm room|BRUH\n|c| YGW Jake|.\n|c| le xrn|not him\n|\n|t:|1608614797\n|move|p2a: Butterfree|Air Cutter|p1a: Sumo\n|debug|compoundeyes - enhancing accuracy\n|-damage|p1a: Sumo|8\/55\n|move|p1a: Sumo|Ember|p2a: Butterfree\n|debug|Blaze boost\n|-supereffective|p2a: Butterfree\n|-damage|p2a: Butterfree|8\/42\n|-enditem|p2a: Butterfree|Oran Berry|[eat]\n|-heal|p2a: Butterfree|18\/42|[from] item: Oran Berry\n|\n|upkeep\n|turn|10\n|c| YGW Jake|sky\n|\n|t:|1608614804\n|switch|p1a: Hitsuji|Mareep, L14, M|49\/52\n|move|p2a: Butterfree|Air Cutter|p1a: Hitsuji\n|debug|compoundeyes - enhancing accuracy\n|-resisted|p1a: Hitsuji\n|-damage|p1a: Hitsuji|42\/52\n|\n|upkeep\n|turn|11\n|c| 1999 idm room|hof luck equipped\n|c| le xrn|sky has hof bad equipped\n|\n|t:|1608614809\n|move|p2a: Butterfree|Sleep Powder|p1a: Hitsuji\n|debug|compoundeyes - enhancing accuracy\n|-status|p1a: Hitsuji|slp|[from] move: Sleep Powder\n|cant|p1a: Hitsuji|slp\n|\n|upkeep\n|turn|12\n|c| YGW Jake|about time u clciked that\n|c|\u2606K!ngSky|epic\n|c| RCV Deadbolt|LOL\n|\n|t:|1608614817\n|move|p2a: Butterfree|Bug Bite|p1a: Hitsuji\n|debug|compoundeyes - enhancing accuracy\n|-damage|p1a: Hitsuji|33\/52 slp\n|cant|p1a: Hitsuji|slp\n|\n|upkeep\n|turn|13\n|c| john w|LOL\n|c| john w|LOOOOOL\n|\n|t:|1608614820\n|switch|p2a: Snivy|Snivy, L14, F|25\/39\n|cant|p1a: Hitsuji|slp\n|\n|upkeep\n|turn|14\n|c| YGW Jake|..\n|\n|t:|1608614822\n|switch|p1a: Trash|Kricketune, L14, F|49\/49\n|move|p2a: Snivy|Vine Whip|p1a: Trash\n|-resisted|p1a: Trash\n|-damage|p1a: Trash|46\/49\n|\n|upkeep\n|turn|15\n|c| deez streetz w|6\n|\n|t:|1608614827\n|switch|p2a: Butterfree|Butterfree, L14, M|18\/42\n|move|p1a: Trash|Bug Bite|p2a: Butterfree\n|debug|Base Power: 60\n|debug|Technician boost\n|-resisted|p2a: Butterfree\n|-damage|p2a: Butterfree|4\/42\n|\n|upkeep\n|turn|16\n|c| john w|LOL\n|c| le xrn|LOL\n|c| john w|KRIKETUNE\n|c| john w|GOAT\n|c| YGW Jake|Perdemos\n|c|\u2606K!ngSky|bro\n|\n|t:|1608614839\n|move|p2a: Butterfree|Air Cutter|p1a: Trash\n|debug|compoundeyes - enhancing accuracy\n|-supereffective|p1a: Trash\n|-damage|p1a: Trash|16\/49\n|-enditem|p1a: Trash|Oran Berry|[eat]\n|-heal|p1a: Trash|26\/49|[from] item: Oran Berry\n|move|p1a: Trash|Bug Bite|p2a: Butterfree\n|debug|Base Power: 60\n|debug|Technician boost\n|-resisted|p2a: Butterfree\n|-damage|p2a: Butterfree|0 fnt\n|faint|p2a: Butterfree\n|\n|upkeep\n|c|\u2606K!ngSky|this mu is unwinnable\n|c| john w|phew\n|\n|t:|1608614843\n|switch|p2a: Snivy|Snivy, L14, F|25\/39\n|turn|17\n|\n|t:|1608614845\n|move|p1a: Trash|Bug Bite|p2a: Snivy\n|debug|Base Power: 60\n|debug|Technician boost\n|-supereffective|p2a: Snivy\n|-damage|p2a: Snivy|0 fnt\n|faint|p2a: Snivy\n|\n|upkeep\n|c| RCV Deadbolt|Sky literally sacked all his HP like a tard and complains\n|\n|t:|1608614847\n|switch|p2a: Sewaddle|Sewaddle, L14, M|36\/36 par\n|turn|18\n|c|\u2606GeniusX|gg\n|c| john w|LOL\n|l| 1999 idm room\n|c|\u2606K!ngSky|bolt\n|c| john w|ggs boys\n|c|\u2606K!ngSky|whats my tepig answer\n|c|\u2606K!ngSky|PLEASE\n|c| john w|see ya gym 2\n|\n|t:|1608614859\n|move|p1a: Trash|Bug Bite|p2a: Sewaddle\n|debug|Base Power: 60\n|debug|Technician boost\n|-supereffective|p2a: Sewaddle\n|-damage|p2a: Sewaddle|0 fnt\n|-enditem|p2a: Sewaddle|Oran Berry|[from] stealeat|[move] Bug Bite|[of] p1a: Trash\n|-heal|p1a: Trash|36\/49|[from] item: Oran Berry\n|faint|p2a: Sewaddle\n|\n|win|GeniusX\n|c| le xrn|ggs\n|c|\u2606GeniusX|timid blaze tepig\n|c|\u2606GeniusX|oml\n|l| Demon Ves\n","uploadtime":1608614867,"views":68,"p1id":"geniusx","p2id":"kngsky","formatid":"gen5customgame","rating":0,"private":0,"password":null}