{"id":"sports-gen8nationaldexdraft-587550","p1":"AsterJ","p2":"InfernoSam1904","format":"gen8nationaldexdraft","log":"|j|\u2606AsterJ\n|j|\u2606InfernoSam1904\n|t:|1644170703\n|gametype|singles\n|player|p1|AsterJ|asterj.png|\n|player|p2|InfernoSam1904|psychic-gen3|\n|teamsize|p1|6\n|teamsize|p2|6\n|gen|8\n|tier|[Gen 8] National Dex Draft\n|rule|Sleep Clause Mod: Limit one foe put to sleep\n|rule|OHKO Clause: OHKO moves are banned\n|rule|Evasion Moves Clause: Evasion moves are banned\n|rule|Endless Battle Clause: Forcing endless battles is banned\n|rule|HP Percentage Mod: HP is shown in percentages\n|rule|Dynamax Clause: You cannot dynamax\n|clearpoke\n|poke|p1|Arceus-*|\n|poke|p1|Tapu Fini|\n|poke|p1|Zygarde|\n|poke|p1|Talonflame, M|\n|poke|p1|Mawile, M|\n|poke|p1|Rotom-Wash|\n|poke|p2|Arceus-*|\n|poke|p2|Rillaboom, M|\n|poke|p2|Marshadow|\n|poke|p2|Primarina, F|\n|poke|p2|Scizor, M|\n|poke|p2|Mewtwo|\n|teampreview\n|html|<button name=\"send\" class=\"button\" value=\"\/timer ds\"><i class=\"fa fa-hourglass-start\"><\/i> DS Timer<\/button> <button name=\"send\" class=\"button\" value=\"\/timer smogon\"><i class=\"fa fa-hourglass-start\"><\/i> Smogon Timer<\/button>\n|c|\u2606AsterJ|Gl hf!\n|c|\u2606InfernoSam1904|u2!\n|j| Senpac\n|\n|t:|1644170829\n|start\n|switch|p1a: Rotom|Rotom-Wash|100\/100\n|switch|p2a: Okina|Arceus-Ground|100\/100\n|turn|1\n|\n|t:|1644170859\n|move|p2a: Okina|Stealth Rock|p1a: Rotom\n|-sidestart|p1: AsterJ|move: Stealth Rock\n|move|p1a: Rotom|Hydro Pump|p2a: Okina\n|-supereffective|p2a: Okina\n|-damage|p2a: Okina|40\/100\n|\n|upkeep\n|turn|2\n|j| UnviaSlick\n|\n|t:|1644170879\n|switch|p2a: gorilla|Rillaboom, M|100\/100\n|-fieldstart|move: Grassy Terrain|[from] ability: Grassy Surge|[of] p2a: gorilla\n|move|p1a: Rotom|Nasty Plot|p1a: Rotom\n|-boost|p1a: Rotom|spa|2\n|\n|upkeep\n|turn|3\n|l| UnviaSlick\n|\n|t:|1644170916\n|switch|p1a: Mawile|Mawile, M|100\/100\n|-damage|p1a: Mawile|95\/100|[from] Stealth Rock\n|-ability|p1a: Mawile|Intimidate|boost\n|-unboost|p2a: gorilla|atk|1\n|move|p2a: gorilla|Wood Hammer|p1a: Mawile\n|-resisted|p1a: Mawile\n|-damage|p1a: Mawile|41\/100\n|-damage|p2a: gorilla|87\/100|[from] Recoil\n|\n|-heal|p2a: gorilla|93\/100|[from] Grassy Terrain\n|-heal|p1a: Mawile|47\/100|[from] Grassy Terrain\n|upkeep\n|turn|4\n|\n|t:|1644171073\n|switch|p2a: Anahita|Primarina, F|100\/100\n|detailschange|p1a: Mawile|Mawile-Mega, M\n|-mega|p1a: Mawile|Mawile|Mawilite\n|move|p1a: Mawile|Stealth Rock|p2a: Anahita\n|-sidestart|p2: InfernoSam1904|move: Stealth Rock\n|\n|-heal|p1a: Mawile|53\/100|[from] Grassy Terrain\n|upkeep\n|turn|5\n|\n|t:|1644171092\n|switch|p1a: Rotom|Rotom-Wash|100\/100\n|-damage|p1a: Rotom|88\/100|[from] Stealth Rock\n|move|p2a: Anahita|Moonblast|p1a: Rotom\n|-damage|p1a: Rotom|10\/100\n|\n|-heal|p1a: Rotom|17\/100|[from] item: Leftovers\n|upkeep\n|turn|6\n|\n|t:|1644171126\n|switch|p2a: Okina|Arceus-Ground|40\/100\n|-damage|p2a: Okina|33\/100|[from] Stealth Rock\n|move|p1a: Rotom|Pain Split|p2a: Okina\n|-sethp|p2a: Okina|21\/100|[from] move: Pain Split|[silent]\n|-sethp|p1a: Rotom|38\/100|[from] move: Pain Split\n|\n|-heal|p2a: Okina|27\/100|[from] Grassy Terrain\n|-heal|p1a: Rotom|45\/100|[from] item: Leftovers\n|-fieldend|move: Grassy Terrain\n|upkeep\n|turn|7\n|\n|t:|1644171149\n|switch|p2a: gorilla|Rillaboom, M|93\/100\n|-damage|p2a: gorilla|81\/100|[from] Stealth Rock\n|-fieldstart|move: Grassy Terrain|[from] ability: Grassy Surge|[of] p2a: gorilla\n|move|p1a: Rotom|Hydro Pump|p2a: gorilla\n|-resisted|p2a: gorilla\n|-damage|p2a: gorilla|56\/100\n|\n|-heal|p1a: Rotom|51\/100|[from] item: Leftovers\n|-heal|p2a: gorilla|62\/100|[from] Grassy Terrain\n|upkeep\n|turn|8\n|\n|t:|1644171160\n|switch|p1a: Mawile|Mawile-Mega, M|53\/100\n|-damage|p1a: Mawile|47\/100|[from] Stealth Rock\n|move|p2a: gorilla|Knock Off|p1a: Mawile\n|-resisted|p1a: Mawile\n|-damage|p1a: Mawile|30\/100\n|\n|-heal|p2a: gorilla|68\/100|[from] Grassy Terrain\n|-heal|p1a: Mawile|36\/100|[from] Grassy Terrain\n|upkeep\n|turn|9\n|\n|t:|1644171179\n|switch|p2a: Karav|Scizor, M|100\/100\n|-damage|p2a: Karav|88\/100|[from] Stealth Rock\n|move|p1a: Mawile|Play Rough|p2a: Karav\n|-resisted|p2a: Karav\n|-damage|p2a: Karav|61\/100\n|\n|-heal|p2a: Karav|67\/100|[from] Grassy Terrain\n|-heal|p1a: Mawile|42\/100|[from] Grassy Terrain\n|upkeep\n|turn|10\n|j| thebeardydragon\n|\n|t:|1644171283\n|move|p2a: Karav|Roost|p2a: Karav\n|-heal|p2a: Karav|100\/100\n|-singleturn|p2a: Karav|move: Roost\n|move|p1a: Mawile|Fire Fang|p2a: Karav\n|-supereffective|p2a: Karav\n|-damage|p2a: Karav|0 fnt\n|faint|p2a: Karav\n|\n|-heal|p1a: Mawile|48\/100|[from] Grassy Terrain\n|upkeep\n|\n|t:|1644171327\n|switch|p2a: Anahita|Primarina, F|100\/100\n|-damage|p2a: Anahita|88\/100|[from] Stealth Rock\n|turn|11\n|\n|t:|1644171331\n|move|p2a: Anahita|Moonblast|p1a: Mawile\n|-resisted|p1a: Mawile\n|-damage|p1a: Mawile|11\/100\n|move|p1a: Mawile|Play Rough|p2a: Anahita\n|-damage|p2a: Anahita|7\/100\n|\n|-heal|p2a: Anahita|13\/100|[from] Grassy Terrain\n|-heal|p1a: Mawile|17\/100|[from] Grassy Terrain\n|-fieldend|move: Grassy Terrain\n|upkeep\n|turn|12\n|\n|t:|1644171349\n|move|p2a: Anahita|Moonblast|p1a: Mawile\n|-resisted|p1a: Mawile\n|-damage|p1a: Mawile|0 fnt\n|faint|p1a: Mawile\n|\n|upkeep\n|\n|t:|1644171395\n|switch|p1a: Talonflame|Talonflame, M|100\/100\n|turn|13\n|\n|t:|1644171398\n|move|p1a: Talonflame|Brave Bird|p2a: Anahita\n|-damage|p2a: Anahita|0 fnt\n|faint|p2a: Anahita\n|-damage|p1a: Talonflame|96\/100|[from] Recoil\n|\n|upkeep\n|\n|t:|1644171427\n|switch|p2a: Nier|Mewtwo|100\/100\n|-damage|p2a: Nier|88\/100|[from] Stealth Rock\n|-ability|p2a: Nier|Pressure\n|turn|14\n|\n|t:|1644171472\n|move|p1a: Talonflame|U-turn|p2a: Nier\n|-supereffective|p2a: Nier\n|-damage|p2a: Nier|60\/100\n|\n|t:|1644171500\n|switch|p1a: Tapu Fini|Tapu Fini|100\/100|[from]move: U-turn\n|-damage|p1a: Tapu Fini|88\/100|[from] Stealth Rock\n|-fieldstart|move: Misty Terrain|[from] ability: Misty Surge|[of] p1a: Tapu Fini\n|move|p2a: Nier|Reflect|p2a: Nier\n|-sidestart|p2: InfernoSam1904|Reflect\n|\n|-heal|p1a: Tapu Fini|94\/100|[from] item: Leftovers\n|upkeep\n|turn|15\n|\n|t:|1644171511\n|move|p2a: Nier|Energy Ball|p1a: Tapu Fini\n|-supereffective|p1a: Tapu Fini\n|-damage|p1a: Tapu Fini|47\/100\n|move|p1a: Tapu Fini|Taunt|p2a: Nier\n|-start|p2a: Nier|move: Taunt\n|\n|-heal|p1a: Tapu Fini|53\/100|[from] item: Leftovers\n|upkeep\n|turn|16\n|\n|t:|1644171529\n|move|p2a: Nier|Energy Ball|p1a: Tapu Fini\n|-supereffective|p1a: Tapu Fini\n|-damage|p1a: Tapu Fini|5\/100\n|move|p1a: Tapu Fini|Moonblast|p2a: Nier\n|-damage|p2a: Nier|29\/100\n|\n|-heal|p1a: Tapu Fini|12\/100|[from] item: Leftovers\n|upkeep\n|turn|17\n|l| thebeardydragon\n|\n|t:|1644171546\n|move|p2a: Nier|Energy Ball|p1a: Tapu Fini\n|-supereffective|p1a: Tapu Fini\n|-crit|p1a: Tapu Fini\n|-damage|p1a: Tapu Fini|0 fnt\n|faint|p1a: Tapu Fini\n|\n|upkeep\n|\n|t:|1644171646\n|switch|p1a: Arceus|Arceus|100\/100\n|-damage|p1a: Arceus|88\/100|[from] Stealth Rock\n|turn|18\n|\n|t:|1644171684\n|switch|p2a: gorilla|Rillaboom, M|68\/100\n|-damage|p2a: gorilla|56\/100|[from] Stealth Rock\n|-fieldstart|move: Grassy Terrain|[from] ability: Grassy Surge|[of] p2a: gorilla\n|move|p1a: Arceus|Shadow Claw|p2a: gorilla\n|-crit|p2a: gorilla\n|-damage|p2a: gorilla|23\/100\n|\n|-heal|p1a: Arceus|94\/100|[from] Grassy Terrain\n|-heal|p2a: gorilla|29\/100|[from] Grassy Terrain\n|upkeep\n|turn|19\n|\n|t:|1644171716\n|switch|p1a: Zygarde|Zygarde|100\/100\n|-damage|p1a: Zygarde|94\/100|[from] Stealth Rock\n|move|p2a: gorilla|Knock Off|p1a: Zygarde\n|-damage|p1a: Zygarde|63\/100\n|-enditem|p1a: Zygarde|Leftovers|[from] move: Knock Off|[of] p2a: gorilla\n|\n|-heal|p1a: Zygarde|69\/100|[from] Grassy Terrain\n|-heal|p2a: gorilla|35\/100|[from] Grassy Terrain\n|upkeep\n|turn|20\n|\n|t:|1644171730\n|switch|p2a: Okina|Arceus-Ground|27\/100\n|-damage|p2a: Okina|21\/100|[from] Stealth Rock\n|move|p1a: Zygarde|Glare|p2a: Okina\n|-status|p2a: Okina|par\n|\n|-heal|p1a: Zygarde|75\/100|[from] Grassy Terrain\n|-heal|p2a: Okina|27\/100 par|[from] Grassy Terrain\n|upkeep\n|turn|21\n|\n|t:|1644171742\n|move|p1a: Zygarde|Thousand Arrows|p2a: Okina\n|-damage|p2a: Okina|18\/100 par\n|move|p2a: Okina|Recover|p2a: Okina\n|-heal|p2a: Okina|68\/100 par\n|\n|-heal|p1a: Zygarde|81\/100|[from] Grassy Terrain\n|-heal|p2a: Okina|75\/100 par|[from] Grassy Terrain\n|-sideend|p2: InfernoSam1904|Reflect\n|upkeep\n|turn|22\n|\n|t:|1644171753\n|move|p1a: Zygarde|Substitute|p1a: Zygarde\n|-start|p1a: Zygarde|Substitute\n|-damage|p1a: Zygarde|56\/100\n|move|p2a: Okina|Ice Beam|p1a: Zygarde\n|-supereffective|p1a: Zygarde\n|-end|p1a: Zygarde|Substitute\n|\n|-heal|p1a: Zygarde|62\/100|[from] Grassy Terrain\n|-heal|p2a: Okina|81\/100 par|[from] Grassy Terrain\n|-fieldend|move: Grassy Terrain\n|upkeep\n|turn|23\n|\n|t:|1644171759\n|switch|p1a: Rotom|Rotom-Wash|51\/100\n|-damage|p1a: Rotom|38\/100|[from] Stealth Rock\n|move|p2a: Okina|Ice Beam|p1a: Rotom\n|-resisted|p1a: Rotom\n|-crit|p1a: Rotom\n|-damage|p1a: Rotom|20\/100\n|\n|-heal|p1a: Rotom|26\/100|[from] item: Leftovers\n|upkeep\n|turn|24\n|\n|t:|1644171768\n|switch|p2a: gorilla|Rillaboom, M|35\/100\n|-damage|p2a: gorilla|23\/100|[from] Stealth Rock\n|-fieldstart|move: Grassy Terrain|[from] ability: Grassy Surge|[of] p2a: gorilla\n|move|p1a: Rotom|Hydro Pump|p2a: gorilla\n|-resisted|p2a: gorilla\n|-crit|p2a: gorilla\n|-damage|p2a: gorilla|0 fnt\n|faint|p2a: gorilla\n|\n|-heal|p1a: Rotom|32\/100|[from] item: Leftovers\n|upkeep\n|\n|t:|1644171778\n|switch|p2a: Nier|Mewtwo|29\/100\n|-damage|p2a: Nier|16\/100|[from] Stealth Rock\n|-ability|p2a: Nier|Pressure\n|turn|25\n|\n|t:|1644171786\n|move|p2a: Nier|Reflect|p2a: Nier\n|-sidestart|p2: InfernoSam1904|Reflect\n|move|p1a: Rotom|Volt Switch|p2a: Nier\n|-damage|p2a: Nier|0 fnt\n|faint|p2a: Nier\n|\n|t:|1644171795\n|switch|p1a: Zygarde|Zygarde|62\/100|[from]move: Volt Switch\n|-damage|p1a: Zygarde|56\/100|[from] Stealth Rock\n|\n|-heal|p1a: Zygarde|62\/100|[from] Grassy Terrain\n|upkeep\n|\n|t:|1644171815\n|switch|p2a: justflipacoin.com|Marshadow|100\/100\n|-damage|p2a: justflipacoin.com|94\/100|[from] Stealth Rock\n|turn|26\n|\n|t:|1644171821\n|move|p2a: justflipacoin.com|Close Combat|p1a: Zygarde\n|-damage|p1a: Zygarde|11\/100\n|-unboost|p2a: justflipacoin.com|def|1\n|-unboost|p2a: justflipacoin.com|spd|1\n|-damage|p2a: justflipacoin.com|84\/100|[from] item: Life Orb\n|move|p1a: Zygarde|Glare|p2a: justflipacoin.com\n|-status|p2a: justflipacoin.com|par\n|\n|-heal|p1a: Zygarde|17\/100|[from] Grassy Terrain\n|-heal|p2a: justflipacoin.com|91\/100 par|[from] Grassy Terrain\n|-activate|p1a: Zygarde|ability: Power Construct\n|detailschange|p1a: Zygarde|Zygarde-Complete\n|-heal|p1a: Zygarde|48\/100|[silent]\n|upkeep\n|turn|27\n|\n|t:|1644171831\n|move|p1a: Zygarde|Coil|p1a: Zygarde\n|-boost|p1a: Zygarde|atk|1\n|-boost|p1a: Zygarde|def|1\n|-boost|p1a: Zygarde|accuracy|1\n|cant|p2a: justflipacoin.com|par\n|\n|-heal|p1a: Zygarde|54\/100|[from] Grassy Terrain\n|-heal|p2a: justflipacoin.com|97\/100 par|[from] Grassy Terrain\n|upkeep\n|turn|28\n|c|\u2606InfernoSam1904|gg\n|\n|t:|1644171838\n|move|p1a: Zygarde|Thousand Arrows|p2a: justflipacoin.com\n|-damage|p2a: justflipacoin.com|49\/100 par\n|move|p2a: justflipacoin.com|Close Combat|p1a: Zygarde\n|-damage|p1a: Zygarde|36\/100\n|-unboost|p2a: justflipacoin.com|def|1\n|-unboost|p2a: justflipacoin.com|spd|1\n|-damage|p2a: justflipacoin.com|39\/100 par|[from] item: Life Orb\n|\n|-heal|p1a: Zygarde|42\/100|[from] Grassy Terrain\n|-heal|p2a: justflipacoin.com|46\/100 par|[from] Grassy Terrain\n|-fieldend|move: Grassy Terrain\n|upkeep\n|turn|29\n|\n|t:|1644171845\n|move|p1a: Zygarde|Thousand Arrows|p2a: justflipacoin.com\n|-damage|p2a: justflipacoin.com|0 fnt\n|faint|p2a: justflipacoin.com\n|\n|upkeep\n|\n|t:|1644171847\n|switch|p2a: Okina|Arceus-Ground|81\/100 par\n|-damage|p2a: Okina|75\/100 par|[from] Stealth Rock\n|turn|30\n|\n|t:|1644171851\n|move|p1a: Zygarde|Thousand Arrows|p2a: Okina\n|-crit|p2a: Okina\n|-damage|p2a: Okina|33\/100 par\n|cant|p2a: Okina|par\n|\n|upkeep\n|turn|31\n|\n|t:|1644171855\n|move|p1a: Zygarde|Thousand Arrows|p2a: Okina\n|-damage|p2a: Okina|18\/100 par\n|cant|p2a: Okina|par\n|\n|upkeep\n|turn|32\n|\n|t:|1644171860\n|move|p1a: Zygarde|Thousand Arrows|p2a: Okina\n|-damage|p2a: Okina|5\/100 par\n|move|p2a: Okina|Recover|p2a: Okina\n|-heal|p2a: Okina|55\/100 par\n|\n|-sideend|p2: InfernoSam1904|Reflect\n|upkeep\n|turn|33\n|c|\u2606AsterJ|Gg\n|\n|t:|1644171867\n|move|p1a: Zygarde|Thousand Arrows|p2a: Okina\n|-damage|p2a: Okina|25\/100 par\n|cant|p2a: Okina|par\n|\n|upkeep\n|turn|34\n|\n|t:|1644171871\n|move|p1a: Zygarde|Thousand Arrows|p2a: Okina\n|-crit|p2a: Okina\n|-damage|p2a: Okina|0 fnt\n|faint|p2a: Okina\n|\n|win|AsterJ\n","uploadtime":1644171878,"views":20,"p1id":"asterj","p2id":"infernosam1904","formatid":"gen8nationaldexdraft","rating":0,"private":0,"password":null}