{"id":"sports-gen8nationaldexdraft-664899","p1":"G00Man","p2":"DjezzeMwoan","format":"gen8nationaldexdraft","log":"|j|\u2606G00Man\n|j|\u2606DjezzeMwoan\n|t:|1654694662\n|gametype|singles\n|player|p1|G00Man|giovanni-gen3|\n|player|p2|DjezzeMwoan|gambler|\n|teamsize|p1|6\n|teamsize|p2|6\n|gen|8\n|tier|[Gen 8] National Dex Draft\n|rule|Sleep Clause Mod: Limit one foe put to sleep\n|rule|OHKO Clause: OHKO moves are banned\n|rule|Evasion Moves Clause: Evasion moves are banned\n|rule|Endless Battle Clause: Forcing endless battles is banned\n|rule|HP Percentage Mod: HP is shown in percentages\n|rule|Dynamax Clause: You cannot dynamax\n|clearpoke\n|poke|p1|Arceus-*|\n|poke|p1|Xerneas-*|\n|poke|p1|Crawdaunt, F|\n|poke|p1|Rotom-Heat|\n|poke|p1|Metagross|\n|poke|p1|Crobat, F|\n|poke|p2|Mewtwo|\n|poke|p2|Magearna|\n|poke|p2|Greninja, M|\n|poke|p2|Hydreigon, F|\n|poke|p2|Galvantula, M|\n|poke|p2|Infernape, M|\n|teampreview\n|html|<button name=\"send\" class=\"button\" value=\"\/timer ds\"><i class=\"fa fa-hourglass-start\"><\/i> DS Timer<\/button> <button name=\"send\" class=\"button\" value=\"\/timer smogon\"><i class=\"fa fa-hourglass-start\"><\/i> Smogon Timer<\/button>\n|c|\u2606DjezzeMwoan|glhf\n|c|\u2606G00Man|you too\n|\n|t:|1654694791\n|start\n|switch|p1a: Hunk of Steel|Metagross, shiny|100\/100\n|switch|p2a: Ty Lee|Greninja, M|100\/100\n|turn|1\n|\n|t:|1654694825\n|detailschange|p1a: Hunk of Steel|Metagross-Mega, shiny\n|-mega|p1a: Hunk of Steel|Metagross|Metagrossite\n|move|p2a: Ty Lee|Dark Pulse|p1a: Hunk of Steel\n|-start|p2a: Ty Lee|typechange|Dark|[from] ability: Protean\n|-supereffective|p1a: Hunk of Steel\n|-damage|p1a: Hunk of Steel|27\/100\n|move|p1a: Hunk of Steel|Meteor Mash|p2a: Ty Lee\n|-damage|p2a: Ty Lee|0 fnt\n|faint|p2a: Ty Lee\n|\n|upkeep\n|\n|t:|1654694851\n|switch|p2a: Suki|Galvantula, M, shiny|100\/100\n|turn|2\n|\n|t:|1654694863\n|move|p1a: Hunk of Steel|Meteor Mash|p2a: Suki\n|-resisted|p2a: Suki\n|-damage|p2a: Suki|40\/100\n|move|p2a: Suki|Volt Switch|p1a: Hunk of Steel\n|-damage|p1a: Hunk of Steel|0 fnt\n|faint|p1a: Hunk of Steel\n|\n|t:|1654694876\n|switch|p2a: Roku|Mewtwo|100\/100|[from]move: Volt Switch\n|-ability|p2a: Roku|Pressure\n|\n|upkeep\n|\n|t:|1654694923\n|switch|p1a: XGONGIVEITTOYOU|Xerneas|100\/100\n|-ability|p1a: XGONGIVEITTOYOU|Fairy Aura\n|turn|3\n|\n|t:|1654694959\n|move|p1a: XGONGIVEITTOYOU|Moonblast|p2a: Roku\n|-damage|p2a: Roku|42\/100\n|-unboost|p2a: Roku|spa|1\n|move|p2a: Roku|Calm Mind|p2a: Roku\n|-boost|p2a: Roku|spa|1\n|-boost|p2a: Roku|spd|1\n|\n|-heal|p2a: Roku|48\/100|[from] item: Leftovers\n|upkeep\n|turn|4\n|\n|t:|1654694965\n|move|p1a: XGONGIVEITTOYOU|Moonblast|p2a: Roku\n|-damage|p2a: Roku|10\/100\n|-unboost|p2a: Roku|spa|1\n|move|p2a: Roku|Recover|p2a: Roku\n|-heal|p2a: Roku|60\/100\n|\n|-heal|p2a: Roku|66\/100|[from] item: Leftovers\n|upkeep\n|turn|5\n|\n|t:|1654695065\n|switch|p1a: Zoro|Crawdaunt, F|100\/100\n|move|p2a: Roku|Recover|p2a: Roku\n|-heal|p2a: Roku|100\/100\n|\n|upkeep\n|turn|6\n|\n|t:|1654695130\n|switch|p2a: Azula|Hydreigon, F|100\/100\n|move|p1a: Zoro|Knock Off|p2a: Azula\n|-resisted|p2a: Azula\n|-damage|p2a: Azula|71\/100\n|-enditem|p2a: Azula|Chople Berry|[from] move: Knock Off|[of] p1a: Zoro\n|-damage|p1a: Zoro|91\/100|[from] item: Life Orb\n|\n|upkeep\n|turn|7\n|\n|t:|1654695201\n|switch|p1a: XGONGIVEITTOYOU|Xerneas|100\/100\n|-ability|p1a: XGONGIVEITTOYOU|Fairy Aura\n|move|p2a: Azula|U-turn|p1a: XGONGIVEITTOYOU\n|-resisted|p1a: XGONGIVEITTOYOU\n|-damage|p1a: XGONGIVEITTOYOU|94\/100\n|\n|t:|1654695205\n|switch|p2a: Iroh|Magearna|100\/100|[from]move: U-turn\n|\n|upkeep\n|turn|8\n|\n|t:|1654695208\n|switch|p1a: LG Oven|Rotom-Heat|100\/100\n|move|p2a: Iroh|Baton Pass|p2a: Iroh\n|\n|t:|1654695219\n|switch|p2a: Roku|Mewtwo|100\/100|[from]move: Baton Pass\n|-ability|p2a: Roku|Pressure\n|\n|upkeep\n|turn|9\n|\n|t:|1654695300\n|move|p2a: Roku|Psystrike|p1a: LG Oven\n|-damage|p1a: LG Oven|52\/100\n|move|p1a: LG Oven|Volt Switch|p2a: Roku\n|-damage|p2a: Roku|81\/100\n|\n|t:|1654695307\n|switch|p1a: Zoro|Crawdaunt, F|91\/100|[from]move: Volt Switch\n|\n|-heal|p2a: Roku|87\/100|[from] item: Leftovers\n|upkeep\n|turn|10\n|\n|t:|1654695315\n|switch|p2a: Azula|Hydreigon, F|71\/100\n|move|p1a: Zoro|Knock Off|p2a: Azula\n|-resisted|p2a: Azula\n|-damage|p2a: Azula|49\/100\n|-damage|p1a: Zoro|81\/100|[from] item: Life Orb\n|\n|upkeep\n|turn|11\n|\n|t:|1654695326\n|switch|p1a: Allfather|Arceus-Electric|100\/100\n|move|p2a: Azula|Roost|p2a: Azula\n|-heal|p2a: Azula|99\/100\n|-singleturn|p2a: Azula|move: Roost\n|\n|upkeep\n|turn|12\n|\n|t:|1654695333\n|switch|p2a: Roku|Mewtwo|87\/100\n|-ability|p2a: Roku|Pressure\n|move|p1a: Allfather|Calm Mind|p1a: Allfather\n|-boost|p1a: Allfather|spa|1\n|-boost|p1a: Allfather|spd|1\n|\n|-heal|p2a: Roku|93\/100|[from] item: Leftovers\n|upkeep\n|turn|13\n|\n|t:|1654695381\n|move|p2a: Roku|Calm Mind|p2a: Roku\n|-boost|p2a: Roku|spa|1\n|-boost|p2a: Roku|spd|1\n|move|p1a: Allfather|Judgment|p2a: Roku\n|-damage|p2a: Roku|49\/100\n|\n|-heal|p2a: Roku|55\/100|[from] item: Leftovers\n|upkeep\n|turn|14\n|\n|t:|1654695417\n|switch|p1a: Zoro|Crawdaunt, F|81\/100\n|move|p2a: Roku|Recover|p2a: Roku\n|-heal|p2a: Roku|100\/100\n|\n|upkeep\n|turn|15\n|\n|t:|1654695432\n|switch|p2a: Azula|Hydreigon, F|99\/100\n|move|p1a: Zoro|Knock Off|p2a: Azula\n|-resisted|p2a: Azula\n|-damage|p2a: Azula|78\/100\n|-damage|p1a: Zoro|71\/100|[from] item: Life Orb\n|\n|upkeep\n|turn|16\n|\n|t:|1654695532\n|switch|p1a: LG Oven|Rotom-Heat|52\/100\n|move|p2a: Azula|U-turn|p1a: LG Oven\n|-resisted|p1a: LG Oven\n|-damage|p1a: LG Oven|44\/100\n|\n|t:|1654695538\n|switch|p2a: Zuko|Infernape, M|100\/100|[from]move: U-turn\n|\n|upkeep\n|turn|17\n|\n|t:|1654695542\n|move|p2a: Zuko|Close Combat|p1a: LG Oven\n|-damage|p1a: LG Oven|0 fnt\n|-unboost|p2a: Zuko|def|1\n|-unboost|p2a: Zuko|spd|1\n|faint|p1a: LG Oven\n|-damage|p2a: Zuko|91\/100|[from] item: Life Orb\n|\n|upkeep\n|\n|t:|1654695572\n|switch|p1a: Allfather|Arceus-Electric|100\/100\n|turn|18\n|c|\u2606DjezzeMwoan|infernape has to be one of my worst mons that ive drafted\n|c|\u2606DjezzeMwoan|like it barely does anythign every time i bring it\n|\n|t:|1654695647\n|switch|p2a: Roku|Mewtwo|100\/100\n|-ability|p2a: Roku|Pressure\n|move|p1a: Allfather|Judgment|p2a: Roku\n|-damage|p2a: Roku|59\/100\n|\n|-heal|p2a: Roku|65\/100|[from] item: Leftovers\n|upkeep\n|turn|19\n|c|\u2606DjezzeMwoan|look it killed a 44% rotom heat\n|c|\u2606DjezzeMwoan|couldve done that with a basculin lmfao\n|\n|t:|1654695667\n|switch|p1a: Zoro|Crawdaunt, F|71\/100\n|move|p2a: Roku|Recover|p2a: Roku\n|-heal|p2a: Roku|100\/100\n|\n|upkeep\n|turn|20\n|\n|t:|1654695672\n|switch|p2a: Azula|Hydreigon, F|78\/100\n|switch|p1a: XGONGIVEITTOYOU|Xerneas|94\/100\n|-ability|p1a: XGONGIVEITTOYOU|Fairy Aura\n|\n|upkeep\n|turn|21\n|\n|t:|1654695681\n|switch|p2a: Iroh|Magearna|100\/100\n|move|p1a: XGONGIVEITTOYOU|Thunder|p2a: Iroh|[miss]\n|-miss|p1a: XGONGIVEITTOYOU|p2a: Iroh\n|\n|upkeep\n|turn|22\n|\n|t:|1654695687\n|move|p1a: XGONGIVEITTOYOU|Thunder|p2a: Iroh\n|-damage|p2a: Iroh|74\/100\n|-status|p2a: Iroh|par\n|move|p2a: Iroh|Fleur Cannon|p1a: XGONGIVEITTOYOU\n|-damage|p1a: XGONGIVEITTOYOU|33\/100\n|-unboost|p2a: Iroh|spa|2\n|\n|-heal|p2a: Iroh|80\/100 par|[from] item: Leftovers\n|upkeep\n|turn|23\n|c|\u2606DjezzeMwoan|sorry for that miss\n|\n|t:|1654695697\n|switch|p1a: CroChrist.|Crobat, F|100\/100\n|cant|p2a: Iroh|par\n|\n|-heal|p2a: Iroh|86\/100 par|[from] item: Leftovers\n|upkeep\n|turn|24\n|\n|t:|1654695707\n|move|p1a: CroChrist.|U-turn|p2a: Iroh\n|-resisted|p2a: Iroh\n|-damage|p2a: Iroh|83\/100 par\n|\n|t:|1654695712\n|switch|p1a: Allfather|Arceus-Electric|100\/100|[from]move: U-turn\n|move|p2a: Iroh|Baton Pass|p2a: Iroh\n|\n|t:|1654695717\n|switch|p2a: Roku|Mewtwo|100\/100|[from]move: Baton Pass\n|-ability|p2a: Roku|Pressure\n|\n|upkeep\n|turn|25\n|c|\u2606DjezzeMwoan|wait\n|c|\u2606DjezzeMwoan|no\n|c|\u2606DjezzeMwoan|i dont want that lol\n|c|\u2606DjezzeMwoan|i just wanted the switch :(\n|c|\u2606DjezzeMwoan|not the spatt drop lmfao\n|\n|t:|1654695763\n|move|p2a: Roku|Shadow Ball|p1a: Allfather\n|-damage|p1a: Allfather|92\/100\n|move|p1a: Allfather|Calm Mind|p1a: Allfather\n|-boost|p1a: Allfather|spa|1\n|-boost|p1a: Allfather|spd|1\n|\n|upkeep\n|turn|26\n|\n|t:|1654695770\n|move|p2a: Roku|Calm Mind|p2a: Roku\n|-boost|p2a: Roku|spa|1\n|-boost|p2a: Roku|spd|1\n|move|p1a: Allfather|Calm Mind|p1a: Allfather\n|-boost|p1a: Allfather|spa|1\n|-boost|p1a: Allfather|spd|1\n|\n|upkeep\n|turn|27\n|\n|t:|1654695774\n|move|p2a: Roku|Calm Mind|p2a: Roku\n|-boost|p2a: Roku|spa|1\n|-boost|p2a: Roku|spd|1\n|move|p1a: Allfather|Judgment|p2a: Roku\n|-damage|p2a: Roku|57\/100\n|\n|-heal|p2a: Roku|63\/100|[from] item: Leftovers\n|upkeep\n|turn|28\n|\n|t:|1654695778\n|move|p2a: Roku|Recover|p2a: Roku\n|-heal|p2a: Roku|100\/100\n|move|p1a: Allfather|Judgment|p2a: Roku\n|-damage|p2a: Roku|61\/100\n|\n|-heal|p2a: Roku|67\/100|[from] item: Leftovers\n|upkeep\n|turn|29\n|\n|t:|1654695780\n|move|p2a: Roku|Calm Mind|p2a: Roku\n|-boost|p2a: Roku|spa|1\n|-boost|p2a: Roku|spd|1\n|move|p1a: Allfather|Judgment|p2a: Roku\n|-damage|p2a: Roku|33\/100\n|\n|-heal|p2a: Roku|39\/100|[from] item: Leftovers\n|upkeep\n|turn|30\n|j| nlsn\n|\n|t:|1654695782\n|move|p2a: Roku|Recover|p2a: Roku\n|-heal|p2a: Roku|89\/100\n|move|p1a: Allfather|Judgment|p2a: Roku\n|-damage|p2a: Roku|55\/100\n|\n|-heal|p2a: Roku|61\/100|[from] item: Leftovers\n|upkeep\n|turn|31\n|\n|t:|1654695792\n|move|p2a: Roku|Recover|p2a: Roku\n|-heal|p2a: Roku|100\/100\n|move|p1a: Allfather|Ice Beam|p2a: Roku\n|-crit|p2a: Roku\n|-damage|p2a: Roku|42\/100\n|-status|p2a: Roku|frz\n|\n|-heal|p2a: Roku|48\/100 frz|[from] item: Leftovers\n|upkeep\n|turn|32\n|\n|t:|1654695797\n|-curestatus|p2a: Roku|frz|[msg]\n|move|p2a: Roku|Psystrike|p1a: Allfather\n|-damage|p1a: Allfather|40\/100\n|move|p1a: Allfather|Judgment|p2a: Roku\n|-damage|p2a: Roku|12\/100\n|\n|-heal|p2a: Roku|18\/100|[from] item: Leftovers\n|upkeep\n|turn|33\n|c|\u2606DjezzeMwoan|damn\n|c|\u2606DjezzeMwoan|that was scary lol\n|c|\u2606DjezzeMwoan|crit and freeze\n|l| nlsn\n|\n|t:|1654695860\n|switch|p1a: Zoro|Crawdaunt, F|71\/100\n|move|p2a: Roku|Recover|p2a: Roku\n|-heal|p2a: Roku|68\/100\n|\n|-heal|p2a: Roku|74\/100|[from] item: Leftovers\n|upkeep\n|turn|34\n|j| prthedisaster\n|\n|t:|1654695902\n|switch|p2a: Azula|Hydreigon, F|78\/100\n|move|p1a: Zoro|Crabhammer|p2a: Azula\n|-resisted|p2a: Azula\n|-damage|p2a: Azula|45\/100\n|-damage|p1a: Zoro|62\/100|[from] item: Life Orb\n|\n|upkeep\n|turn|35\n|\n|t:|1654695917\n|switch|p1a: CroChrist.|Crobat, F|100\/100\n|move|p2a: Azula|Roost|p2a: Azula\n|-heal|p2a: Azula|95\/100\n|-singleturn|p2a: Azula|move: Roost\n|\n|upkeep\n|turn|36\n|\n|t:|1654695930\n|switch|p2a: Iroh|Magearna|83\/100 par\n|move|p1a: CroChrist.|Brave Bird|p2a: Iroh\n|-resisted|p2a: Iroh\n|-damage|p2a: Iroh|66\/100 par\n|-damage|p1a: CroChrist.|95\/100|[from] Recoil\n|\n|-heal|p2a: Iroh|72\/100 par|[from] item: Leftovers\n|upkeep\n|turn|37\n|\n|t:|1654695965\n|move|p1a: CroChrist.|Roost|p1a: CroChrist.\n|-heal|p1a: CroChrist.|100\/100\n|-singleturn|p1a: CroChrist.|move: Roost\n|move|p2a: Iroh|Baton Pass|p2a: Iroh\n|\n|t:|1654695969\n|switch|p2a: Roku|Mewtwo|74\/100|[from]move: Baton Pass\n|-ability|p2a: Roku|Pressure\n|\n|-heal|p2a: Roku|80\/100|[from] item: Leftovers\n|upkeep\n|turn|38\n|\n|t:|1654695986\n|move|p1a: CroChrist.|U-turn|p2a: Roku\n|-supereffective|p2a: Roku\n|-damage|p2a: Roku|54\/100\n|\n|t:|1654695988\n|switch|p1a: Zoro|Crawdaunt, F|62\/100|[from]move: U-turn\n|move|p2a: Roku|Psystrike|p1a: Zoro\n|-immune|p1a: Zoro\n|\n|-heal|p2a: Roku|60\/100|[from] item: Leftovers\n|upkeep\n|turn|39\n|\n|t:|1654696000\n|switch|p2a: Azula|Hydreigon, F|95\/100\n|switch|p1a: XGONGIVEITTOYOU|Xerneas|33\/100\n|-ability|p1a: XGONGIVEITTOYOU|Fairy Aura\n|\n|upkeep\n|turn|40\n|\n|t:|1654696027\n|switch|p2a: Iroh|Magearna|72\/100 par\n|move|p1a: XGONGIVEITTOYOU|Moonblast|p2a: Iroh\n|-resisted|p2a: Iroh\n|-damage|p2a: Iroh|50\/100 par\n|\n|-heal|p2a: Iroh|57\/100 par|[from] item: Leftovers\n|upkeep\n|turn|41\n|\n|t:|1654696031\n|switch|p1a: CroChrist.|Crobat, F|100\/100\n|move|p2a: Iroh|Flash Cannon|p1a: CroChrist.\n|-damage|p1a: CroChrist.|60\/100\n|\n|-heal|p2a: Iroh|63\/100 par|[from] item: Leftovers\n|upkeep\n|turn|42\n|\n|t:|1654696036\n|move|p1a: CroChrist.|Roost|p1a: CroChrist.\n|-heal|p1a: CroChrist.|100\/100\n|-singleturn|p1a: CroChrist.|move: Roost\n|move|p2a: Iroh|Flash Cannon|p1a: CroChrist.\n|-damage|p1a: CroChrist.|61\/100\n|\n|-heal|p2a: Iroh|69\/100 par|[from] item: Leftovers\n|upkeep\n|turn|43\n|\n|t:|1654696043\n|move|p1a: CroChrist.|Roost|p1a: CroChrist.\n|-heal|p1a: CroChrist.|100\/100\n|-singleturn|p1a: CroChrist.|move: Roost\n|move|p2a: Iroh|Flash Cannon|p1a: CroChrist.\n|-damage|p1a: CroChrist.|63\/100\n|\n|-heal|p2a: Iroh|75\/100 par|[from] item: Leftovers\n|upkeep\n|turn|44\n|\n|t:|1654696069\n|move|p1a: CroChrist.|Roost|p1a: CroChrist.\n|-heal|p1a: CroChrist.|100\/100\n|-singleturn|p1a: CroChrist.|move: Roost\n|move|p2a: Iroh|Baton Pass|p2a: Iroh\n|\n|t:|1654696076\n|switch|p2a: Roku|Mewtwo|60\/100|[from]move: Baton Pass\n|-ability|p2a: Roku|Pressure\n|\n|-heal|p2a: Roku|66\/100|[from] item: Leftovers\n|upkeep\n|turn|45\n|\n|t:|1654696082\n|move|p1a: CroChrist.|U-turn|p2a: Roku\n|-supereffective|p2a: Roku\n|-damage|p2a: Roku|35\/100\n|\n|t:|1654696084\n|switch|p1a: Zoro|Crawdaunt, F|62\/100|[from]move: U-turn\n|move|p2a: Roku|Recover|p2a: Roku\n|-heal|p2a: Roku|85\/100\n|\n|-heal|p2a: Roku|91\/100|[from] item: Leftovers\n|upkeep\n|turn|46\n|\n|t:|1654696105\n|switch|p2a: Azula|Hydreigon, F|95\/100\n|switch|p1a: Allfather|Arceus-Electric|40\/100\n|\n|upkeep\n|turn|47\n|\n|t:|1654696109\n|switch|p2a: Roku|Mewtwo|91\/100\n|-ability|p2a: Roku|Pressure\n|move|p1a: Allfather|Recover|p1a: Allfather\n|-heal|p1a: Allfather|90\/100\n|\n|-heal|p2a: Roku|97\/100|[from] item: Leftovers\n|upkeep\n|turn|48\n|\n|t:|1654696112\n|switch|p1a: Zoro|Crawdaunt, F|62\/100\n|move|p2a: Roku|Shadow Ball|p1a: Zoro\n|-resisted|p1a: Zoro\n|-damage|p1a: Zoro|37\/100\n|\n|-heal|p2a: Roku|100\/100|[from] item: Leftovers\n|upkeep\n|turn|49\n|\n|t:|1654696123\n|switch|p2a: Azula|Hydreigon, F|95\/100\n|switch|p1a: CroChrist.|Crobat, F|100\/100\n|\n|upkeep\n|turn|50\n|\n|t:|1654696129\n|switch|p2a: Iroh|Magearna|75\/100 par\n|move|p1a: CroChrist.|U-turn|p2a: Iroh\n|-resisted|p2a: Iroh\n|-damage|p2a: Iroh|71\/100 par\n|\n|t:|1654696133\n|switch|p1a: Allfather|Arceus-Electric|90\/100|[from]move: U-turn\n|\n|-heal|p2a: Iroh|77\/100 par|[from] item: Leftovers\n|upkeep\n|turn|51\n|\n|t:|1654696136\n|switch|p2a: Roku|Mewtwo|100\/100\n|-ability|p2a: Roku|Pressure\n|move|p1a: Allfather|Calm Mind|p1a: Allfather\n|-boost|p1a: Allfather|spa|1\n|-boost|p1a: Allfather|spd|1\n|\n|upkeep\n|turn|52\n|\n|t:|1654696139\n|move|p2a: Roku|Calm Mind|p2a: Roku\n|-boost|p2a: Roku|spa|1\n|-boost|p2a: Roku|spd|1\n|move|p1a: Allfather|Ice Beam|p2a: Roku\n|-damage|p2a: Roku|80\/100\n|\n|-heal|p2a: Roku|86\/100|[from] item: Leftovers\n|upkeep\n|turn|53\n|\n|t:|1654696142\n|move|p2a: Roku|Psystrike|p1a: Allfather\n|-crit|p1a: Allfather\n|-damage|p1a: Allfather|13\/100\n|move|p1a: Allfather|Ice Beam|p2a: Roku\n|-damage|p2a: Roku|64\/100\n|\n|-heal|p2a: Roku|70\/100|[from] item: Leftovers\n|upkeep\n|turn|54\n|c|\u2606DjezzeMwoan|sorry for the crit\n|\n|t:|1654696154\n|switch|p1a: Zoro|Crawdaunt, F|37\/100\n|move|p2a: Roku|Shadow Ball|p1a: Zoro\n|-resisted|p1a: Zoro\n|-damage|p1a: Zoro|3\/100\n|\n|-heal|p2a: Roku|76\/100|[from] item: Leftovers\n|upkeep\n|turn|55\n|\n|t:|1654696163\n|move|p1a: Zoro|Aqua Jet|p2a: Roku\n|-damage|p2a: Roku|37\/100\n|-damage|p1a: Zoro|0 fnt|[from] item: Life Orb\n|faint|p1a: Zoro\n|move|p2a: Roku|Shadow Ball|p1: Zoro|[notarget]\n|-fail|p2a: Roku\n|\n|-heal|p2a: Roku|43\/100|[from] item: Leftovers\n|upkeep\n|\n|t:|1654696185\n|switch|p1a: XGONGIVEITTOYOU|Xerneas|33\/100\n|-ability|p1a: XGONGIVEITTOYOU|Fairy Aura\n|turn|56\n|\n|t:|1654696240\n|move|p1a: XGONGIVEITTOYOU|Moonblast|p2a: Roku\n|-damage|p2a: Roku|5\/100\n|move|p2a: Roku|Psystrike|p1a: XGONGIVEITTOYOU\n|-damage|p1a: XGONGIVEITTOYOU|0 fnt\n|faint|p1a: XGONGIVEITTOYOU\n|\n|-heal|p2a: Roku|11\/100|[from] item: Leftovers\n|upkeep\n|\n|t:|1654696244\n|switch|p1a: CroChrist.|Crobat, F|100\/100\n|turn|57\n|\n|t:|1654696246\n|switch|p2a: Iroh|Magearna|77\/100 par\n|move|p1a: CroChrist.|U-turn|p2a: Iroh\n|-resisted|p2a: Iroh\n|-damage|p2a: Iroh|74\/100 par\n|\n|t:|1654696248\n|switch|p1a: Allfather|Arceus-Electric|13\/100|[from]move: U-turn\n|\n|-heal|p2a: Iroh|80\/100 par|[from] item: Leftovers\n|upkeep\n|turn|58\n|\n|t:|1654696250\n|move|p1a: Allfather|Recover|p1a: Allfather\n|-heal|p1a: Allfather|63\/100\n|cant|p2a: Iroh|par\n|\n|-heal|p2a: Iroh|86\/100 par|[from] item: Leftovers\n|upkeep\n|turn|59\n|\n|t:|1654696257\n|move|p1a: Allfather|Recover|p1a: Allfather\n|-heal|p1a: Allfather|100\/100\n|move|p2a: Iroh|Baton Pass|p2a: Iroh\n|\n|t:|1654696259\n|switch|p2a: Roku|Mewtwo|11\/100|[from]move: Baton Pass\n|-ability|p2a: Roku|Pressure\n|\n|-heal|p2a: Roku|17\/100|[from] item: Leftovers\n|upkeep\n|turn|60\n|\n|t:|1654696281\n|move|p2a: Roku|Recover|p2a: Roku\n|-heal|p2a: Roku|67\/100\n|move|p1a: Allfather|Calm Mind|p1a: Allfather\n|-boost|p1a: Allfather|spa|1\n|-boost|p1a: Allfather|spd|1\n|\n|-heal|p2a: Roku|73\/100|[from] item: Leftovers\n|upkeep\n|turn|61\n|\n|t:|1654696284\n|move|p2a: Roku|Calm Mind|p2a: Roku\n|-boost|p2a: Roku|spa|1\n|-boost|p2a: Roku|spd|1\n|move|p1a: Allfather|Ice Beam|p2a: Roku\n|-damage|p2a: Roku|54\/100\n|\n|-heal|p2a: Roku|60\/100|[from] item: Leftovers\n|upkeep\n|turn|62\n|\n|t:|1654696287\n|move|p2a: Roku|Psystrike|p1a: Allfather\n|-damage|p1a: Allfather|48\/100\n|move|p1a: Allfather|Ice Beam|p2a: Roku\n|-damage|p2a: Roku|40\/100\n|\n|-heal|p2a: Roku|46\/100|[from] item: Leftovers\n|upkeep\n|turn|63\n|\n|t:|1654696296\n|move|p2a: Roku|Psystrike|p1a: Allfather\n|-damage|p1a: Allfather|0 fnt\n|faint|p1a: Allfather\n|\n|-heal|p2a: Roku|52\/100|[from] item: Leftovers\n|upkeep\n|\n|t:|1654696298\n|switch|p1a: CroChrist.|Crobat, F|100\/100\n|turn|64\n|\n|t:|1654696300\n|move|p1a: CroChrist.|Brave Bird|p2a: Roku\n|-damage|p2a: Roku|17\/100\n|-damage|p1a: CroChrist.|87\/100|[from] Recoil\n|move|p2a: Roku|Psystrike|p1a: CroChrist.\n|-supereffective|p1a: CroChrist.\n|-damage|p1a: CroChrist.|0 fnt\n|faint|p1a: CroChrist.\n|\n|win|DjezzeMwoan\n|c|\u2606G00Man|gg\n|c|\u2606DjezzeMwoan|gg\n|c|\u2606DjezzeMwoan|wp\n|c|\u2606G00Man|you too\n|c|\u2606DjezzeMwoan|very close\n|c|\u2606DjezzeMwoan|that arceus almost got me\n|c|\u2606DjezzeMwoan|and that crobat kept uturning\n","uploadtime":1654696331,"views":15,"p1id":"g00man","p2id":"djezzemwoan","formatid":"gen8nationaldexdraft","rating":0,"private":0,"password":null}