{"id":"sports-gen8nationaldexleakslegacy-471204","p1":"AsterJ","p2":"bob n fishy","format":"gen8nationaldexleakslegacy","log":"|j|\u2606AsterJ\n|j|\u2606bob n fishy\n|t:|1627952846\n|gametype|singles\n|player|p1|AsterJ|asterj.png|\n|player|p2|bob n fishy|33|\n|teamsize|p1|6\n|teamsize|p2|6\n|gen|8\n|tier|[Gen 8] National Dex Leaks Legacy\n|rule|Sleep Clause Mod: Limit one foe put to sleep\n|rule|OHKO Clause: OHKO moves are banned\n|rule|Evasion Moves Clause: Evasion moves are banned\n|rule|Endless Battle Clause: Forcing endless battles is banned\n|rule|HP Percentage Mod: HP is shown in percentages\n|rule|Dynamax Clause: You cannot dynamax\n|clearpoke\n|poke|p1|Mew|\n|poke|p1|Zeraora|\n|poke|p1|Blacephalon|\n|poke|p1|Venomoth, M|\n|poke|p1|Copperajah, M|\n|poke|p1|Torterra, F|\n|poke|p2|Mudsdale, F|\n|poke|p2|Rillaboom, M|\n|poke|p2|Hoopa-Unbound|\n|poke|p2|Hitmonlee, M|\n|poke|p2|Volcanion|\n|poke|p2|Altaria, F|\n|teampreview\n|html|<button name=\"send\" class=\"button\" value=\"\/timer ds\"><i class=\"fa fa-hourglass-start\"><\/i> DS Timer<\/button> <button name=\"send\" class=\"button\" value=\"\/timer smogon\"><i class=\"fa fa-hourglass-start\"><\/i> Smogon Timer<\/button>\n|c|\u2606bob n fishy|glhf \n|j| Yahoodles\n|j| PorygonTheBot\n|c| PorygonTheBot|You got this!\n|c|\u2606AsterJ|u2 u2\n|\n|t:|1627952907\n|start\n|switch|p1a: Caesar|Venomoth, M|100\/100\n|switch|p2a: Volcanion|Volcanion|100\/100\n|turn|1\n|\n|t:|1627952919\n|switch|p1a: Merry|Mew|100\/100\n|move|p2a: Volcanion|Fire Blast|p1a: Merry\n|-damage|p1a: Merry|38\/100\n|\n|-heal|p1a: Merry|44\/100|[from] item: Leftovers\n|upkeep\n|turn|2\n|\n|t:|1627952938\n|move|p1a: Merry|Roost|p1a: Merry\n|-heal|p1a: Merry|94\/100\n|-singleturn|p1a: Merry|move: Roost\n|move|p2a: Volcanion|Fire Blast|p1a: Merry|[miss]\n|-miss|p2a: Volcanion|p1a: Merry\n|\n|-heal|p1a: Merry|99\/100|[from] item: Leftovers\n|upkeep\n|turn|3\n|\n|t:|1627952942\n|switch|p2a: Hoopa|Hoopa-Unbound|100\/100\n|move|p1a: Merry|Stealth Rock|p2a: Hoopa\n|-sidestart|p2: bob n fishy|move: Stealth Rock\n|\n|-heal|p1a: Merry|100\/100|[from] item: Leftovers\n|upkeep\n|turn|4\n|\n|t:|1627952948\n|switch|p1a: Zunisha|Torterra, F|100\/100\n|move|p2a: Hoopa|Dark Pulse|p1a: Zunisha\n|-damage|p1a: Zunisha|46\/100\n|\n|upkeep\n|turn|5\n|\n|t:|1627952994\n|move|p2a: Hoopa|Dark Pulse|p1a: Zunisha\n|-damage|p1a: Zunisha|0 fnt\n|faint|p1a: Zunisha\n|\n|upkeep\n|\n|t:|1627952996\n|switch|p1a: Caesar|Venomoth, M|100\/100\n|turn|6\n|\n|t:|1627953011\n|move|p1a: Caesar|Bug Buzz|p2a: Hoopa\n|-supereffective|p2a: Hoopa\n|-enditem|p2a: Hoopa|Tanga Berry|[eat]\n|-enditem|p2a: Hoopa|Tanga Berry|[weaken]\n|-damage|p2a: Hoopa|50\/100\n|move|p2a: Hoopa|Psychic|p1a: Caesar\n|-supereffective|p1a: Caesar\n|-damage|p1a: Caesar|0 fnt\n|faint|p1a: Caesar\n|\n|upkeep\n|\n|t:|1627953023\n|switch|p1a: Sunny|Zeraora|100\/100\n|turn|7\n|\n|t:|1627953035\n|switch|p2a: Mudsdale|Mudsdale, F|100\/100\n|-damage|p2a: Mudsdale|94\/100|[from] Stealth Rock\n|move|p1a: Sunny|Bulk Up|p1a: Sunny\n|-boost|p1a: Sunny|atk|1\n|-boost|p1a: Sunny|def|1\n|\n|-heal|p2a: Mudsdale|100\/100|[from] item: Leftovers\n|upkeep\n|turn|8\n|\n|t:|1627953043\n|move|p1a: Sunny|Bulk Up|p1a: Sunny\n|-boost|p1a: Sunny|atk|1\n|-boost|p1a: Sunny|def|1\n|move|p2a: Mudsdale|Earthquake|p1a: Sunny\n|-supereffective|p1a: Sunny\n|-damage|p1a: Sunny|53\/100\n|-enditem|p1a: Sunny|Weakness Policy\n|-boost|p1a: Sunny|atk|2|[from] item: Weakness Policy\n|-boost|p1a: Sunny|spa|2|[from] item: Weakness Policy\n|\n|upkeep\n|turn|9\n|\n|t:|1627953050\n|move|p1a: Sunny|Grass Knot|p2a: Mudsdale\n|-supereffective|p2a: Mudsdale\n|-damage|p2a: Mudsdale|0 fnt\n|faint|p2a: Mudsdale\n|\n|upkeep\n|\n|t:|1627953082\n|switch|p2a: Rillaboom|Rillaboom, M|100\/100\n|-damage|p2a: Rillaboom|88\/100|[from] Stealth Rock\n|-fieldstart|move: Grassy Terrain|[from] ability: Grassy Surge|[of] p2a: Rillaboom\n|turn|10\n|\n|t:|1627953086\n|move|p2a: Rillaboom|Grassy Glide|p1a: Sunny\n|-damage|p1a: Sunny|18\/100\n|move|p1a: Sunny|Acrobatics|p2a: Rillaboom\n|-supereffective|p2a: Rillaboom\n|-damage|p2a: Rillaboom|0 fnt\n|faint|p2a: Rillaboom\n|\n|-heal|p1a: Sunny|24\/100|[from] Grassy Terrain\n|upkeep\n|\n|t:|1627953091\n|switch|p2a: Hitmonlee|Hitmonlee, M|100\/100\n|-damage|p2a: Hitmonlee|94\/100|[from] Stealth Rock\n|-enditem|p2a: Hitmonlee|Grassy Seed\n|-boost|p2a: Hitmonlee|def|1|[from] item: Grassy Seed\n|turn|11\n|\n|t:|1627953099\n|move|p2a: Hitmonlee|Close Combat|p1a: Sunny\n|-damage|p1a: Sunny|0 fnt\n|-unboost|p2a: Hitmonlee|def|1\n|-unboost|p2a: Hitmonlee|spd|1\n|faint|p1a: Sunny\n|\n|-heal|p2a: Hitmonlee|100\/100|[from] Grassy Terrain\n|upkeep\n|\n|t:|1627953102\n|switch|p1a: Merry|Mew|100\/100\n|turn|12\n|j| EGALombres\n|j| backgroundwall\n|\n|t:|1627953120\n|move|p2a: Hitmonlee|Throat Chop|p1a: Merry\n|-supereffective|p1a: Merry\n|-damage|p1a: Merry|55\/100\n|-start|p1a: Merry|Throat Chop|[silent]\n|move|p1a: Merry|Night Shade|p2a: Hitmonlee\n|-damage|p2a: Hitmonlee|59\/100\n|\n|-heal|p2a: Hitmonlee|65\/100|[from] Grassy Terrain\n|-heal|p1a: Merry|61\/100|[from] Grassy Terrain\n|-heal|p1a: Merry|67\/100|[from] item: Leftovers\n|upkeep\n|turn|13\n|j| ASword6\n|\n|t:|1627953136\n|move|p2a: Hitmonlee|Bulk Up|p2a: Hitmonlee\n|-boost|p2a: Hitmonlee|atk|1\n|-boost|p2a: Hitmonlee|def|1\n|move|p1a: Merry|Roost|p1a: Merry\n|-heal|p1a: Merry|100\/100\n|-singleturn|p1a: Merry|move: Roost\n|\n|-heal|p2a: Hitmonlee|71\/100|[from] Grassy Terrain\n|-end|p1a: Merry|Throat Chop|[silent]\n|upkeep\n|turn|14\n|\n|t:|1627953146\n|move|p2a: Hitmonlee|Bulk Up|p2a: Hitmonlee\n|-boost|p2a: Hitmonlee|atk|1\n|-boost|p2a: Hitmonlee|def|1\n|move|p1a: Merry|Night Shade|p2a: Hitmonlee\n|-damage|p2a: Hitmonlee|30\/100\n|\n|-heal|p2a: Hitmonlee|36\/100|[from] Grassy Terrain\n|-fieldend|move: Grassy Terrain\n|upkeep\n|turn|15\n|l|backgroundwall\n|\n|t:|1627953153\n|move|p2a: Hitmonlee|Throat Chop|p1a: Merry\n|-supereffective|p1a: Merry\n|-damage|p1a: Merry|10\/100\n|-start|p1a: Merry|Throat Chop|[silent]\n|move|p1a: Merry|Night Shade|p2a: Hitmonlee\n|-damage|p2a: Hitmonlee|0 fnt\n|faint|p2a: Hitmonlee\n|\n|-heal|p1a: Merry|16\/100|[from] item: Leftovers\n|upkeep\n|j| EGATyler\n|\n|t:|1627953159\n|switch|p2a: Altaria|Altaria, F|100\/100\n|-damage|p2a: Altaria|76\/100|[from] Stealth Rock\n|turn|16\n|\n|t:|1627953167\n|switch|p1a: Jack|Copperajah, M, shiny|100\/100\n|detailschange|p2a: Altaria|Altaria-Mega, F\n|-mega|p2a: Altaria|Altaria|Altarianite\n|move|p2a: Altaria|Dragon Dance|p2a: Altaria\n|-boost|p2a: Altaria|atk|1\n|-boost|p2a: Altaria|spe|1\n|\n|upkeep\n|turn|17\n|\n|t:|1627953177\n|switch|p2a: Volcanion|Volcanion|100\/100\n|-damage|p2a: Volcanion|76\/100|[from] Stealth Rock\n|move|p1a: Jack|Heavy Slam|p2a: Volcanion\n|-resisted|p2a: Volcanion\n|-damage|p2a: Volcanion|69\/100\n|\n|upkeep\n|turn|18\n|j| Bananacrazy111\n|\n|t:|1627953203\n|move|p2a: Volcanion|Steam Eruption|p1a: Jack\n|-damage|p1a: Jack|43\/100\n|-status|p1a: Jack|brn\n|move|p1a: Jack|Power Whip|p2a: Volcanion\n|-damage|p2a: Volcanion|56\/100\n|\n|-damage|p1a: Jack|37\/100 brn|[from] brn\n|upkeep\n|turn|19\n|\n|t:|1627953211\n|move|p2a: Volcanion|Steam Eruption|p1a: Jack\n|-damage|p1a: Jack|0 fnt\n|faint|p1a: Jack\n|\n|upkeep\n|\n|t:|1627953213\n|switch|p1a: Merry|Mew|16\/100\n|turn|20\n|\n|t:|1627953217\n|move|p1a: Merry|Night Shade|p2a: Volcanion\n|-damage|p2a: Volcanion|28\/100\n|move|p2a: Volcanion|Steam Eruption|p1a: Merry\n|-damage|p1a: Merry|0 fnt\n|faint|p1a: Merry\n|\n|upkeep\n|j| EGADrifblims\n|\n|t:|1627953221\n|switch|p1a: Buggy|Blacephalon|100\/100\n|turn|21\n|\n|t:|1627953224\n|move|p1a: Buggy|Shadow Ball|p2a: Volcanion\n|-damage|p2a: Volcanion|0 fnt\n|faint|p2a: Volcanion\n|-ability|p1a: Buggy|Beast Boost|boost\n|-boost|p1a: Buggy|spa|1\n|\n|upkeep\n|\n|t:|1627953228\n|switch|p2a: Altaria|Altaria-Mega, F|76\/100\n|-damage|p2a: Altaria|63\/100|[from] Stealth Rock\n|turn|22\n|\n|t:|1627953235\n|move|p1a: Buggy|Shadow Ball|p2a: Altaria\n|-damage|p2a: Altaria|0 fnt\n|faint|p2a: Altaria\n|-ability|p1a: Buggy|Beast Boost|boost\n|-boost|p1a: Buggy|spa|1\n|\n|upkeep\n|\n|t:|1627953238\n|switch|p2a: Hoopa|Hoopa-Unbound|50\/100\n|-damage|p2a: Hoopa|38\/100|[from] Stealth Rock\n|turn|23\n|j| Platdog\n|\n|t:|1627953240\n|move|p1a: Buggy|Shadow Ball|p2a: Hoopa\n|-damage|p2a: Hoopa|0 fnt\n|faint|p2a: Hoopa\n|\n|win|AsterJ\n|l| PorygonTheBot\n|c|\u2606AsterJ|gg my man!\n|l| EGATyler\n|c|\u2606bob n fishy|rats gg\n|c|\u2606AsterJ|close one\n|c|\u2606AsterJ|great sets\n|l| ASword6\n|l| EGADrifblims\n","uploadtime":1627953241,"views":46,"p1id":"asterj","p2id":"bobnfishy","formatid":"gen8nationaldexleakslegacy","rating":0,"private":0,"password":null}