{"id":"sports-gen8nationaldexlegacy-620726","p1":"GDPB","p2":"Rediyu","format":"gen8nationaldexlegacy","log":"|j|\u2606GDPB\n|j|\u2606Rediyu\n|t:|1648396846\n|gametype|singles\n|player|p1|GDPB|swimmerf-gen4|\n|player|p2|Rediyu|guitarist|\n|teamsize|p1|6\n|teamsize|p2|6\n|gen|8\n|tier|[Gen 8] National Dex Legacy\n|rule|Sleep Clause Mod: Limit one foe put to sleep\n|rule|OHKO Clause: OHKO moves are banned\n|rule|Evasion Moves Clause: Evasion moves are banned\n|rule|Endless Battle Clause: Forcing endless battles is banned\n|rule|HP Percentage Mod: HP is shown in percentages\n|rule|Dynamax Clause: You cannot dynamax\n|clearpoke\n|poke|p1|Scizor, F|\n|poke|p1|Hatterene, F|\n|poke|p1|Kyurem|\n|poke|p1|Rampardos, F|\n|poke|p1|Keldeo|\n|poke|p1|Nidoking, M|\n|poke|p2|Raikou|\n|poke|p2|Tyranitar, M|\n|poke|p2|Sandslash, F|\n|poke|p2|Celesteela|\n|poke|p2|Ninetales-Alola, F|\n|poke|p2|Necrozma|\n|teampreview\n|html|<button name=\"send\" class=\"button\" value=\"\/timer ds\"><i class=\"fa fa-hourglass-start\"><\/i> DS Timer<\/button> <button name=\"send\" class=\"button\" value=\"\/timer smogon\"><i class=\"fa fa-hourglass-start\"><\/i> Smogon Timer<\/button>\n|c|\u2606GDPB|glhf\n|c|\u2606GDPB|i'll link\n|c|\u2606Rediyu|u2 brother\n|j| PorygonTheBot\n|c| PorygonTheBot|glhf :)\n|l|\u2606GDPB\n|player|p1|\n|j|\u2606GDPB\n|player|p1|GDPB|swimmerf-gen4\n|\n|t:|1648396952\n|start\n|switch|p1a: Rampardos|Rampardos, F|100\/100\n|switch|p2a: Crack|Necrozma|100\/100\n|turn|1\n|\n|t:|1648396961\n|-zpower|p1a: Rampardos\n|move|p1a: Rampardos|Continental Crush|p2a: Crack|[zeffect]\n|-damage|p2a: Crack|0 fnt\n|faint|p2a: Crack\n|\n|upkeep\n|\n|t:|1648396976\n|switch|p2a: Caffeine|Sandslash, F|100\/100\n|turn|2\n|\n|t:|1648397013\n|move|p2a: Caffeine|Earthquake|p1a: Rampardos\n|-supereffective|p1a: Rampardos\n|-damage|p1a: Rampardos|0 fnt\n|faint|p1a: Rampardos\n|\n|upkeep\n|\n|t:|1648397036\n|switch|p1a: Kyurem|Kyurem|100\/100\n|-ability|p1a: Kyurem|Pressure\n|turn|3\n|\n|t:|1648397041\n|switch|p2a: Cocaine|Ninetales-Alola, F|100\/100\n|-weather|Hail|[from] ability: Snow Warning|[of] p2a: Cocaine\n|move|p1a: Kyurem|Focus Blast|p2a: Cocaine\n|-damage|p2a: Cocaine|25\/100\n|\n|-weather|Hail|[upkeep]\n|upkeep\n|turn|4\n|\n|t:|1648397058\n|switch|p1a: Scizor|Scizor, F|100\/100\n|move|p2a: Cocaine|Aurora Veil|p2a: Cocaine\n|-sidestart|p2: Rediyu|move: Aurora Veil\n|\n|-weather|Hail|[upkeep]\n|-damage|p1a: Scizor|94\/100|[from] Hail\n|upkeep\n|turn|5\n|\n|t:|1648397090\n|detailschange|p1a: Scizor|Scizor-Mega, F\n|-mega|p1a: Scizor|Scizor|Scizorite\n|move|p2a: Cocaine|Hidden Power|p1a: Scizor\n|-supereffective|p1a: Scizor\n|-damage|p1a: Scizor|30\/100\n|move|p1a: Scizor|U-turn|p2a: Cocaine\n|-resisted|p2a: Cocaine\n|-damage|p2a: Cocaine|9\/100\n|j| Hoiden Mooris\n|\n|t:|1648397104\n|switch|p1a: Hatterene|Hatterene, F|100\/100|[from]move: U-turn\n|\n|-weather|Hail|[upkeep]\n|-damage|p1a: Hatterene|95\/100|[from] Hail\n|upkeep\n|turn|6\n|\n|t:|1648397116\n|switch|p2a: Barcadi|Tyranitar, M|100\/100\n|-weather|Sandstorm|[from] ability: Sand Stream|[of] p2a: Barcadi\n|move|p1a: Hatterene|Calm Mind|p1a: Hatterene\n|-boost|p1a: Hatterene|spa|1\n|-boost|p1a: Hatterene|spd|1\n|\n|-weather|Sandstorm|[upkeep]\n|-damage|p1a: Hatterene|89\/100|[from] Sandstorm\n|upkeep\n|turn|7\n|\n|t:|1648397128\n|switch|p1a: Keldeo|Keldeo|100\/100\n|detailschange|p2a: Barcadi|Tyranitar-Mega, M\n|-mega|p2a: Barcadi|Tyranitar|Tyranitarite\n|move|p2a: Barcadi|Stone Edge|p1a: Keldeo\n|-resisted|p1a: Keldeo\n|-damage|p1a: Keldeo|62\/100\n|\n|-weather|Sandstorm|[upkeep]\n|-damage|p1a: Keldeo|56\/100|[from] Sandstorm\n|-heal|p1a: Keldeo|62\/100|[from] item: Leftovers\n|upkeep\n|turn|8\n|\n|t:|1648397161\n|switch|p2a: Speed|Raikou|100\/100\n|-ability|p2a: Speed|Pressure\n|move|p1a: Keldeo|Sacred Sword|p2a: Speed\n|-damage|p2a: Speed|87\/100\n|\n|-weather|Sandstorm|[upkeep]\n|-damage|p2a: Speed|81\/100|[from] Sandstorm\n|-damage|p1a: Keldeo|56\/100|[from] Sandstorm\n|-heal|p1a: Keldeo|62\/100|[from] item: Leftovers\n|upkeep\n|turn|9\n|\n|t:|1648397173\n|switch|p1a: Nidoking|Nidoking, M|100\/100\n|move|p2a: Speed|Weather Ball|p1a: Nidoking\n|-resisted|p1a: Nidoking\n|-damage|p1a: Nidoking|80\/100\n|\n|-weather|Sandstorm|[upkeep]\n|-damage|p2a: Speed|75\/100|[from] Sandstorm\n|upkeep\n|turn|10\n|\n|t:|1648397194\n|move|p1a: Nidoking|Fire Blast|p2a: Speed\n|-damage|p2a: Speed|54\/100\n|move|p2a: Speed|Scald|p1a: Nidoking\n|-supereffective|p1a: Nidoking\n|-damage|p1a: Nidoking|3\/100\n|\n|-weather|none\n|upkeep\n|turn|11\n|\n|t:|1648397217\n|move|p1a: Nidoking|Fire Blast|p2a: Speed\n|-damage|p2a: Speed|35\/100\n|move|p2a: Speed|Hidden Power|p1a: Nidoking\n|-crit|p1a: Nidoking\n|-damage|p1a: Nidoking|0 fnt\n|faint|p1a: Nidoking\n|\n|-sideend|p2: Rediyu|move: Aurora Veil\n|upkeep\n|\n|t:|1648397234\n|switch|p1a: Kyurem|Kyurem|100\/100\n|-ability|p1a: Kyurem|Pressure\n|turn|12\n|\n|t:|1648397262\n|switch|p2a: Barcadi|Tyranitar-Mega, M|100\/100\n|-weather|Sandstorm|[from] ability: Sand Stream|[of] p2a: Barcadi\n|move|p1a: Kyurem|Ice Beam|p2a: Barcadi\n|-damage|p2a: Barcadi|63\/100\n|\n|-weather|Sandstorm|[upkeep]\n|-damage|p1a: Kyurem|94\/100|[from] Sandstorm\n|upkeep\n|turn|13\n|\n|t:|1648397281\n|move|p1a: Kyurem|Ice Beam|p2a: Barcadi\n|-damage|p2a: Barcadi|23\/100\n|move|p2a: Barcadi|Thunder Punch|p1a: Kyurem\n|-resisted|p1a: Kyurem\n|-damage|p1a: Kyurem|78\/100\n|\n|-weather|Sandstorm|[upkeep]\n|-damage|p1a: Kyurem|72\/100|[from] Sandstorm\n|upkeep\n|turn|14\n|\n|t:|1648397288\n|move|p1a: Kyurem|Ice Beam|p2a: Barcadi\n|-damage|p2a: Barcadi|0 fnt\n|faint|p2a: Barcadi\n|\n|-weather|Sandstorm|[upkeep]\n|-damage|p1a: Kyurem|66\/100|[from] Sandstorm\n|upkeep\n|\n|t:|1648397290\n|switch|p2a: Cocaine|Ninetales-Alola, F|9\/100\n|-weather|Hail|[from] ability: Snow Warning|[of] p2a: Cocaine\n|turn|15\n|\n|t:|1648397298\n|move|p2a: Cocaine|Aurora Veil|p2a: Cocaine\n|-sidestart|p2: Rediyu|move: Aurora Veil\n|move|p1a: Kyurem|Ice Beam|p2a: Cocaine\n|-resisted|p2a: Cocaine\n|-damage|p2a: Cocaine|0 fnt\n|faint|p2a: Cocaine\n|\n|-weather|Hail|[upkeep]\n|upkeep\n|\n|t:|1648397301\n|switch|p2a: Bubba Cush|Celesteela|100\/100\n|turn|16\n|\n|t:|1648397304\n|move|p1a: Kyurem|Ice Beam|p2a: Bubba Cush\n|-damage|p2a: Bubba Cush|63\/100\n|move|p2a: Bubba Cush|Autotomize|p2a: Bubba Cush\n|-boost|p2a: Bubba Cush|spe|2\n|-start|p2a: Bubba Cush|Autotomize\n|\n|-weather|Hail|[upkeep]\n|-damage|p2a: Bubba Cush|57\/100|[from] Hail\n|upkeep\n|turn|17\n|\n|t:|1648397326\n|switch|p1a: Keldeo|Keldeo|62\/100\n|move|p2a: Bubba Cush|Meteor Beam||[still]\n|-prepare|p2a: Bubba Cush|Meteor Beam\n|-boost|p2a: Bubba Cush|spa|1\n|-enditem|p2a: Bubba Cush|Power Herb\n|-anim|p2a: Bubba Cush|Meteor Beam|p1a: Keldeo|[miss]\n|-miss|p2a: Bubba Cush|p1a: Keldeo\n|\n|-weather|Hail|[upkeep]\n|-damage|p2a: Bubba Cush|50\/100|[from] Hail\n|-damage|p1a: Keldeo|56\/100|[from] Hail\n|-heal|p1a: Keldeo|62\/100|[from] item: Leftovers\n|upkeep\n|turn|18\n|\n|t:|1648397341\n|move|p2a: Bubba Cush|Air Slash|p1a: Keldeo\n|-supereffective|p1a: Keldeo\n|-damage|p1a: Keldeo|0 fnt\n|faint|p1a: Keldeo\n|-ability|p2a: Bubba Cush|Beast Boost|boost\n|-boost|p2a: Bubba Cush|spa|1\n|\n|-weather|Hail|[upkeep]\n|-damage|p2a: Bubba Cush|44\/100|[from] Hail\n|upkeep\n|\n|t:|1648397364\n|switch|p1a: Kyurem|Kyurem|66\/100\n|-ability|p1a: Kyurem|Pressure\n|turn|19\n|\n|t:|1648397369\n|move|p2a: Bubba Cush|Air Slash|p1a: Kyurem\n|-damage|p1a: Kyurem|4\/100\n|cant|p1a: Kyurem|flinch\n|\n|-weather|none\n|upkeep\n|turn|20\n|c|\u2606GDPB|that is so gay\n|\n|t:|1648397381\n|move|p2a: Bubba Cush|Flamethrower|p1a: Kyurem\n|-damage|p1a: Kyurem|0 fnt\n|faint|p1a: Kyurem\n|-ability|p2a: Bubba Cush|Beast Boost|boost\n|-boost|p2a: Bubba Cush|spa|1\n|\n|upkeep\n|c|\u2606Rediyu|*gayphobic\n|\n|t:|1648397388\n|switch|p1a: Hatterene|Hatterene, F|89\/100\n|turn|21\n|\n|t:|1648397392\n|move|p2a: Bubba Cush|Air Slash|p1a: Hatterene\n|-damage|p1a: Hatterene|2\/100\n|move|p1a: Hatterene|Mystical Fire|p2a: Bubba Cush\n|-supereffective|p2a: Bubba Cush\n|-damage|p2a: Bubba Cush|23\/100\n|-unboost|p2a: Bubba Cush|spa|1\n|\n|upkeep\n|turn|22\n|\n|t:|1648397397\n|move|p2a: Bubba Cush|Flamethrower|p1a: Hatterene\n|-damage|p1a: Hatterene|0 fnt\n|faint|p1a: Hatterene\n|-ability|p2a: Bubba Cush|Beast Boost|boost\n|-boost|p2a: Bubba Cush|spa|1\n|\n|-sideend|p2: Rediyu|move: Aurora Veil\n|upkeep\n|\n|t:|1648397404\n|switch|p1a: Scizor|Scizor-Mega, F|30\/100\n|turn|23\n|\n|t:|1648397406\n|move|p1a: Scizor|Bullet Punch|p2a: Bubba Cush\n|-resisted|p2a: Bubba Cush\n|-damage|p2a: Bubba Cush|3\/100\n|move|p2a: Bubba Cush|Flamethrower|p1a: Scizor\n|-supereffective|p1a: Scizor\n|-damage|p1a: Scizor|0 fnt\n|faint|p1a: Scizor\n|\n|win|Rediyu\n","uploadtime":1648397407,"views":10,"p1id":"gdpb","p2id":"rediyu","formatid":"gen8nationaldexlegacy","rating":0,"private":0,"password":null}