{"id":"sports-gen8nationaldexdlc2draft-145734","p1":"GeniusX","p2":"xray","format":"gen8nationaldexdlc2draft","log":"|j|\u2606GeniusX\n|j|\u2606xray\n|t:|1598198493\n|player|p1|GeniusX|geniusx.gif|\n|player|p2|xray|265|\n|teamsize|p1|6\n|teamsize|p2|6\n|gametype|singles\n|gen|8\n|tier|[Gen 8] National Dex DLC2 Draft\n|html|<div class=\"broadcast-red\"><strong>All DLC2 formats have been updated to include the new Isle of Armor Move Tutors leaks. Check out <a href=\"https:\/\/docs.google.com\/spreadsheets\/d\/19xPdnVPoBPwrCNogvgIWo2I0js-tq7ppR2IC47E_aPQ\/edit?usp=sharing\">this doc<\/a> for the full list of new moves or visit <a href=\"https:\/\/discordapp.com\/invite\/V6jxMW7\/\">our Discord<\/a> for more info on this update.<\/strong><\/div>\n|rule|Sleep Clause Mod: Limit one foe put to sleep\n|rule|OHKO Clause: OHKO moves are banned\n|rule|Evasion Moves Clause: Evasion moves are banned\n|rule|Endless Battle Clause: Forcing endless battles is banned\n|rule|HP Percentage Mod: HP is shown in percentages\n|clearpoke\n|poke|p1|Diancie|\n|poke|p1|Weavile, M|\n|poke|p1|Toxapex, F|\n|poke|p1|Garchomp, M|\n|poke|p1|Rotom-Fan|\n|poke|p1|Ferrothorn, F|\n|poke|p2|Mew|\n|poke|p2|Scizor, M|\n|poke|p2|Suicune|\n|poke|p2|Hydreigon, M|\n|poke|p2|Virizion|\n|poke|p2|Talonflame, F|\n|rule|Dynamax Clause: You cannot dynamax\n|teampreview\n|html|<button name=\"send\" class=\"button\" value=\"\/timer ds\"><i class=\"fa fa-hourglass-start\"><\/i> DS Timer<\/button> <button name=\"send\" class=\"button\" value=\"\/timer smogon\"><i class=\"fa fa-hourglass-start\"><\/i> Smogon Timer<\/button>\n|c|\u2606xray|hf\n|c|\u2606GeniusX|hf\n|inactive|Battle timer is ON: inactive players will automatically lose when time's up. (requested by xray)\n|inactive|GeniusX has 270 seconds left.\n|j| Trickno\n|inactive|GeniusX has 240 seconds left.\n|c| Trickno|gl guys\n|\n|t:|1598198569\n|start\n|switch|p1a: Diancie|Diancie|100\/100\n|switch|p2a: Hydreigon|Hydreigon, M|100\/100\n|turn|1\n|j|%BoomBoomBoo\n|j| EpyLL\n|j| Fate LVL\n|j| The Rissoux\n|j| nxgren uwu\n|j| Alakazam's Caf\n|j| king internal\n|j| 4G3NC Fish\n|j| eet da meet\n|j| Vindico HeX\n|\n|t:|1598198583\n|switch|p2a: Scizor|Scizor, M|100\/100\n|switch|p1a: Toxapex|Toxapex, F|100\/100\n|\n|upkeep\n|turn|2\n|c| The Rissoux|gl guys\n|j| bo0t\n|j| EGASizzlipedes\n|j| HeisenbergVape\n|j| NuePika\n|j| happiny's slaves\n|l| nxgren uwu\n|j| 64 squares\n|c| king internal|go\n|j| Mr. Virgin Slayer\n|j| thiccmeme\n|\n|t:|1598198600\n|detailschange|p2a: Scizor|Scizor-Mega, M\n|-mega|p2a: Scizor|Scizor|Scizorite\n|move|p2a: Scizor|Knock Off|p1a: Toxapex\n|-crit|p1a: Toxapex\n|-damage|p1a: Toxapex|71\/100\n|-enditem|p1a: Toxapex|Mental Herb|[from] move: Knock Off|[of] p2a: Scizor\n|move|p1a: Toxapex|Scald|p2a: Scizor\n|-damage|p2a: Scizor|85\/100\n|\n|upkeep\n|turn|3\n|j| BigBadKii\n|c| EGASizzlipedes|You didn\u2019t nickname your mons\n|j| Jeremy D Goat\n|c| EGASizzlipedes|im crying\n|j| ALPHABETB0Y\n|\n|t:|1598198620\n|switch|p2a: Virizion|Virizion|100\/100\n|move|p1a: Toxapex|Toxic|p2a: Virizion\n|-status|p2a: Virizion|tox\n|\n|-damage|p2a: Virizion|94\/100 tox|[from] psn\n|upkeep\n|turn|4\n|c| Trickno|nicknaming mons in 2020 omegalul\n|c| Jeremy D Goat|how much $$$ are these 2 making here\n|l| thiccmeme\n|j| TOOXIC860\n|c| Trickno|a lot\n|j| thiccmeme\n|j| Kasatuu\n|c| king internal|150 second place, 275 first\n|c| Trickno|winner gets 270\n|\n|t:|1598198645\n|switch|p2a: Hydreigon|Hydreigon, M|100\/100\n|move|p1a: Toxapex|Recover|p1a: Toxapex\n|-heal|p1a: Toxapex|100\/100\n|\n|upkeep\n|turn|5\n|c| EGASizzlipedes|Cum\n|c| EGASizzlipedes|Imo\n|c| Fate LVL|there's always some random dude talking ab nicknames\n|\n|t:|1598198652\n|switch|p1a: Ferrothorn|Ferrothorn, F|100\/100\n|move|p2a: Hydreigon|Substitute|p2a: Hydreigon\n|-start|p2a: Hydreigon|Substitute\n|-damage|p2a: Hydreigon|75\/100\n|\n|-heal|p2a: Hydreigon|82\/100|[from] item: Leftovers\n|upkeep\n|turn|6\n|j| DS RAchor\n|j| SB Shiny\n|\n|t:|1598198659\n|move|p2a: Hydreigon|Nasty Plot|p2a: Hydreigon\n|-boost|p2a: Hydreigon|spa|2\n|move|p1a: Ferrothorn|Body Press|p2a: Hydreigon\n|-supereffective|p2a: Hydreigon\n|-end|p2a: Hydreigon|Substitute\n|\n|-heal|p2a: Hydreigon|88\/100|[from] item: Leftovers\n|upkeep\n|turn|7\n|c| EGASizzlipedes|Omg hate\n|c| Kasatuu|xray wins ez\n|c| EGASizzlipedes|Bitchs\n|\n|t:|1598198674\n|move|p2a: Hydreigon|Draco Meteor|p1a: Ferrothorn\n|-resisted|p1a: Ferrothorn\n|-damage|p1a: Ferrothorn|60\/100\n|-unboost|p2a: Hydreigon|spa|2\n|move|p1a: Ferrothorn|Body Press|p2a: Hydreigon\n|-supereffective|p2a: Hydreigon\n|-damage|p2a: Hydreigon|37\/100\n|\n|-heal|p2a: Hydreigon|43\/100|[from] item: Leftovers\n|-heal|p1a: Ferrothorn|66\/100|[from] item: Leftovers\n|upkeep\n|turn|8\n|j| aleppo\n|j| Rozzi\n|l| NuePika\n|j| lipstick gouche\n|c| TOOXIC860|why is fate correct\n|j| Tikkito\n|c| Fate LVL|always\n|j| jutun is love\n|j| fish18\n|j| JD_Powerstrike\n|inactive|GeniusX has 270 seconds left.\n|\n|t:|1598198709\n|switch|p2a: Scizor|Scizor-Mega, M|85\/100\n|move|p1a: Ferrothorn|Knock Off|p2a: Scizor\n|-damage|p2a: Scizor|77\/100\n|\n|-heal|p1a: Ferrothorn|72\/100|[from] item: Leftovers\n|upkeep\n|turn|9\n|l| happiny's slaves\n|\n|t:|1598198714\n|switch|p1a: Toxapex|Toxapex, F|100\/100\n|move|p2a: Scizor|Knock Off|p1a: Toxapex\n|-damage|p1a: Toxapex|87\/100\n|\n|upkeep\n|turn|10\n|l| DS RAchor\n|\n|t:|1598198722\n|switch|p2a: Virizion|Virizion|94\/100 tox\n|move|p1a: Toxapex|Toxic|p2a: Virizion\n|-fail|p2a: Virizion|tox\n|\n|-damage|p2a: Virizion|88\/100 tox|[from] psn\n|upkeep\n|turn|11\n|\n|t:|1598198729\n|move|p2a: Virizion|Block|p1a: Toxapex\n|-activate|p1a: Toxapex|trapped\n|move|p1a: Toxapex|Toxic|p2a: Virizion\n|-fail|p2a: Virizion|tox\n|\n|-damage|p2a: Virizion|76\/100 tox|[from] psn\n|upkeep\n|turn|12\n|l| king internal\n|c| EGASizzlipedes|.\n|\n|t:|1598198739\n|move|p2a: Virizion|Taunt|p1a: Toxapex\n|-start|p1a: Toxapex|move: Taunt\n|cant|p1a: Toxapex|move: Taunt|Haze\n|\n|-damage|p2a: Virizion|58\/100 tox|[from] psn\n|upkeep\n|turn|13\n|l| Rozzi\n|\n|t:|1598198744\n|move|p2a: Virizion|Rest|p2a: Virizion\n|-status|p2a: Virizion|slp|[from] move: Rest\n|-heal|p2a: Virizion|100\/100 slp|[silent]\n|move|p1a: Toxapex|Scald|p2a: Virizion\n|-resisted|p2a: Virizion\n|-damage|p2a: Virizion|94\/100 slp\n|\n|upkeep\n|turn|14\n|c| Trickno|oh boy\n|\n|t:|1598198748\n|cant|p2a: Virizion|slp\n|move|p1a: Toxapex|Scald|p2a: Virizion\n|-resisted|p2a: Virizion\n|-damage|p2a: Virizion|88\/100 slp\n|\n|-end|p1a: Toxapex|move: Taunt\n|upkeep\n|turn|15\n|c| Kasatuu|lol\n|j| PotatoZ4\n|\n|t:|1598198754\n|cant|p2a: Virizion|slp\n|move|p1a: Toxapex|Haze|p1a: Toxapex\n|-clearallboost\n|\n|upkeep\n|turn|16\n|\n|t:|1598198758\n|-curestatus|p2a: Virizion|slp|[msg]\n|move|p2a: Virizion|Taunt|p1a: Toxapex\n|-start|p1a: Toxapex|move: Taunt\n|cant|p1a: Toxapex|move: Taunt|Haze\n|\n|upkeep\n|turn|17\n|c| EGASizzlipedes|Wtf is this shit\n|c| EGASizzlipedes|Omg\n|c| Kasatuu|^\n|\n|t:|1598198767\n|move|p2a: Virizion|Rest|p2a: Virizion\n|-status|p2a: Virizion|slp|[from] move: Rest\n|-heal|p2a: Virizion|100\/100 slp|[silent]\n|move|p1a: Toxapex|Scald|p2a: Virizion\n|-resisted|p2a: Virizion\n|-damage|p2a: Virizion|94\/100 slp\n|\n|upkeep\n|turn|18\n|c| HeisenbergVape|genius\n|\n|t:|1598198771\n|cant|p2a: Virizion|slp\n|move|p1a: Toxapex|Scald|p2a: Virizion\n|-resisted|p2a: Virizion\n|-damage|p2a: Virizion|88\/100 slp\n|\n|-end|p1a: Toxapex|move: Taunt\n|upkeep\n|turn|19\n|c| bo0t|heat\n|c| EGASizzlipedes|I\u2019m crying\n|\n|t:|1598198792\n|cant|p2a: Virizion|slp\n|move|p1a: Toxapex|Haze|p1a: Toxapex\n|-clearallboost\n|\n|upkeep\n|turn|20\n|\n|t:|1598198796\n|-curestatus|p2a: Virizion|slp|[msg]\n|move|p2a: Virizion|Taunt|p1a: Toxapex\n|-start|p1a: Toxapex|move: Taunt\n|cant|p1a: Toxapex|move: Taunt|Haze\n|\n|upkeep\n|turn|21\n|l| thiccmeme\n|j| konthegod\n|c| eet da meet|nu\n|c| EGASizzlipedes|I can\u2019t watch this pex get pp stalled for the next 30 minutes\n|j| king internal\n|\n|t:|1598198811\n|move|p2a: Virizion|Block||[still]\n|-fail|p2a: Virizion\n|move|p1a: Toxapex|Scald|p2a: Virizion\n|-resisted|p2a: Virizion\n|-damage|p2a: Virizion|81\/100\n|\n|upkeep\n|turn|22\n|c| Vindico HeX|Kms\n|\n|t:|1598198814\n|move|p2a: Virizion|Block||[still]\n|-fail|p2a: Virizion\n|move|p1a: Toxapex|Scald|p2a: Virizion\n|-resisted|p2a: Virizion\n|-damage|p2a: Virizion|75\/100\n|-status|p2a: Virizion|brn\n|\n|-damage|p2a: Virizion|69\/100 brn|[from] brn\n|-end|p1a: Toxapex|move: Taunt\n|upkeep\n|turn|23\n|c| EGASizzlipedes|Kms\n|\n|t:|1598198818\n|move|p2a: Virizion|Taunt|p1a: Toxapex\n|-start|p1a: Toxapex|move: Taunt\n|cant|p1a: Toxapex|move: Taunt|Haze\n|\n|-damage|p2a: Virizion|63\/100 brn|[from] brn\n|upkeep\n|turn|24\n|c| EGASizzlipedes|i hate life\n|\n|t:|1598198822\n|move|p2a: Virizion|Rest|p2a: Virizion\n|-status|p2a: Virizion|slp|[from] move: Rest\n|-heal|p2a: Virizion|100\/100 slp|[silent]\n|move|p1a: Toxapex|Scald|p2a: Virizion\n|-resisted|p2a: Virizion\n|-damage|p2a: Virizion|94\/100 slp\n|\n|upkeep\n|turn|25\n|c| ALPHABETB0Y|why he not attack\n|c| Kasatuu|wait he is rly pp stalling\n|\n|t:|1598198828\n|cant|p2a: Virizion|slp\n|move|p1a: Toxapex|Scald|p2a: Virizion\n|-resisted|p2a: Virizion\n|-damage|p2a: Virizion|87\/100 slp\n|\n|-end|p1a: Toxapex|move: Taunt\n|upkeep\n|turn|26\n|c| eet da meet|pp stall wack just have an attacking move lol\n|\n|t:|1598198834\n|cant|p2a: Virizion|slp\n|move|p1a: Toxapex|Haze|p1a: Toxapex\n|-clearallboost\n|\n|upkeep\n|turn|27\n|c| EGASizzlipedes|Banded gunk shot pex wins here js\n|\n|t:|1598198843\n|-curestatus|p2a: Virizion|slp|[msg]\n|move|p2a: Virizion|Taunt|p1a: Toxapex\n|-start|p1a: Toxapex|move: Taunt\n|cant|p1a: Toxapex|move: Taunt|Haze\n|\n|upkeep\n|turn|28\n|l| king internal\n|c| lipstick gouche|this is why u guys arent in finals\n|\n|t:|1598198850\n|move|p2a: Virizion|Block||[still]\n|-fail|p2a: Virizion\n|move|p1a: Toxapex|Scald|p2a: Virizion\n|-resisted|p2a: Virizion\n|-damage|p2a: Virizion|80\/100\n|-status|p2a: Virizion|brn\n|\n|-damage|p2a: Virizion|74\/100 brn|[from] brn\n|upkeep\n|turn|29\n|j| Pogko\n|j| Talal_23\n|c| Trickno|LOL\n|j| patbingsoo\n|j| HTN Hacker\n|\n|t:|1598198856\n|move|p2a: Virizion|Block||[still]\n|-fail|p2a: Virizion\n|move|p1a: Toxapex|Scald|p2a: Virizion\n|-resisted|p2a: Virizion\n|-damage|p2a: Virizion|67\/100 brn\n|\n|-damage|p2a: Virizion|61\/100 brn|[from] brn\n|-end|p1a: Toxapex|move: Taunt\n|upkeep\n|turn|30\n|c| bo0t|lol\n|\n|t:|1598198860\n|move|p2a: Virizion|Taunt|p1a: Toxapex\n|-start|p1a: Toxapex|move: Taunt\n|cant|p1a: Toxapex|move: Taunt|Haze\n|\n|-damage|p2a: Virizion|55\/100 brn|[from] brn\n|upkeep\n|turn|31\n|c| EGASizzlipedes|Omg hate\n|\n|t:|1598198863\n|move|p2a: Virizion|Rest|p2a: Virizion\n|-status|p2a: Virizion|slp|[from] move: Rest\n|-heal|p2a: Virizion|100\/100 slp|[silent]\n|move|p1a: Toxapex|Scald|p2a: Virizion\n|-resisted|p2a: Virizion\n|-damage|p2a: Virizion|94\/100 slp\n|\n|upkeep\n|turn|32\n|c| TOOXIC860|@fate\n|j| thiccmeme\n|\n|t:|1598198871\n|cant|p2a: Virizion|slp\n|move|p1a: Toxapex|Scald|p2a: Virizion\n|-resisted|p2a: Virizion\n|-damage|p2a: Virizion|87\/100 slp\n|\n|-end|p1a: Toxapex|move: Taunt\n|upkeep\n|turn|33\n|c| EGASizzlipedes|This game makes me cry\n|j| thuggerrrrrrrrr\n|c| bo0t|if u dont run 4 attacks on every mon ur a pussy imo\n|l| ALPHABETB0Y\n|j|%mayoouran\n|n| Jeremy D Goat|jeremydgoat\n|c| thuggerrrrrrrrr|Yoo my slime \n|c| Alakazam's Caf|yo fate\n|c| Alakazam's Caf|u here\n|c| TOOXIC860|theres also those random people who say dumb shit for no reason\n|j| Priyadasi\n|j| ALPHABETB0Y\n|\n|t:|1598198890\n|cant|p2a: Virizion|slp\n|move|p1a: Toxapex|Haze|p1a: Toxapex\n|-clearallboost\n|\n|upkeep\n|turn|34\n|c| eet da meet|secret she'd she'll tech\n|l| EGASizzlipedes\n|\n|t:|1598198894\n|-curestatus|p2a: Virizion|slp|[msg]\n|move|p2a: Virizion|Taunt|p1a: Toxapex\n|-start|p1a: Toxapex|move: Taunt\n|cant|p1a: Toxapex|move: Taunt|Haze\n|\n|upkeep\n|turn|35\n|j| EGASizzlipedes\n|\n|t:|1598198900\n|move|p2a: Virizion|Block||[still]\n|-fail|p2a: Virizion\n|move|p1a: Toxapex|Scald|p2a: Virizion\n|-resisted|p2a: Virizion\n|-damage|p2a: Virizion|80\/100\n|\n|upkeep\n|turn|36\n|\n|t:|1598198907\n|move|p2a: Virizion|Taunt||[still]\n|-fail|p2a: Virizion\n|move|p1a: Toxapex|Scald|p2a: Virizion\n|-resisted|p2a: Virizion\n|-damage|p2a: Virizion|74\/100\n|\n|-end|p1a: Toxapex|move: Taunt\n|upkeep\n|turn|37\n|j| king internal\n|\n|t:|1598198911\n|move|p2a: Virizion|Taunt|p1a: Toxapex\n|-start|p1a: Toxapex|move: Taunt\n|cant|p1a: Toxapex|move: Taunt|Haze\n|\n|upkeep\n|turn|38\n|l| EGASizzlipedes\n|\n|t:|1598198919\n|move|p2a: Virizion|Rest|p2a: Virizion\n|-status|p2a: Virizion|slp|[from] move: Rest\n|-heal|p2a: Virizion|100\/100 slp|[silent]\n|move|p1a: Toxapex|Scald|p2a: Virizion\n|-resisted|p2a: Virizion\n|-damage|p2a: Virizion|94\/100 slp\n|\n|upkeep\n|turn|39\n|\n|t:|1598198923\n|cant|p2a: Virizion|slp\n|move|p1a: Toxapex|Scald|p2a: Virizion\n|-resisted|p2a: Virizion\n|-damage|p2a: Virizion|87\/100 slp\n|\n|-end|p1a: Toxapex|move: Taunt\n|upkeep\n|turn|40\n|c| thuggerrrrrrrrr|Bro what the hell is this\n|\n|t:|1598198930\n|cant|p2a: Virizion|slp\n|move|p1a: Toxapex|Haze|p1a: Toxapex\n|-clearallboost\n|\n|upkeep\n|turn|41\n|j| vani\n|c|\u2606xray|Is there a possibility to set modchat?\n|\n|t:|1598198938\n|-curestatus|p2a: Virizion|slp|[msg]\n|move|p2a: Virizion|Taunt|p1a: Toxapex\n|-start|p1a: Toxapex|move: Taunt\n|cant|p1a: Toxapex|move: Taunt|Haze\n|\n|upkeep\n|turn|42\n|c| BigBadKii|please\n|j| ShadedEel\n|c| lipstick gouche|yeah\n|c| Kasatuu|yea\n|c| Trickno|go for it\n|c| konthegod|ignore spectators ez\n|raw|<div class=\"broadcast-red\"><strong>Moderated chat was set to @!<\/strong><br \/>Only users of rank @ and higher can talk.<\/div>\n|\n|t:|1598198954\n|move|p2a: Virizion|Rest|p2a: Virizion\n|-status|p2a: Virizion|slp|[from] move: Rest\n|-heal|p2a: Virizion|100\/100 slp|[silent]\n|move|p1a: Toxapex|Scald|p2a: Virizion\n|-resisted|p2a: Virizion\n|-crit|p2a: Virizion\n|-damage|p2a: Virizion|91\/100 slp\n|\n|upkeep\n|turn|43\n|\n|t:|1598198960\n|cant|p2a: Virizion|slp\n|move|p1a: Toxapex|Scald|p2a: Virizion\n|-resisted|p2a: Virizion\n|-damage|p2a: Virizion|84\/100 slp\n|\n|-end|p1a: Toxapex|move: Taunt\n|upkeep\n|turn|44\n|\n|t:|1598198967\n|cant|p2a: Virizion|slp\n|move|p1a: Toxapex|Haze|p1a: Toxapex\n|-clearallboost\n|\n|upkeep\n|turn|45\n|\n|t:|1598198970\n|-curestatus|p2a: Virizion|slp|[msg]\n|move|p2a: Virizion|Taunt|p1a: Toxapex\n|-start|p1a: Toxapex|move: Taunt\n|cant|p1a: Toxapex|move: Taunt|Haze\n|\n|upkeep\n|turn|46\n|\n|t:|1598198975\n|move|p2a: Virizion|Rest|p2a: Virizion\n|-status|p2a: Virizion|slp|[from] move: Rest\n|-heal|p2a: Virizion|100\/100 slp|[silent]\n|move|p1a: Toxapex|Scald|p2a: Virizion\n|-resisted|p2a: Virizion\n|-damage|p2a: Virizion|94\/100 slp\n|\n|upkeep\n|turn|47\n|\n|t:|1598198980\n|cant|p2a: Virizion|slp\n|move|p1a: Toxapex|Scald|p2a: Virizion\n|-resisted|p2a: Virizion\n|-crit|p2a: Virizion\n|-damage|p2a: Virizion|85\/100 slp\n|\n|-end|p1a: Toxapex|move: Taunt\n|upkeep\n|turn|48\n|\n|t:|1598198985\n|cant|p2a: Virizion|slp\n|move|p1a: Toxapex|Haze|p1a: Toxapex\n|-clearallboost\n|\n|upkeep\n|turn|49\n|\n|t:|1598198988\n|-curestatus|p2a: Virizion|slp|[msg]\n|move|p2a: Virizion|Taunt|p1a: Toxapex\n|-start|p1a: Toxapex|move: Taunt\n|cant|p1a: Toxapex|move: Taunt|Haze\n|\n|upkeep\n|turn|50\n|\n|t:|1598198993\n|move|p2a: Virizion|Rest|p2a: Virizion\n|-status|p2a: Virizion|slp|[from] move: Rest\n|-heal|p2a: Virizion|100\/100 slp|[silent]\n|move|p1a: Toxapex|Scald|p2a: Virizion\n|-resisted|p2a: Virizion\n|-damage|p2a: Virizion|94\/100 slp\n|\n|upkeep\n|turn|51\n|\n|t:|1598199004\n|cant|p2a: Virizion|slp\n|move|p1a: Toxapex|Scald|p2a: Virizion\n|-resisted|p2a: Virizion\n|-damage|p2a: Virizion|87\/100 slp\n|\n|-end|p1a: Toxapex|move: Taunt\n|upkeep\n|turn|52\n|\n|t:|1598199010\n|cant|p2a: Virizion|slp\n|move|p1a: Toxapex|Haze|p1a: Toxapex\n|-clearallboost\n|\n|upkeep\n|turn|53\n|\n|t:|1598199017\n|-curestatus|p2a: Virizion|slp|[msg]\n|move|p2a: Virizion|Taunt|p1a: Toxapex\n|-start|p1a: Toxapex|move: Taunt\n|cant|p1a: Toxapex|move: Taunt|Haze\n|\n|upkeep\n|turn|54\n|\n|t:|1598199025\n|move|p2a: Virizion|Rest|p2a: Virizion\n|-status|p2a: Virizion|slp|[from] move: Rest\n|-heal|p2a: Virizion|100\/100 slp|[silent]\n|move|p1a: Toxapex|Scald|p2a: Virizion\n|-resisted|p2a: Virizion\n|-damage|p2a: Virizion|94\/100 slp\n|\n|upkeep\n|turn|55\n|\n|t:|1598199029\n|cant|p2a: Virizion|slp\n|-activate|p1a: Toxapex|move: Struggle\n|move|p1a: Toxapex|Struggle|p2a: Virizion\n|-damage|p2a: Virizion|86\/100 slp\n|-damage|p1a: Toxapex|62\/100|[from] recoil\n|\n|-end|p1a: Toxapex|move: Taunt\n|upkeep\n|turn|56\n|\n|t:|1598199037\n|cant|p2a: Virizion|slp\n|move|p1a: Toxapex|Recover|p1a: Toxapex\n|-heal|p1a: Toxapex|100\/100\n|\n|upkeep\n|turn|57\n|\n|t:|1598199044\n|-curestatus|p2a: Virizion|slp|[msg]\n|move|p2a: Virizion|Taunt|p1a: Toxapex\n|-start|p1a: Toxapex|move: Taunt\n|cant|p1a: Toxapex|move: Taunt|Toxic\n|\n|upkeep\n|turn|58\n|\n|t:|1598199048\n|move|p2a: Virizion|Taunt||[still]\n|-fail|p2a: Virizion\n|-activate|p1a: Toxapex|move: Struggle\n|move|p1a: Toxapex|Struggle|p2a: Virizion\n|-damage|p2a: Virizion|79\/100\n|-damage|p1a: Toxapex|75\/100|[from] recoil\n|\n|upkeep\n|turn|59\n|\n|t:|1598199054\n|move|p2a: Virizion|Taunt||[still]\n|-fail|p2a: Virizion\n|-activate|p1a: Toxapex|move: Struggle\n|move|p1a: Toxapex|Struggle|p2a: Virizion\n|-damage|p2a: Virizion|71\/100\n|-damage|p1a: Toxapex|50\/100|[from] recoil\n|\n|-end|p1a: Toxapex|move: Taunt\n|upkeep\n|turn|60\n|\n|t:|1598199058\n|move|p2a: Virizion|Taunt|p1a: Toxapex\n|-start|p1a: Toxapex|move: Taunt\n|cant|p1a: Toxapex|move: Taunt|Recover\n|\n|upkeep\n|turn|61\n|\n|t:|1598199080\n|move|p2a: Virizion|Taunt||[still]\n|-fail|p2a: Virizion\n|-activate|p1a: Toxapex|move: Struggle\n|move|p1a: Toxapex|Struggle|p2a: Virizion\n|-damage|p2a: Virizion|63\/100\n|-damage|p1a: Toxapex|25\/100|[from] recoil\n|\n|upkeep\n|turn|62\n|inactive|xray has 270 seconds left.\n|\n|t:|1598199121\n|switch|p2a: Mew|Mew|100\/100\n|-activate|p1a: Toxapex|move: Struggle\n|move|p1a: Toxapex|Struggle|p2a: Mew\n|-damage|p2a: Mew|95\/100\n|-damage|p1a: Toxapex|0 fnt|[from] recoil\n|faint|p1a: Toxapex\n|\n|-heal|p2a: Mew|100\/100|[from] item: Leftovers\n|upkeep\n|inactive|GeniusX has 270 seconds left.\n|\n|t:|1598199159\n|switch|p1a: Weavile|Weavile, M|100\/100\n|-ability|p1a: Weavile|Pressure\n|turn|63\n|inactive|GeniusX has 240 seconds left.\n|\n|t:|1598199185\n|switch|p2a: Scizor|Scizor-Mega, M|77\/100\n|move|p1a: Weavile|Foul Play|p2a: Scizor\n|-damage|p2a: Scizor|36\/100\n|\n|upkeep\n|turn|64\n|inactive|xray has 270 seconds left.\n|inactive|GeniusX has 240 seconds left.\n|\n|t:|1598199215\n|switch|p1a: Rotom|Rotom-Fan|100\/100\n|switch|p2a: Suicune|Suicune|100\/100\n|-ability|p2a: Suicune|Pressure\n|\n|upkeep\n|turn|65\n|\n|t:|1598199224\n|switch|p2a: Hydreigon|Hydreigon, M|43\/100\n|move|p1a: Rotom|Volt Switch|p2a: Hydreigon\n|-resisted|p2a: Hydreigon\n|-damage|p2a: Hydreigon|31\/100\n|\n|t:|1598199238\n|switch|p1a: Diancie|Diancie|100\/100|[from]move: Volt Switch\n|\n|-heal|p2a: Hydreigon|37\/100|[from] item: Leftovers\n|upkeep\n|turn|66\n|\n|t:|1598199253\n|detailschange|p1a: Diancie|Diancie-Mega\n|-mega|p1a: Diancie|Diancie|Diancite\n|move|p1a: Diancie|Diamond Storm|p2a: Hydreigon\n|-damage|p2a: Hydreigon|0 fnt\n|faint|p2a: Hydreigon\n|\n|upkeep\n|\n|t:|1598199260\n|switch|p2a: Suicune|Suicune|100\/100\n|-ability|p2a: Suicune|Pressure\n|turn|67\n|inactive|GeniusX has 240 seconds left.\n|\n|t:|1598199289\n|switch|p1a: Ferrothorn|Ferrothorn, F|72\/100\n|move|p2a: Suicune|Calm Mind|p2a: Suicune\n|-boost|p2a: Suicune|spa|1\n|-boost|p2a: Suicune|spd|1\n|\n|-heal|p1a: Ferrothorn|78\/100|[from] item: Leftovers\n|upkeep\n|turn|68\n|\n|t:|1598199295\n|switch|p1a: Diancie|Diancie-Mega|100\/100\n|move|p2a: Suicune|Substitute|p2a: Suicune\n|-start|p2a: Suicune|Substitute\n|-damage|p2a: Suicune|75\/100\n|\n|-heal|p2a: Suicune|82\/100|[from] item: Leftovers\n|upkeep\n|turn|69\n|\n|t:|1598199298\n|move|p1a: Diancie|Encore|p2a: Suicune\n|-start|p2a: Suicune|Encore\n|move|p2a: Suicune|Substitute|p2a: Suicune\n|-fail|p2a: Suicune|move: Substitute\n|\n|-heal|p2a: Suicune|88\/100|[from] item: Leftovers\n|upkeep\n|turn|70\n|\n|t:|1598199308\n|move|p1a: Diancie|Diamond Storm|p2a: Suicune\n|-end|p2a: Suicune|Substitute\n|-boost|p1a: Diancie|def|2\n|move|p2a: Suicune|Substitute|p2a: Suicune\n|-start|p2a: Suicune|Substitute\n|-damage|p2a: Suicune|63\/100\n|\n|-heal|p2a: Suicune|69\/100|[from] item: Leftovers\n|upkeep\n|turn|71\n|\n|t:|1598199318\n|move|p1a: Diancie|Moonblast|p2a: Suicune\n|-crit|p2a: Suicune\n|-end|p2a: Suicune|Substitute\n|move|p2a: Suicune|Substitute|p2a: Suicune\n|-start|p2a: Suicune|Substitute\n|-damage|p2a: Suicune|44\/100\n|\n|-heal|p2a: Suicune|50\/100|[from] item: Leftovers\n|-end|p2a: Suicune|Encore\n|upkeep\n|turn|72\n|inactive|GeniusX has 240 seconds left.\n|inactive|xray has 270 seconds left.\n|\n|t:|1598199356\n|move|p1a: Diancie|Encore|p2a: Suicune\n|-start|p2a: Suicune|Encore\n|move|p2a: Suicune|Substitute|p2a: Suicune\n|-fail|p2a: Suicune|move: Substitute\n|\n|-heal|p2a: Suicune|56\/100|[from] item: Leftovers\n|upkeep\n|turn|73\n|inactive|GeniusX has 210 seconds left.\n|\n|t:|1598199403\n|move|p1a: Diancie|Moonblast|p2a: Suicune\n|-end|p2a: Suicune|Substitute\n|move|p2a: Suicune|Substitute|p2a: Suicune\n|-start|p2a: Suicune|Substitute\n|-damage|p2a: Suicune|31\/100\n|\n|-heal|p2a: Suicune|38\/100|[from] item: Leftovers\n|upkeep\n|turn|74\n|inactive|xray has 270 seconds left.\n|\n|t:|1598199446\n|move|p1a: Diancie|Moonblast|p2a: Suicune\n|-activate|p2a: Suicune|move: Substitute|[damage]\n|move|p2a: Suicune|Substitute|p2a: Suicune\n|-fail|p2a: Suicune|move: Substitute\n|\n|-heal|p2a: Suicune|44\/100|[from] item: Leftovers\n|-end|p2a: Suicune|Encore\n|upkeep\n|turn|75\n|inactive|GeniusX has 210 seconds left.\n|\n|t:|1598199462\n|switch|p2a: Scizor|Scizor-Mega, M|36\/100\n|move|p1a: Diancie|Encore||[still]\n|-fail|p1a: Diancie\n|\n|upkeep\n|turn|76\n|inactive|GeniusX has 210 seconds left.\n|inactive|xray has 240 seconds left.\n|inactive|GeniusX has 180 seconds left.\n|\n|t:|1598199518\n|switch|p1a: Garchomp|Garchomp, M|100\/100\n|move|p2a: Scizor|Roost|p2a: Scizor\n|-heal|p2a: Scizor|87\/100\n|-singleturn|p2a: Scizor|move: Roost\n|\n|upkeep\n|turn|77\n|inactive|xray has 240 seconds left.\n|\n|t:|1598199524\n|switch|p2a: Talonflame|Talonflame, F|100\/100\n|move|p1a: Garchomp|Stealth Rock|p2a: Talonflame\n|-sidestart|p2: xray|move: Stealth Rock\n|\n|upkeep\n|turn|78\n|inactive|xray has 240 seconds left.\n|inactive|GeniusX has 150 seconds left.\n|\n|t:|1598199552\n|switch|p1a: Rotom|Rotom-Fan|100\/100\n|move|p2a: Talonflame|Defog|p1a: Rotom\n|-unboost|p1a: Rotom|evasion|1\n|-sideend|p2: xray|Stealth Rock|[from] move: Defog|[of] p2a: Talonflame\n|\n|upkeep\n|turn|79\n|\n|t:|1598199555\n|move|p2a: Talonflame|Will-O-Wisp|p1a: Rotom\n|-status|p1a: Rotom|brn\n|move|p1a: Rotom|Volt Switch|p2a: Talonflame\n|-supereffective|p2a: Talonflame\n|-damage|p2a: Talonflame|48\/100\n|inactive|GeniusX has 150 seconds left.\n|inactive|GeniusX has 120 seconds left.\n|n|\u2606GeniusX|geniusx\n|inactive|GeniusX has 90 seconds left.\n|\n|t:|1598199643\n|switch|p1a: Garchomp|Garchomp, M|100\/100|[from]move: Volt Switch\n|\n|upkeep\n|turn|80\n|\n|t:|1598199650\n|move|p2a: Talonflame|Will-O-Wisp|p1a: Garchomp\n|-status|p1a: Garchomp|brn\n|-enditem|p1a: Garchomp|Lum Berry|[eat]\n|-curestatus|p1a: Garchomp|brn|[msg]\n|move|p1a: Garchomp|Dragon Claw|p2a: Talonflame\n|-damage|p2a: Talonflame|0 fnt\n|faint|p2a: Talonflame\n|\n|upkeep\n|inactive|xray has 240 seconds left.\n|\n|t:|1598199684\n|switch|p2a: Suicune|Suicune|44\/100\n|-ability|p2a: Suicune|Pressure\n|turn|81\n|inactive|xray has 240 seconds left.\n|\n|t:|1598199698\n|move|p1a: Garchomp|Earthquake|p2a: Suicune\n|-damage|p2a: Suicune|4\/100\n|move|p2a: Suicune|Scald|p1a: Garchomp\n|-damage|p1a: Garchomp|69\/100\n|-status|p1a: Garchomp|brn\n|\n|-heal|p2a: Suicune|10\/100|[from] item: Leftovers\n|-damage|p1a: Garchomp|63\/100 brn|[from] brn\n|upkeep\n|turn|82\n|inactive|xray has 240 seconds left.\n|\n|t:|1598199711\n|switch|p2a: Mew|Mew|100\/100\n|move|p1a: Garchomp|Earthquake|p2a: Mew\n|-damage|p2a: Mew|75\/100\n|\n|-heal|p2a: Mew|81\/100|[from] item: Leftovers\n|-damage|p1a: Garchomp|57\/100 brn|[from] brn\n|upkeep\n|turn|83\n|inactive|xray has 240 seconds left.\n|\n|t:|1598199730\n|move|p1a: Garchomp|Stealth Rock|p2a: Mew\n|-sidestart|p2: xray|move: Stealth Rock\n|move|p2a: Mew|Nasty Plot|p2a: Mew\n|-boost|p2a: Mew|spa|2\n|\n|-heal|p2a: Mew|88\/100|[from] item: Leftovers\n|-damage|p1a: Garchomp|51\/100 brn|[from] brn\n|upkeep\n|turn|84\n|inactive|xray has 240 seconds left.\n|inactive|GeniusX has 90 seconds left.\n|inactive|xray has 210 seconds left.\n|inactive|GeniusX has 60 seconds left.\n|inactive|xray has 180 seconds left.\n|inactive|GeniusX has 30 seconds left.\n|\n|t:|1598199814\n|switch|p1a: Diancie|Diancie-Mega|100\/100\n|move|p2a: Mew|Psychic|p1a: Diancie\n|-damage|p1a: Diancie|0 fnt\n|faint|p1a: Diancie\n|\n|-heal|p2a: Mew|94\/100|[from] item: Leftovers\n|upkeep\n|inactive|GeniusX has 30 seconds left this turn.\n|\n|t:|1598199818\n|switch|p1a: Weavile|Weavile, M|100\/100\n|-ability|p1a: Weavile|Pressure\n|turn|85\n|\n|t:|1598199822\n|move|p2a: Mew|Vacuum Wave|p1a: Weavile\n|-supereffective|p1a: Weavile\n|-damage|p1a: Weavile|0 fnt\n|faint|p1a: Weavile\n|\n|-heal|p2a: Mew|99\/100|[from] item: Leftovers\n|upkeep\n|\n|t:|1598199827\n|switch|p1a: Ferrothorn|Ferrothorn, F|78\/100\n|turn|86\n|\n|t:|1598199831\n|move|p2a: Mew|Flamethrower|p1a: Ferrothorn\n|-supereffective|p1a: Ferrothorn\n|-damage|p1a: Ferrothorn|0 fnt\n|faint|p1a: Ferrothorn\n|\n|-heal|p2a: Mew|100\/100|[from] item: Leftovers\n|upkeep\n|\n|t:|1598199837\n|switch|p1a: Garchomp|Garchomp, M|51\/100 brn\n|turn|87\n|inactive|xray has 210 seconds left.\n|\n|t:|1598199843\n|move|p1a: Garchomp|Earthquake|p2a: Mew\n|-damage|p2a: Mew|75\/100\n|move|p2a: Mew|Psychic|p1a: Garchomp\n|-damage|p1a: Garchomp|0 fnt\n|faint|p1a: Garchomp\n|\n|-heal|p2a: Mew|81\/100|[from] item: Leftovers\n|upkeep\n|\n|t:|1598199846\n|switch|p1a: Rotom|Rotom-Fan|100\/100 brn\n|turn|88\n|\n|t:|1598199849\n|move|p2a: Mew|Psychic|p1a: Rotom\n|-damage|p1a: Rotom|8\/100 brn\n|-unboost|p1a: Rotom|spd|1\n|move|p1a: Rotom|Volt Switch|p2a: Mew\n|-damage|p2a: Mew|61\/100\n|\n|-heal|p2a: Mew|67\/100|[from] item: Leftovers\n|-damage|p1a: Rotom|2\/100 brn|[from] brn\n|upkeep\n|turn|89\n|\n|t:|1598199853\n|move|p2a: Mew|Vacuum Wave|p1a: Rotom\n|-resisted|p1a: Rotom\n|-damage|p1a: Rotom|0 fnt\n|faint|p1a: Rotom\n|\n|win|xray\n","uploadtime":1598199870,"views":327,"p1id":"geniusx","p2id":"xray","formatid":"gen8nationaldexdlc2draft","rating":0,"private":0,"password":null}