{"id":"sports-gen8nationaldexdraft-596370","p1":"BrrBrrStonksInc","p2":"pizzalover420","format":"gen8nationaldexdraft","log":"|j|\u2606BrrBrrStonksInc\n|j|\u2606pizzalover420\n|t:|1645215845\n|gametype|singles\n|player|p1|BrrBrrStonksInc|brrbrrstonksinc.png|\n|player|p2|pizzalover420|crasherwake|\n|teamsize|p1|6\n|teamsize|p2|6\n|gen|8\n|tier|[Gen 8] National Dex Draft\n|rule|Sleep Clause Mod: Limit one foe put to sleep\n|rule|OHKO Clause: OHKO moves are banned\n|rule|Evasion Moves Clause: Evasion moves are banned\n|rule|Endless Battle Clause: Forcing endless battles is banned\n|rule|HP Percentage Mod: HP is shown in percentages\n|rule|Dynamax Clause: You cannot dynamax\n|clearpoke\n|poke|p1|Beedrill, M|\n|poke|p1|Corviknight, F|\n|poke|p1|Raikou|\n|poke|p1|Urshifu-*, M|\n|poke|p1|Nidoking, M|\n|poke|p1|Gothorita, F|\n|poke|p2|Tornadus-Therian, M|\n|poke|p2|Clefable, M|\n|poke|p2|Zeraora|\n|poke|p2|Copperajah, F|\n|poke|p2|Milotic, F|\n|poke|p2|Tangela, F|\n|teampreview\n|html|<button name=\"send\" class=\"button\" value=\"\/timer ds\"><i class=\"fa fa-hourglass-start\"><\/i> DS Timer<\/button> <button name=\"send\" class=\"button\" value=\"\/timer smogon\"><i class=\"fa fa-hourglass-start\"><\/i> Smogon Timer<\/button>\n|c|\u2606pizzalover420|Hf\n|c|\u2606BrrBrrStonksInc|hf\n|j| LegendarySerperior\n|\n|t:|1645215875\n|start\n|switch|p1a: Nidoking|Nidoking, M|100\/100\n|switch|p2a: Tornadus|Tornadus-Therian, M|100\/100\n|turn|1\n|c| LegendarySerperior|dont forget to post the replay\n|j| voltypichu\n|c|\u2606pizzalover420|ok\n|c|\u2606pizzalover420|thanks\n|\n|t:|1645215894\n|move|p2a: Tornadus|Knock Off|p1a: Nidoking\n|-crit|p1a: Nidoking\n|-damage|p1a: Nidoking|50\/100\n|-enditem|p1a: Nidoking|Shuca Berry|[from] move: Knock Off|[of] p2a: Tornadus\n|move|p1a: Nidoking|Thunder Punch|p2a: Tornadus\n|-supereffective|p2a: Tornadus\n|-damage|p2a: Tornadus|37\/100\n|\n|upkeep\n|turn|2\n|\n|t:|1645215931\n|switch|p1a: Raikou|Raikou|100\/100\n|-ability|p1a: Raikou|Pressure\n|move|p2a: Tornadus|Hurricane|p1a: Raikou\n|-resisted|p1a: Raikou\n|-damage|p1a: Raikou|82\/100\n|\n|upkeep\n|turn|3\n|\n|t:|1645215954\n|move|p2a: Tornadus|U-turn|p1a: Raikou\n|-crit|p1a: Raikou\n|-damage|p1a: Raikou|54\/100\n|\n|t:|1645215960\n|switch|p2a: Zeraora|Zeraora|100\/100|[from]move: U-turn\n|move|p1a: Raikou|Toxic|p2a: Zeraora\n|-status|p2a: Zeraora|tox\n|\n|-damage|p2a: Zeraora|94\/100 tox|[from] psn\n|upkeep\n|turn|4\n|\n|t:|1645216007\n|switch|p1a: Nidoking|Nidoking, M|50\/100\n|move|p2a: Zeraora|Knock Off|p1a: Nidoking\n|-damage|p1a: Nidoking|13\/100\n|\n|-damage|p2a: Zeraora|82\/100 tox|[from] psn\n|upkeep\n|turn|5\n|\n|t:|1645216055\n|switch|p1a: Corviknight|Corviknight, F|100\/100\n|move|p2a: Zeraora|Knock Off|p1a: Corviknight\n|-damage|p1a: Corviknight|80\/100\n|-enditem|p1a: Corviknight|Leftovers|[from] move: Knock Off|[of] p2a: Zeraora\n|\n|-damage|p2a: Zeraora|64\/100 tox|[from] psn\n|upkeep\n|turn|6\n|\n|t:|1645216065\n|switch|p2a: Tornadus|Tornadus-Therian, M|71\/100\n|move|p1a: Corviknight|Roost|p1a: Corviknight\n|-heal|p1a: Corviknight|100\/100\n|-singleturn|p1a: Corviknight|move: Roost\n|\n|upkeep\n|turn|7\n|\n|t:|1645216071\n|move|p2a: Tornadus|Heat Wave|p1a: Corviknight\n|-supereffective|p1a: Corviknight\n|-damage|p1a: Corviknight|53\/100\n|move|p1a: Corviknight|U-turn|p2a: Tornadus\n|-resisted|p2a: Tornadus\n|-damage|p2a: Tornadus|61\/100\n|\n|t:|1645216077\n|switch|p1a: Beedrill|Beedrill, M|100\/100|[from]move: U-turn\n|\n|upkeep\n|turn|8\n|\n|t:|1645216103\n|switch|p2a: Copperajah|Copperajah, F|100\/100\n|detailschange|p1a: Beedrill|Beedrill-Mega, M\n|-mega|p1a: Beedrill|Beedrill|Beedrillite\n|move|p1a: Beedrill|U-turn|p2a: Copperajah\n|-resisted|p2a: Copperajah\n|-damage|p2a: Copperajah|81\/100\n|l| voltypichu\n|\n|t:|1645216110\n|switch|p1a: Urshifu|Urshifu, M|100\/100|[from]move: U-turn\n|\n|-heal|p2a: Copperajah|87\/100|[from] item: Leftovers\n|upkeep\n|turn|9\n|\n|t:|1645216125\n|switch|p2a: Clefable|Clefable, M|100\/100\n|move|p1a: Urshifu|U-turn|p2a: Clefable\n|-resisted|p2a: Clefable\n|-damage|p2a: Clefable|91\/100\n|\n|t:|1645216129\n|switch|p1a: Gothorita|Gothorita, F|100\/100|[from]move: U-turn\n|\n|upkeep\n|turn|10\n|\n|t:|1645216140\n|move|p1a: Gothorita|Trick|p2a: Clefable\n|-activate|p1a: Gothorita|move: Trick|[of] p2a: Clefable\n|-item|p2a: Clefable|Choice Band|[from] move: Trick\n|-item|p1a: Gothorita|Shed Shell|[from] move: Trick\n|move|p2a: Clefable|Knock Off|p1a: Gothorita\n|-supereffective|p1a: Gothorita\n|-damage|p1a: Gothorita|36\/100\n|-enditem|p1a: Gothorita|Shed Shell|[from] move: Knock Off|[of] p2a: Clefable\n|\n|upkeep\n|turn|11\n|\n|t:|1645216151\n|move|p1a: Gothorita|Reflect|p1a: Gothorita\n|-sidestart|p1: BrrBrrStonksInc|Reflect\n|move|p2a: Clefable|Knock Off|p1a: Gothorita\n|-supereffective|p1a: Gothorita\n|-damage|p1a: Gothorita|14\/100\n|\n|upkeep\n|turn|12\n|c|\u2606pizzalover420|whoops\n|\n|t:|1645216157\n|move|p1a: Gothorita|Light Screen|p1a: Gothorita\n|-sidestart|p1: BrrBrrStonksInc|move: Light Screen\n|move|p2a: Clefable|Knock Off|p1a: Gothorita\n|-supereffective|p1a: Gothorita\n|-damage|p1a: Gothorita|0 fnt\n|faint|p1a: Gothorita\n|\n|upkeep\n|\n|t:|1645216168\n|switch|p1a: Beedrill|Beedrill-Mega, M|100\/100\n|turn|13\n|\n|t:|1645216204\n|switch|p2a: Copperajah|Copperajah, F|87\/100\n|move|p1a: Beedrill|Drill Run|p2a: Copperajah\n|-supereffective|p2a: Copperajah\n|-damage|p2a: Copperajah|40\/100\n|\n|-heal|p2a: Copperajah|47\/100|[from] item: Leftovers\n|upkeep\n|turn|14\n|\n|t:|1645216215\n|move|p1a: Beedrill|Drill Run|p2a: Copperajah\n|-supereffective|p2a: Copperajah\n|-damage|p2a: Copperajah|2\/100\n|move|p2a: Copperajah|Heat Crash|p1a: Beedrill\n|-supereffective|p1a: Beedrill\n|-damage|p1a: Beedrill|15\/100\n|\n|-heal|p2a: Copperajah|8\/100|[from] item: Leftovers\n|upkeep\n|turn|15\n|\n|t:|1645216230\n|move|p1a: Beedrill|Knock Off|p2a: Copperajah\n|-damage|p2a: Copperajah|0 fnt\n|-enditem|p2a: Copperajah|Leftovers|[from] move: Knock Off|[of] p1a: Beedrill\n|faint|p2a: Copperajah\n|\n|-sideend|p1: BrrBrrStonksInc|Reflect\n|upkeep\n|\n|t:|1645216254\n|switch|p2a: Tornadus|Tornadus-Therian, M|94\/100\n|turn|16\n|\n|t:|1645216257\n|move|p1a: Beedrill|Poison Jab|p2a: Tornadus\n|-damage|p2a: Tornadus|11\/100\n|move|p2a: Tornadus|Heat Wave|p1a: Beedrill\n|-supereffective|p1a: Beedrill\n|-damage|p1a: Beedrill|0 fnt\n|faint|p1a: Beedrill\n|\n|-sideend|p1: BrrBrrStonksInc|move: Light Screen\n|upkeep\n|\n|t:|1645216266\n|switch|p1a: Raikou|Raikou|54\/100\n|-ability|p1a: Raikou|Pressure\n|turn|17\n|\n|t:|1645216270\n|move|p2a: Tornadus|U-turn|p1a: Raikou\n|-damage|p1a: Raikou|37\/100\n|\n|t:|1645216271\n|switch|p2a: Tangela|Tangela, F|100\/100|[from]move: U-turn\n|move|p1a: Raikou|Scald|p2a: Tangela\n|-resisted|p2a: Tangela\n|-damage|p2a: Tangela|82\/100\n|-status|p2a: Tangela|brn\n|\n|-damage|p2a: Tangela|76\/100 brn|[from] brn\n|upkeep\n|turn|18\n|\n|t:|1645216277\n|move|p1a: Raikou|Volt Switch|p2a: Tangela\n|-resisted|p2a: Tangela\n|-damage|p2a: Tangela|49\/100 brn\n|\n|t:|1645216281\n|switch|p1a: Corviknight|Corviknight, F|53\/100|[from]move: Volt Switch\n|move|p2a: Tangela|Sleep Powder|p1a: Corviknight\n|-status|p1a: Corviknight|slp|[from] move: Sleep Powder\n|\n|-damage|p2a: Tangela|43\/100 brn|[from] brn\n|upkeep\n|turn|19\n|\n|t:|1645216286\n|switch|p1a: Urshifu|Urshifu, M|100\/100\n|switch|p2a: Tornadus|Tornadus-Therian, M|45\/100\n|\n|upkeep\n|turn|20\n|\n|t:|1645216305\n|switch|p2a: Clefable|Clefable, M|91\/100\n|move|p1a: Urshifu|Sucker Punch||[still]\n|-fail|p1a: Urshifu\n|\n|upkeep\n|turn|21\n|\n|t:|1645216313\n|switch|p2a: Tornadus|Tornadus-Therian, M|78\/100\n|move|p1a: Urshifu|U-turn|p2a: Tornadus\n|-resisted|p2a: Tornadus\n|-damage|p2a: Tornadus|62\/100\n|\n|t:|1645216319\n|switch|p1a: Raikou|Raikou|37\/100|[from]move: U-turn\n|-ability|p1a: Raikou|Pressure\n|\n|upkeep\n|turn|22\n|\n|t:|1645216329\n|move|p2a: Tornadus|U-turn|p1a: Raikou\n|-damage|p1a: Raikou|19\/100\n|\n|t:|1645216341\n|switch|p2a: Tangela|Tangela, F|76\/100 brn|[from]move: U-turn\n|move|p1a: Raikou|Scald|p2a: Tangela\n|-resisted|p2a: Tangela\n|-damage|p2a: Tangela|58\/100 brn\n|\n|-damage|p2a: Tangela|52\/100 brn|[from] brn\n|upkeep\n|turn|23\n|\n|t:|1645216348\n|switch|p2a: Zeraora|Zeraora|64\/100 tox\n|move|p1a: Raikou|Scald|p2a: Zeraora\n|-damage|p2a: Zeraora|30\/100 tox\n|\n|-damage|p2a: Zeraora|24\/100 tox|[from] psn\n|upkeep\n|turn|24\n|\n|t:|1645216362\n|switch|p2a: Tornadus|Tornadus-Therian, M|95\/100\n|move|p1a: Raikou|Scald|p2a: Tornadus\n|-damage|p2a: Tornadus|78\/100\n|-status|p2a: Tornadus|brn\n|\n|-damage|p2a: Tornadus|72\/100 brn|[from] brn\n|upkeep\n|turn|25\n|\n|t:|1645216370\n|move|p2a: Tornadus|U-turn|p1a: Raikou\n|-damage|p1a: Raikou|11\/100\n|\n|t:|1645216372\n|switch|p2a: Zeraora|Zeraora|24\/100 tox|[from]move: U-turn\n|move|p1a: Raikou|Scald|p2a: Zeraora\n|-damage|p2a: Zeraora|0 fnt\n|faint|p2a: Zeraora\n|\n|upkeep\n|\n|t:|1645216375\n|switch|p2a: Tornadus|Tornadus-Therian, M|100\/100 brn\n|turn|26\n|\n|t:|1645216384\n|move|p2a: Tornadus|Knock Off|p1a: Raikou\n|-damage|p1a: Raikou|0 fnt\n|-enditem|p1a: Raikou|Heavy-Duty Boots|[from] move: Knock Off|[of] p2a: Tornadus\n|faint|p1a: Raikou\n|\n|-damage|p2a: Tornadus|94\/100 brn|[from] brn\n|upkeep\n|\n|t:|1645216393\n|switch|p1a: Corviknight|Corviknight, F|53\/100 slp\n|turn|27\n|\n|t:|1645216395\n|move|p2a: Tornadus|Heat Wave|p1a: Corviknight\n|-supereffective|p1a: Corviknight\n|-damage|p1a: Corviknight|3\/100 slp\n|cant|p1a: Corviknight|slp\n|\n|-damage|p2a: Tornadus|88\/100 brn|[from] brn\n|upkeep\n|turn|28\n|\n|t:|1645216399\n|move|p2a: Tornadus|Knock Off|p1a: Corviknight\n|-damage|p1a: Corviknight|0 fnt\n|faint|p1a: Corviknight\n|\n|-damage|p2a: Tornadus|82\/100 brn|[from] brn\n|upkeep\n|\n|t:|1645216403\n|switch|p1a: Urshifu|Urshifu, M|100\/100\n|turn|29\n|l|\u2606BrrBrrStonksInc\n|player|p1|\n|\n|t:|1645216433\n|move|p2a: Tornadus|Hurricane|p1a: Urshifu\n|-supereffective|p1a: Urshifu\n|-damage|p1a: Urshifu|0 fnt\n|faint|p1a: Urshifu\n|\n|-damage|p2a: Tornadus|76\/100 brn|[from] brn\n|upkeep\n|j|\u2606BrrBrrStonksInc\n|player|p1|BrrBrrStonksInc|brrbrrstonksinc.png\n|\n|t:|1645216451\n|switch|p1a: Nidoking|Nidoking, M|13\/100\n|turn|30\n|c|\u2606BrrBrrStonksInc|gg\n|\n|t:|1645216456\n|move|p2a: Tornadus|Heat Wave|p1a: Nidoking\n|-crit|p1a: Nidoking\n|-damage|p1a: Nidoking|0 fnt\n|faint|p1a: Nidoking\n|\n|win|pizzalover420\n|c|\u2606pizzalover420|gg\n|l|\u2606BrrBrrStonksInc\n","uploadtime":1645216460,"views":20,"p1id":"brrbrrstonksinc","p2id":"pizzalover420","formatid":"gen8nationaldexdraft","rating":0,"private":0,"password":null}