{"id":"sports-gen8oldnationaldraft-317635","p1":"rofokidd","p2":"Specs KD","format":"gen8oldnationaldraft","log":"|j|\u2606rofokidd\n|j|\u2606Specs KD\n|t:|1610500833\n|player|p1|rofokidd|shadowtriad|\n|player|p2|Specs KD|170|\n|teamsize|p1|6\n|teamsize|p2|6\n|gametype|singles\n|gen|8\n|tier|[Gen 8] Old National Draft\n|rule|Sleep Clause Mod: Limit one foe put to sleep\n|rule|OHKO Clause: OHKO moves are banned\n|rule|Evasion Moves Clause: Evasion moves are banned\n|rule|Endless Battle Clause: Forcing endless battles is banned\n|rule|HP Percentage Mod: HP is shown in percentages\n|clearpoke\n|poke|p1|Ninetales, F|\n|poke|p1|Houndoom, F|\n|poke|p1|Venusaur, F|\n|poke|p1|Volcarona, M|\n|poke|p1|Jirachi|\n|poke|p1|Rotom-Wash|\n|poke|p2|Medicham, F|\n|poke|p2|Clefable, M|\n|poke|p2|Gengar, M|\n|poke|p2|Deoxys-Defense|\n|poke|p2|Blissey, F|\n|poke|p2|Talonflame, F|\n|rule|Dynamax Clause: You cannot dynamax\n|teampreview\n|html|<button name=\"send\" class=\"button\" value=\"\/timer ds\"><i class=\"fa fa-hourglass-start\"><\/i> DS Timer<\/button> <button name=\"send\" class=\"button\" value=\"\/timer smogon\"><i class=\"fa fa-hourglass-start\"><\/i> Smogon Timer<\/button>\n|c|\u2606rofokidd|gl hf\n|j| CyperKnight\n|c|\u2606Specs KD|you too kid\n|j| tealnation\n|j| SB Lux\n|l| SB Lux\n|j| Patcantwin\n|\n|t:|1610500918\n|start\n|switch|p1a: Ninetales|Ninetales, F|100\/100\n|switch|p2a: Mark XLIV|Deoxys-Defense|100\/100\n|-weather|SunnyDay|[from] ability: Drought|[of] p1a: Ninetales\n|-ability|p2a: Mark XLIV|Pressure\n|turn|1\n|c| tealnation|PLAY FREEBIRD!\n|\n|t:|1610500963\n|move|p1a: Ninetales|Nasty Plot|p1a: Ninetales\n|-boost|p1a: Ninetales|spa|2\n|move|p2a: Mark XLIV|Stealth Rock|p1a: Ninetales\n|-sidestart|p1: rofokidd|move: Stealth Rock\n|\n|-weather|SunnyDay|[upkeep]\n|upkeep\n|turn|2\n|\n|t:|1610500983\n|move|p1a: Ninetales|Fire Blast|p2a: Mark XLIV\n|-damage|p2a: Mark XLIV|10\/100\n|-status|p2a: Mark XLIV|brn\n|move|p2a: Mark XLIV|Toxic|p1a: Ninetales\n|-status|p1a: Ninetales|tox\n|\n|-weather|SunnyDay|[upkeep]\n|-heal|p2a: Mark XLIV|16\/100 brn|[from] item: Leftovers\n|-damage|p1a: Ninetales|95\/100 tox|[from] psn\n|-damage|p2a: Mark XLIV|10\/100 brn|[from] brn\n|upkeep\n|turn|3\n|c| tealnation|ggs\n|\n|t:|1610501028\n|switch|p2a: E G G|Blissey, F|100\/100\n|move|p1a: Ninetales|Solar Beam||[still]\n|-prepare|p1a: Ninetales|Solar Beam\n|-anim|p1a: Ninetales|Solar Beam|p2a: E G G\n|-damage|p2a: E G G|77\/100\n|\n|-weather|SunnyDay|[upkeep]\n|-heal|p2a: E G G|83\/100|[from] item: Leftovers\n|-damage|p1a: Ninetales|83\/100 tox|[from] psn\n|upkeep\n|turn|4\n|\n|t:|1610501035\n|switch|p1a: Jirachi|Jirachi|100\/100\n|-damage|p1a: Jirachi|94\/100|[from] Stealth Rock\n|move|p2a: E G G|Teleport|p2a: E G G\n|\n|t:|1610501050\n|switch|p2a: Charizard?|Talonflame, F|100\/100|[from]move: Teleport\n|\n|-weather|SunnyDay|[upkeep]\n|-heal|p1a: Jirachi|100\/100|[from] item: Leftovers\n|upkeep\n|turn|5\n|\n|t:|1610501058\n|switch|p1a: Rotom|Rotom-Wash|100\/100\n|-damage|p1a: Rotom|88\/100|[from] Stealth Rock\n|move|p2a: Charizard?|Flare Blitz|p1a: Rotom\n|-resisted|p1a: Rotom\n|-damage|p1a: Rotom|38\/100\n|-damage|p2a: Charizard?|88\/100|[from] Recoil\n|\n|-weather|SunnyDay|[upkeep]\n|upkeep\n|turn|6\n|c| CyperKnight|Hey its a charizard\n|c|\u2606Specs KD|got it for a steal of a price in the draft too\n|\n|t:|1610501087\n|switch|p2a: Mark XLIV|Deoxys-Defense|10\/100 brn\n|-ability|p2a: Mark XLIV|Pressure\n|move|p1a: Rotom|Volt Switch|p2a: Mark XLIV\n|-damage|p2a: Mark XLIV|0 fnt\n|faint|p2a: Mark XLIV\n|\n|t:|1610501096\n|switch|p1a: Venusaur|Venusaur, F|100\/100|[from]move: Volt Switch\n|-damage|p1a: Venusaur|88\/100|[from] Stealth Rock\n|\n|-weather|SunnyDay|[upkeep]\n|-heal|p1a: Venusaur|94\/100|[from] item: Black Sludge\n|upkeep\n|\n|t:|1610501109\n|switch|p2a: Aang|Medicham, F|100\/100\n|turn|7\n|\n|t:|1610501115\n|detailschange|p2a: Aang|Medicham-Mega, F\n|-mega|p2a: Aang|Medicham|Medichamite\n|move|p2a: Aang|Fake Out|p1a: Venusaur\n|-damage|p1a: Venusaur|66\/100\n|cant|p1a: Venusaur|flinch\n|\n|-weather|SunnyDay|[upkeep]\n|-heal|p1a: Venusaur|72\/100|[from] item: Black Sludge\n|upkeep\n|turn|8\n|\n|t:|1610501124\n|switch|p2a: E G G|Blissey, F|83\/100\n|move|p1a: Venusaur|Sleep Powder|p2a: E G G\n|-status|p2a: E G G|slp|[from] move: Sleep Powder\n|\n|-weather|none\n|-heal|p1a: Venusaur|78\/100|[from] item: Black Sludge\n|-heal|p2a: E G G|89\/100 slp|[from] item: Leftovers\n|upkeep\n|turn|9\n|c| CyperKnight|Hey its my fav mega\n|c|\u2606Specs KD|<3\n|\n|t:|1610501139\n|switch|p1a: Jirachi|Jirachi|100\/100\n|-damage|p1a: Jirachi|94\/100|[from] Stealth Rock\n|switch|p2a: Charizard?|Talonflame, F|88\/100\n|\n|-heal|p1a: Jirachi|100\/100|[from] item: Leftovers\n|upkeep\n|turn|10\n|c| Patcantwin|i hate it so much i had to draft it this year\n|\n|t:|1610501163\n|switch|p1a: Houndoom|Houndoom, F|100\/100\n|-damage|p1a: Houndoom|76\/100|[from] Stealth Rock\n|move|p2a: Charizard?|Roost|p2a: Charizard?\n|-heal|p2a: Charizard?|100\/100\n|-singleturn|p2a: Charizard?|move: Roost\n|\n|upkeep\n|turn|11\n|c| tealnation|mlao\n|c|\u2606Specs KD|hes talking about Cham\n|\n|t:|1610501205\n|switch|p1a: Rotom|Rotom-Wash|38\/100\n|-damage|p1a: Rotom|25\/100|[from] Stealth Rock\n|move|p2a: Charizard?|Brave Bird|p1a: Rotom\n|-resisted|p1a: Rotom\n|-damage|p1a: Rotom|0 fnt\n|-damage|p2a: Charizard?|94\/100|[from] Recoil\n|faint|p1a: Rotom\n|\n|upkeep\n|c| CyperKnight|Cham is so good tho\n|c| Patcantwin|lol didnt even notice, you can see the nightmares it gave me\n|c|\u2606Specs KD|its ridiculous\n|\n|t:|1610501224\n|switch|p1a: Ninetales|Ninetales, F|83\/100 tox\n|-damage|p1a: Ninetales|58\/100 tox|[from] Stealth Rock\n|-weather|SunnyDay|[from] ability: Drought|[of] p1a: Ninetales\n|turn|12\n|\n|t:|1610501237\n|move|p2a: Charizard?|Brave Bird|p1a: Ninetales\n|-damage|p1a: Ninetales|0 fnt\n|-damage|p2a: Charizard?|77\/100|[from] Recoil\n|faint|p1a: Ninetales\n|\n|-weather|SunnyDay|[upkeep]\n|upkeep\n|\n|t:|1610501243\n|switch|p1a: Venusaur|Venusaur, F|78\/100\n|-damage|p1a: Venusaur|66\/100|[from] Stealth Rock\n|turn|13\n|\n|t:|1610501247\n|switch|p2a: E G G|Blissey, F|89\/100\n|move|p1a: Venusaur|Sleep Powder|p2a: E G G\n|-status|p2a: E G G|slp|[from] move: Sleep Powder\n|\n|-weather|SunnyDay|[upkeep]\n|-heal|p1a: Venusaur|72\/100|[from] item: Black Sludge\n|-heal|p2a: E G G|96\/100 slp|[from] item: Leftovers\n|upkeep\n|turn|14\n|\n|t:|1610501259\n|move|p1a: Venusaur|Toxic||[still]\n|-fail|p1a: Venusaur\n|cant|p2a: E G G|slp\n|\n|-weather|SunnyDay|[upkeep]\n|-heal|p1a: Venusaur|78\/100|[from] item: Black Sludge\n|-heal|p2a: E G G|100\/100 slp|[from] item: Leftovers\n|upkeep\n|turn|15\n|\n|t:|1610501264\n|move|p1a: Venusaur|Leech Seed|p2a: E G G\n|-start|p2a: E G G|move: Leech Seed\n|cant|p2a: E G G|slp\n|\n|-weather|SunnyDay|[upkeep]\n|-heal|p1a: Venusaur|84\/100|[from] item: Black Sludge\n|-damage|p2a: E G G|88\/100 slp|[from] Leech Seed|[of] p1a: Venusaur\n|-heal|p1a: Venusaur|100\/100|[silent]\n|upkeep\n|turn|16\n|\n|t:|1610501280\n|move|p1a: Venusaur|Sludge Bomb|p2a: E G G\n|-damage|p2a: E G G|76\/100 slp\n|cant|p2a: E G G|slp\n|\n|-weather|SunnyDay|[upkeep]\n|-heal|p2a: E G G|82\/100 slp|[from] item: Leftovers\n|-damage|p2a: E G G|70\/100 slp|[from] Leech Seed|[of] p1a: Venusaur\n|upkeep\n|turn|17\n|\n|t:|1610501291\n|move|p1a: Venusaur|Sludge Bomb|p2a: E G G\n|-damage|p2a: E G G|59\/100 slp\n|-curestatus|p2a: E G G|slp|[msg]\n|move|p2a: E G G|Soft-Boiled|p2a: E G G\n|-heal|p2a: E G G|100\/100\n|\n|-weather|SunnyDay|[upkeep]\n|-damage|p2a: E G G|88\/100|[from] Leech Seed|[of] p1a: Venusaur\n|upkeep\n|turn|18\n|\n|t:|1610501301\n|switch|p1a: Jirachi|Jirachi|100\/100\n|-damage|p1a: Jirachi|94\/100|[from] Stealth Rock\n|move|p2a: E G G|Teleport|p2a: E G G\n|\n|t:|1610501306\n|switch|p2a: Charizard?|Talonflame, F|77\/100|[from]move: Teleport\n|\n|-weather|SunnyDay|[upkeep]\n|-heal|p1a: Jirachi|100\/100|[from] item: Leftovers\n|upkeep\n|turn|19\n|\n|t:|1610501312\n|move|p2a: Charizard?|Roost|p2a: Charizard?\n|-heal|p2a: Charizard?|100\/100\n|-singleturn|p2a: Charizard?|move: Roost\n|move|p1a: Jirachi|Toxic|p2a: Charizard?\n|-status|p2a: Charizard?|tox\n|\n|-weather|none\n|-damage|p2a: Charizard?|95\/100 tox|[from] psn\n|upkeep\n|turn|20\n|c| CyperKnight|That charizard is using brave bird i didnt know it got that\n|\n|t:|1610501326\n|switch|p1a: Houndoom|Houndoom, F|76\/100\n|-damage|p1a: Houndoom|51\/100|[from] Stealth Rock\n|move|p2a: Charizard?|Flare Blitz|p1a: Houndoom\n|-start|p1a: Houndoom|ability: Flash Fire\n|\n|-damage|p2a: Charizard?|83\/100 tox|[from] psn\n|upkeep\n|turn|21\n|c| tealnation|WORLD CLASS SWITCH\n|\n|t:|1610501341\n|switch|p2a: E G G|Blissey, F|88\/100\n|detailschange|p1a: Houndoom|Houndoom-Mega, F\n|-mega|p1a: Houndoom|Houndoom|Houndoominite\n|-end|p1a: Houndoom|ability: Flash Fire|[silent]\n|move|p1a: Houndoom|Dark Pulse|p2a: E G G\n|-damage|p2a: E G G|73\/100\n|\n|-heal|p2a: E G G|79\/100|[from] item: Leftovers\n|upkeep\n|turn|22\n|c|\u2606Specs KD|oh yeah i forgot it it got ff\n|c| tealnation|so did i\n|\n|t:|1610501366\n|move|p1a: Houndoom|Nasty Plot|p1a: Houndoom\n|-boost|p1a: Houndoom|spa|2\n|move|p2a: E G G|Teleport|p2a: E G G\n|\n|t:|1610501373\n|switch|p2a: Aang|Medicham-Mega, F|100\/100|[from]move: Teleport\n|\n|upkeep\n|turn|23\n|\n|t:|1610501384\n|move|p2a: Aang|Fake Out|p1a: Houndoom\n|-damage|p1a: Houndoom|21\/100\n|cant|p1a: Houndoom|flinch\n|\n|upkeep\n|turn|24\n|c| CyperKnight|That houndoom is making plays\n|\n|t:|1610501396\n|switch|p2a: Yue|Clefable, M|100\/100\n|move|p1a: Houndoom|Fire Blast|p2a: Yue\n|-damage|p2a: Yue|13\/100\n|\n|-heal|p2a: Yue|20\/100|[from] item: Leftovers\n|upkeep\n|turn|25\n|\n|t:|1610501406\n|move|p1a: Houndoom|Sludge Bomb|p2a: Yue\n|-supereffective|p2a: Yue\n|-damage|p2a: Yue|0 fnt\n|faint|p2a: Yue\n|\n|upkeep\n|\n|t:|1610501410\n|switch|p2a: Aang|Medicham-Mega, F|100\/100\n|turn|26\n|c| tealnation|you shouldn't have been able to get bliss and clef, should be a special rule\n|\n|t:|1610501417\n|switch|p1a: Volcarona|Volcarona, M|100\/100\n|move|p2a: Aang|Fake Out|p1a: Volcarona\n|-damage|p1a: Volcarona|62\/100\n|-status|p2a: Aang|brn|[from] ability: Flame Body|[of] p1a: Volcarona\n|\n|-damage|p2a: Aang|94\/100 brn|[from] brn\n|upkeep\n|turn|27\n|c|\u2606Specs KD|someone shoudve stopped me\n|c|\u2606Specs KD|or used melmetal\n|c| tealnation|WOW\n|c| CyperKnight|O\n|\n|t:|1610501433\n|switch|p2a: Charizard?|Talonflame, F|83\/100 tox\n|move|p1a: Volcarona|Quiver Dance|p1a: Volcarona\n|-boost|p1a: Volcarona|spa|1\n|-boost|p1a: Volcarona|spd|1\n|-boost|p1a: Volcarona|spe|1\n|\n|-damage|p2a: Charizard?|77\/100 tox|[from] psn\n|upkeep\n|turn|28\n|c|\u2606Specs KD|were gucci\n|\n|t:|1610501476\n|move|p1a: Volcarona|Flamethrower|p2a: Charizard?\n|-resisted|p2a: Charizard?\n|-damage|p2a: Charizard?|21\/100 tox\n|move|p2a: Charizard?|Brave Bird|p1a: Volcarona\n|-supereffective|p1a: Volcarona\n|-damage|p1a: Volcarona|0 fnt\n|-damage|p2a: Charizard?|1\/100 tox|[from] Recoil\n|faint|p1a: Volcarona\n|\n|-damage|p2a: Charizard?|0 fnt|[from] psn\n|faint|p2a: Charizard?\n|upkeep\n|c| CyperKnight|That better be roost volcarona with psychic or bug buzz\n|c|\u2606Specs KD|hahaha you love it\n|\n|t:|1610501500\n|switch|p2a: E G G|Blissey, F|79\/100\n|switch|p1a: Venusaur|Venusaur, F|100\/100\n|-damage|p1a: Venusaur|88\/100|[from] Stealth Rock\n|turn|29\n|c|\u2606Specs KD|kid was dm-ing me volc sweeps earlier\n|\n|t:|1610501506\n|move|p1a: Venusaur|Toxic|p2a: E G G\n|-status|p2a: E G G|tox\n|move|p2a: E G G|Aromatherapy|p2a: E G G\n|-activate|p2a: E G G|move: Aromatherapy\n|-curestatus|p2a: E G G|tox|[msg]\n|-curestatus|p2: Aang|brn|[msg]\n|\n|-heal|p1a: Venusaur|94\/100|[from] item: Black Sludge\n|-heal|p2a: E G G|85\/100|[from] item: Leftovers\n|upkeep\n|turn|30\n|\n|t:|1610501518\n|move|p1a: Venusaur|Leech Seed|p2a: E G G\n|-start|p2a: E G G|move: Leech Seed\n|move|p2a: E G G|Teleport|p2a: E G G\n|c|\u2606Specs KD|i used to not have aroma on this team, then i realized if i got flame bodied by volc id lose\n|\n|t:|1610501533\n|switch|p2a: Aang|Medicham-Mega, F|94\/100|[from]move: Teleport\n|\n|-heal|p1a: Venusaur|99\/100|[from] item: Black Sludge\n|upkeep\n|turn|31\n|\n|t:|1610501540\n|switch|p1a: Houndoom|Houndoom-Mega, F|21\/100\n|-damage|p1a: Houndoom|0 fnt|[from] Stealth Rock\n|faint|p1a: Houndoom\n|move|p2a: Aang|Zen Headbutt|p1: Houndoom|[notarget]\n|-fail|p2a: Aang\n|\n|upkeep\n|\n|t:|1610501548\n|switch|p1a: Jirachi|Jirachi|100\/100\n|-damage|p1a: Jirachi|94\/100|[from] Stealth Rock\n|turn|32\n|\n|t:|1610501555\n|switch|p2a: Garfield|Gengar, M|100\/100\n|move|p1a: Jirachi|Toxic|p2a: Garfield\n|-immune|p2a: Garfield\n|\n|-heal|p1a: Jirachi|100\/100|[from] item: Leftovers\n|upkeep\n|turn|33\n|\n|t:|1610501563\n|move|p2a: Garfield|Shadow Ball|p1a: Jirachi\n|-supereffective|p1a: Jirachi\n|-damage|p1a: Jirachi|0 fnt\n|faint|p1a: Jirachi\n|\n|upkeep\n|\n|t:|1610501566\n|switch|p1a: Venusaur|Venusaur, F|99\/100\n|-damage|p1a: Venusaur|88\/100|[from] Stealth Rock\n|turn|34\n|c| tealnation|tough\n|\n|t:|1610501571\n|move|p2a: Garfield|Shadow Ball|p1a: Venusaur\n|-damage|p1a: Venusaur|32\/100\n|-unboost|p1a: Venusaur|spd|1\n|move|p1a: Venusaur|Toxic|p2a: Garfield\n|-immune|p2a: Garfield\n|\n|-heal|p1a: Venusaur|38\/100|[from] item: Black Sludge\n|upkeep\n|turn|35\n|c|\u2606Specs KD|gg\n|c| tealnation|wp ro\n|\n|t:|1610501577\n|move|p2a: Garfield|Shadow Ball|p1a: Venusaur\n|-damage|p1a: Venusaur|0 fnt\n|faint|p1a: Venusaur\n|\n|win|Specs KD\n|c| Patcantwin|gg\n|c|\u2606rofokidd|gg\n","uploadtime":1610501585,"views":10,"p1id":"rofokidd","p2id":"specskd","formatid":"gen8oldnationaldraft","rating":0,"private":0,"password":null}