{"id":"sports-gen8nationaldexdlclegacy-369688","p1":"TehranTyphlosions","p2":"Regitube1","format":"gen8nationaldexdlclegacy","log":"|j|\u2606TehranTyphlosions\n|j|\u2606Regitube1\n|t:|1616199425\n|player|p1|TehranTyphlosions|clair|\n|player|p2|Regitube1|mallow|\n|teamsize|p1|6\n|teamsize|p2|6\n|gametype|singles\n|gen|8\n|tier|[Gen 8] National Dex DLC Legacy\n|rule|Sleep Clause Mod: Limit one foe put to sleep\n|rule|OHKO Clause: OHKO moves are banned\n|rule|Evasion Moves Clause: Evasion moves are banned\n|rule|Endless Battle Clause: Forcing endless battles is banned\n|rule|HP Percentage Mod: HP is shown in percentages\n|clearpoke\n|poke|p1|Darmanitan-Galar, M|\n|poke|p1|Zygarde|\n|poke|p1|Spiritomb, F|\n|poke|p1|Victini|\n|poke|p1|Milotic, F|\n|poke|p1|Whimsicott, F|\n|poke|p2|Mismagius, F|\n|poke|p2|Zapdos|\n|poke|p2|Kartana|\n|poke|p2|Centiskorch, M|\n|poke|p2|Lopunny, M|\n|poke|p2|Swampert, M|\n|rule|Dynamax Clause: You cannot dynamax\n|teampreview\n|html|<button name=\"send\" class=\"button\" value=\"\/timer ds\"><i class=\"fa fa-hourglass-start\"><\/i> DS Timer<\/button> <button name=\"send\" class=\"button\" value=\"\/timer smogon\"><i class=\"fa fa-hourglass-start\"><\/i> Smogon Timer<\/button>\n|c|\u2606Regitube1|hf\n|c|\u2606TehranTyphlosions|you too\n|j| PorygonTheBot\n|c| PorygonTheBot|This game looks fun!\n|j| EGADrifblims\n|j| DevilShinra\n|j| GFK Piranha\n|j| pinorska\n|j| EGADarmanitans\n|\n|t:|1616199488\n|start\n|switch|p1a: Victini|Victini|100\/100\n|switch|p2a: Lopunny|Lopunny, M|100\/100\n|turn|1\n|c| EGADarmanitans|sean has Darmanitan so Sean Support\n|\n|t:|1616199496\n|switch|p1a: Milotic|Milotic, F, shiny|100\/100\n|detailschange|p2a: Lopunny|Lopunny-Mega, M\n|-mega|p2a: Lopunny|Lopunny|Lopunnite\n|move|p2a: Lopunny|Fake Out|p1a: Milotic\n|-damage|p1a: Milotic|84\/100\n|\n|-status|p1a: Milotic|brn|[from] item: Flame Orb\n|upkeep\n|turn|2\n|\n|t:|1616199502\n|move|p2a: Lopunny|U-turn|p1a: Milotic\n|-crit|p1a: Milotic\n|-damage|p1a: Milotic|63\/100 brn\n|j| Mineworker Lennart\n|\n|t:|1616199511\n|switch|p2a: Zapdos|Zapdos|100\/100|[from]move: U-turn\n|-ability|p2a: Zapdos|Pressure\n|move|p1a: Milotic|Scald|p2a: Zapdos\n|-damage|p2a: Zapdos|75\/100\n|\n|-damage|p1a: Milotic|57\/100 brn|[from] brn\n|upkeep\n|turn|3\n|\n|t:|1616199515\n|switch|p1a: Zygarde|Zygarde|100\/100\n|-ability|p1a: Zygarde|Aura Break\n|move|p2a: Zapdos|Volt Switch|p1a: Zygarde\n|-immune|p1a: Zygarde\n|\n|upkeep\n|turn|4\n|\n|t:|1616199527\n|move|p1a: Zygarde|Thousand Arrows|p2a: Zapdos\n|-damage|p2a: Zapdos|5\/100\n|-start|p2a: Zapdos|Smack Down\n|move|p2a: Zapdos|Hurricane|p1a: Zygarde|[miss]\n|-miss|p2a: Zapdos|p1a: Zygarde\n|\n|upkeep\n|turn|5\n|c|\u2606TehranTyphlosions|sry\n|\n|t:|1616199545\n|switch|p2a: Swampert|Swampert, M|100\/100\n|move|p1a: Zygarde|Thousand Arrows|p2a: Swampert\n|-damage|p2a: Swampert|39\/100\n|-enditem|p2a: Swampert|Sitrus Berry|[eat]\n|-heal|p2a: Swampert|64\/100|[from] item: Sitrus Berry\n|\n|upkeep\n|turn|6\n|\n|t:|1616199552\n|switch|p1a: Milotic|Milotic, F, shiny|57\/100 brn\n|move|p2a: Swampert|Flip Turn|p1a: Milotic\n|-resisted|p1a: Milotic\n|-damage|p1a: Milotic|52\/100 brn\n|c| EGADarmanitans|zygarde 50 proving once again that it's not a pok\u00e9mon. Zapdos can't even see it\n|c| Mineworker Lennart|why did that do 5\n|c| Mineworker Lennart|I expected 2\n|c| EGADarmanitans|not thicc enough\n|j| tylerb16\n|c| Mineworker Lennart|haven't seen his thighs then\n|c| Mineworker Lennart|for legal reasons that's a joke\n|\n|t:|1616199662\n|switch|p2a: Kartana|Kartana|100\/100|[from]move: Flip Turn\n|\n|-damage|p1a: Milotic|46\/100 brn|[from] brn\n|upkeep\n|turn|7\n|c| EGADarmanitans|his thighs so thicc he make earthquakes and tsunamis, that's why he's water\/ground\n|\n|t:|1616199676\n|switch|p1a: Victini|Victini|100\/100\n|move|p2a: Kartana|Leaf Blade|p1a: Victini\n|-resisted|p1a: Victini\n|-damage|p1a: Victini|69\/100\n|\n|upkeep\n|turn|8\n|\n|t:|1616199744\n|switch|p2a: Centiskorch|Centiskorch, M|100\/100\n|move|p1a: Victini|U-turn|p2a: Centiskorch\n|-resisted|p2a: Centiskorch\n|-damage|p2a: Centiskorch|91\/100\n|\n|t:|1616199770\n|switch|p1a: Zygarde|Zygarde|100\/100|[from]move: U-turn\n|-ability|p1a: Zygarde|Aura Break\n|\n|upkeep\n|turn|9\n|j| EGA Role Model\n|\n|t:|1616199816\n|switch|p2a: Swampert|Swampert, M|64\/100\n|move|p1a: Zygarde|Thousand Arrows|p2a: Swampert\n|-damage|p2a: Swampert|0 fnt\n|faint|p2a: Swampert\n|\n|upkeep\n|c| Mineworker Lennart|o\n|\n|t:|1616199836\n|switch|p2a: Lopunny|Lopunny-Mega, M|100\/100\n|turn|10\n|\n|t:|1616199856\n|switch|p1a: Darmanitan|Darmanitan-Galar, M|100\/100\n|move|p2a: Lopunny|Fake Out|p1a: Darmanitan\n|-crit|p1a: Darmanitan\n|-damage|p1a: Darmanitan|49\/100\n|\n|upkeep\n|turn|11\n|c| Mineworker Lennart|FIFTYONE\n|\n|t:|1616199877\n|switch|p2a: Zapdos|Zapdos|5\/100\n|-ability|p2a: Zapdos|Pressure\n|move|p1a: Darmanitan|Rock Slide|p2a: Zapdos\n|-supereffective|p2a: Zapdos\n|-damage|p2a: Zapdos|0 fnt\n|faint|p2a: Zapdos\n|\n|upkeep\n|c| GFK Piranha|well we know nard can read\n|\n|t:|1616199884\n|switch|p2a: Lopunny|Lopunny-Mega, M|100\/100\n|turn|12\n|\n|t:|1616199889\n|switch|p1a: Whimsicott|Whimsicott, F|100\/100\n|move|p2a: Lopunny|High Jump Kick|p1a: Whimsicott\n|-resisted|p1a: Whimsicott\n|-damage|p1a: Whimsicott|67\/100\n|\n|-heal|p1a: Whimsicott|74\/100|[from] item: Leftovers\n|upkeep\n|turn|13\n|c| Mineworker Lennart|assume\n|c| GFK Piranha|predict\n|c| Mineworker Lennart|I could be making bold guesses\n|\n|t:|1616199901\n|switch|p2a: Centiskorch|Centiskorch, M|91\/100\n|move|p1a: Whimsicott|Encore||[still]\n|-fail|p1a: Whimsicott\n|\n|-heal|p1a: Whimsicott|80\/100|[from] item: Leftovers\n|upkeep\n|turn|14\n|c| GFK Piranha|this is true\n|c| GFK Piranha|i did not take that into account\n|\n|t:|1616199920\n|switch|p2a: Lopunny|Lopunny-Mega, M|100\/100\n|move|p1a: Whimsicott|U-turn|p2a: Lopunny\n|-resisted|p2a: Lopunny\n|-damage|p2a: Lopunny|95\/100\n|\n|t:|1616199931\n|switch|p1a: Victini|Victini|69\/100|[from]move: U-turn\n|\n|upkeep\n|turn|15\n|\n|t:|1616199938\n|move|p2a: Lopunny|Fake Out|p1a: Victini\n|-damage|p1a: Victini|45\/100\n|cant|p1a: Victini|flinch\n|\n|upkeep\n|turn|16\n|\n|t:|1616199977\n|switch|p2a: Centiskorch|Centiskorch, M|91\/100\n|move|p1a: Victini|U-turn|p2a: Centiskorch\n|-resisted|p2a: Centiskorch\n|-damage|p2a: Centiskorch|81\/100\n|\n|t:|1616199981\n|switch|p1a: Darmanitan|Darmanitan-Galar, M|49\/100|[from]move: U-turn\n|\n|upkeep\n|turn|17\n|\n|t:|1616199990\n|move|p1a: Darmanitan|Icicle Crash|p2a: Centiskorch\n|-resisted|p2a: Centiskorch\n|-damage|p2a: Centiskorch|35\/100\n|move|p2a: Centiskorch|Fire Lash|p1a: Darmanitan\n|-supereffective|p1a: Darmanitan\n|-damage|p1a: Darmanitan|0 fnt\n|faint|p1a: Darmanitan\n|\n|upkeep\n|\n|t:|1616199993\n|switch|p1a: Zygarde|Zygarde|100\/100\n|-ability|p1a: Zygarde|Aura Break\n|turn|18\n|\n|t:|1616199999\n|move|p1a: Zygarde|Thousand Arrows|p2a: Centiskorch\n|-damage|p2a: Centiskorch|0 fnt\n|faint|p2a: Centiskorch\n|\n|upkeep\n|c| Mineworker Lennart|this snek b dangerous\n|\n|t:|1616200018\n|switch|p2a: Lopunny|Lopunny-Mega, M|95\/100\n|turn|19\n|\n|t:|1616200027\n|switch|p1a: Whimsicott|Whimsicott, F|80\/100\n|move|p2a: Lopunny|Fake Out|p1a: Whimsicott\n|-damage|p1a: Whimsicott|59\/100\n|\n|-heal|p1a: Whimsicott|65\/100|[from] item: Leftovers\n|upkeep\n|turn|20\n|\n|t:|1616200032\n|switch|p2a: Mismagius|Mismagius, F|100\/100\n|move|p1a: Whimsicott|U-turn|p2a: Mismagius\n|-resisted|p2a: Mismagius\n|-damage|p2a: Mismagius|90\/100\n|\n|t:|1616200033\n|switch|p1a: Spiritomb|Spiritomb, F|100\/100|[from]move: U-turn\n|\n|-heal|p2a: Mismagius|96\/100|[from] item: Leftovers\n|upkeep\n|turn|21\n|\n|t:|1616200045\n|move|p2a: Mismagius|Substitute|p2a: Mismagius\n|-start|p2a: Mismagius|Substitute\n|-damage|p2a: Mismagius|71\/100\n|move|p1a: Spiritomb|Pursuit|p2a: Mismagius\n|-supereffective|p2a: Mismagius\n|-damage|p2a: Mismagius|6\/100\n|\n|-heal|p2a: Mismagius|12\/100|[from] item: Leftovers\n|upkeep\n|turn|22\n|\n|t:|1616200048\n|move|p2a: Mismagius|Shadow Ball|p1a: Spiritomb\n|-damage|p1a: Spiritomb|75\/100\n|move|p1a: Spiritomb|Pursuit|p2a: Mismagius\n|-supereffective|p2a: Mismagius\n|-damage|p2a: Mismagius|0 fnt\n|faint|p2a: Mismagius\n|\n|upkeep\n|\n|t:|1616200051\n|switch|p2a: Lopunny|Lopunny-Mega, M|95\/100\n|turn|23\n|c| Mineworker Lennart|o\n|\n|t:|1616200058\n|move|p2a: Lopunny|High Jump Kick|p1a: Spiritomb\n|-supereffective|p1a: Spiritomb\n|-crit|p1a: Spiritomb\n|-damage|p1a: Spiritomb|0 fnt\n|faint|p1a: Spiritomb\n|\n|upkeep\n|\n|t:|1616200061\n|switch|p1a: Whimsicott|Whimsicott, F|65\/100\n|turn|24\n|\n|t:|1616200071\n|move|p1a: Whimsicott|Encore|p2a: Lopunny\n|-start|p2a: Lopunny|Encore\n|move|p2a: Lopunny|High Jump Kick|p1a: Whimsicott\n|-resisted|p1a: Whimsicott\n|-damage|p1a: Whimsicott|30\/100\n|\n|-heal|p1a: Whimsicott|36\/100|[from] item: Leftovers\n|upkeep\n|turn|25\n|\n|t:|1616200074\n|move|p2a: Lopunny|High Jump Kick|p1a: Whimsicott\n|-resisted|p1a: Whimsicott\n|-damage|p1a: Whimsicott|0 fnt\n|faint|p1a: Whimsicott\n|\n|upkeep\n|\n|t:|1616200077\n|switch|p1a: Zygarde|Zygarde|100\/100\n|-ability|p1a: Zygarde|Aura Break\n|turn|26\n|c| Mineworker Lennart|o\n|\n|t:|1616200085\n|move|p2a: Lopunny|High Jump Kick|p1a: Zygarde\n|-damage|p1a: Zygarde|35\/100\n|move|p1a: Zygarde|Thousand Arrows|p2a: Lopunny\n|-damage|p2a: Lopunny|19\/100\n|\n|-end|p2a: Lopunny|Encore\n|upkeep\n|turn|27\n|\n|t:|1616200105\n|switch|p1a: Milotic|Milotic, F, shiny|46\/100 brn\n|move|p2a: Lopunny|Fake Out||[still]\n|-hint|Fake Out only works on your first turn out.\n|-fail|p2a: Lopunny\n|\n|-damage|p1a: Milotic|40\/100 brn|[from] brn\n|upkeep\n|turn|28\n|\n|t:|1616200112\n|move|p2a: Lopunny|High Jump Kick|p1a: Milotic\n|-damage|p1a: Milotic|0 fnt\n|faint|p1a: Milotic\n|\n|upkeep\n|c| Mineworker Lennart|wut\n|c| GFK Piranha|^\n|c| EGADarmanitans|b\n|c| EGADarmanitans|bruh\n|c| EGADrifblims|immaculate fake out\n|\n|t:|1616200126\n|switch|p1a: Victini|Victini|45\/100\n|turn|29\n|\n|t:|1616200130\n|move|p1a: Victini|V-create|p2a: Lopunny\n|-damage|p2a: Lopunny|0 fnt\n|-unboost|p1a: Victini|spe|1\n|-unboost|p1a: Victini|def|1\n|-unboost|p1a: Victini|spd|1\n|faint|p2a: Lopunny\n|\n|upkeep\n|c| Mineworker Lennart|dominance asserted\n|\n|t:|1616200133\n|switch|p2a: Kartana|Kartana|100\/100\n|turn|30\n|c| EGADarmanitans|he faked himself out\n|\n|t:|1616200144\n|switch|p1a: Zygarde|Zygarde|35\/100\n|-ability|p1a: Zygarde|Aura Break\n|move|p2a: Kartana|Leaf Blade|p1a: Zygarde\n|-damage|p1a: Zygarde|0 fnt\n|faint|p1a: Zygarde\n|-ability|p2a: Kartana|Beast Boost|boost\n|-boost|p2a: Kartana|atk|1\n|\n|upkeep\n|\n|t:|1616200146\n|switch|p1a: Victini|Victini|45\/100\n|turn|31\n|\n|t:|1616200148\n|move|p2a: Kartana|Leaf Blade|p1a: Victini\n|-resisted|p1a: Victini\n|-damage|p1a: Victini|0 fnt\n|faint|p1a: Victini\n|\n|win|Regitube1\n|l| PorygonTheBot\n|c|\u2606TehranTyphlosions|gg\n|c|\u2606Regitube1|oh\n|c|\u2606Regitube1|gg\n","uploadtime":1616200149,"views":56,"p1id":"tehrantyphlosions","p2id":"regitube1","formatid":"gen8nationaldexdlclegacy","rating":0,"private":0,"password":null}