{"id":"sports-gen8nationaldexlegacy-477767","p1":"TehranTyphlosions","p2":"EGATyler","format":"gen8nationaldexlegacy","log":"|j|\u2606TehranTyphlosions\n|j|\u2606EGATyler\n|t:|1628827671\n|gametype|singles\n|player|p1|TehranTyphlosions|clair|\n|player|p2|EGATyler|egatyler.png|\n|teamsize|p1|6\n|teamsize|p2|6\n|gen|8\n|tier|[Gen 8] National Dex Legacy\n|rule|Sleep Clause Mod: Limit one foe put to sleep\n|rule|OHKO Clause: OHKO moves are banned\n|rule|Evasion Moves Clause: Evasion moves are banned\n|rule|Endless Battle Clause: Forcing endless battles is banned\n|rule|HP Percentage Mod: HP is shown in percentages\n|rule|Dynamax Clause: You cannot dynamax\n|clearpoke\n|poke|p1|Latios, M|\n|poke|p1|Gliscor, F|\n|poke|p1|Pangoro, F|\n|poke|p1|Zeraora|\n|poke|p1|Toxapex, M|\n|poke|p1|Ferrothorn, F|\n|poke|p2|Crawdaunt, M|\n|poke|p2|Aerodactyl, F|\n|poke|p2|Landorus, M|\n|poke|p2|Weezing-Galar, M|\n|poke|p2|Bronzor|\n|poke|p2|Breloom, F|\n|teampreview\n|html|<button name=\"send\" class=\"button\" value=\"\/timer ds\"><i class=\"fa fa-hourglass-start\"><\/i> DS Timer<\/button> <button name=\"send\" class=\"button\" value=\"\/timer smogon\"><i class=\"fa fa-hourglass-start\"><\/i> Smogon Timer<\/button>\n|c|\u2606TehranTyphlosions|gl gl\n|j| PorygonTheBot\n|c| PorygonTheBot|You got this!\n|j| EGADrifblims\n|c|\u2606EGATyler|gl hf\n|\n|t:|1628827718\n|start\n|switch|p1a: Pangoro|Pangoro, F|100\/100\n|switch|p2a: Bing Bing|Breloom, F|100\/100\n|turn|1\n|j| SGS_Nim\n|\n|t:|1628827730\n|switch|p1a: Toxapex|Toxapex, M, shiny|100\/100\n|move|p2a: Bing Bing|Spore|p1a: Toxapex\n|-status|p1a: Toxapex|slp|[from] move: Spore\n|\n|-status|p2a: Bing Bing|tox|[from] item: Toxic Orb\n|upkeep\n|turn|2\n|\n|t:|1628827738\n|switch|p1a: Gliscor|Gliscor, F, shiny|100\/100\n|move|p2a: Bing Bing|Leech Seed|p1a: Gliscor\n|-start|p1a: Gliscor|move: Leech Seed\n|\n|-damage|p1a: Gliscor|88\/100|[from] Leech Seed|[of] p2a: Bing Bing\n|-status|p1a: Gliscor|tox|[from] item: Toxic Orb\n|upkeep\n|turn|3\n|j| vinithewini\n|\n|t:|1628827749\n|move|p1a: Gliscor|U-turn|p2a: Bing Bing\n|-damage|p2a: Bing Bing|86\/100 tox\n|\n|t:|1628827777\n|switch|p1a: Latios|Latios, M, shiny|100\/100|[from]move: U-turn\n|move|p2a: Bing Bing|Substitute|p2a: Bing Bing\n|-start|p2a: Bing Bing|Substitute\n|-damage|p2a: Bing Bing|61\/100 tox\n|\n|-heal|p2a: Bing Bing|74\/100 tox|[from] ability: Poison Heal\n|upkeep\n|turn|4\n|\n|t:|1628827781\n|move|p1a: Latios|Psychic|p2a: Bing Bing\n|-supereffective|p2a: Bing Bing\n|-end|p2a: Bing Bing|Substitute\n|-damage|p1a: Latios|91\/100|[from] item: Life Orb\n|move|p2a: Bing Bing|Leech Seed|p1a: Latios\n|-start|p1a: Latios|move: Leech Seed\n|\n|-damage|p1a: Latios|78\/100|[from] Leech Seed|[of] p2a: Bing Bing\n|-heal|p2a: Bing Bing|85\/100 tox|[silent]\n|-heal|p2a: Bing Bing|97\/100 tox|[from] ability: Poison Heal\n|upkeep\n|turn|5\n|\n|t:|1628827788\n|switch|p1a: Pangoro|Pangoro, F|100\/100\n|switch|p2a: I am the Truth|Bronzor|100\/100\n|\n|upkeep\n|turn|6\n|\n|t:|1628827795\n|switch|p2a: Breathe it in|Weezing-Galar, M|100\/100\n|move|p1a: Pangoro|Knock Off|p2a: Breathe it in\n|-resisted|p2a: Breathe it in\n|-damage|p2a: Breathe it in|73\/100\n|-enditem|p2a: Breathe it in|Black Sludge|[from] move: Knock Off|[of] p1a: Pangoro\n|\n|upkeep\n|turn|7\n|\n|t:|1628827809\n|switch|p1a: Toxapex|Toxapex, M, shiny|100\/100 slp\n|switch|p2a: Bing Bing|Breloom, F|97\/100 tox\n|\n|-heal|p2a: Bing Bing|100\/100 tox|[from] ability: Poison Heal\n|upkeep\n|turn|8\n|\n|t:|1628827820\n|switch|p1a: Gliscor|Gliscor, F, shiny|88\/100 tox\n|move|p2a: Bing Bing|Leech Seed|p1a: Gliscor\n|-start|p1a: Gliscor|move: Leech Seed\n|\n|-damage|p1a: Gliscor|76\/100 tox|[from] Leech Seed|[of] p2a: Bing Bing\n|-heal|p1a: Gliscor|88\/100 tox|[from] ability: Poison Heal\n|upkeep\n|turn|9\n|\n|t:|1628827833\n|move|p1a: Gliscor|Ice Fang|p2a: Bing Bing\n|-supereffective|p2a: Bing Bing\n|-damage|p2a: Bing Bing|76\/100 tox\n|move|p2a: Bing Bing|Substitute|p2a: Bing Bing\n|-start|p2a: Bing Bing|Substitute\n|-damage|p2a: Bing Bing|51\/100 tox\n|\n|-damage|p1a: Gliscor|76\/100 tox|[from] Leech Seed|[of] p2a: Bing Bing\n|-heal|p2a: Bing Bing|65\/100 tox|[silent]\n|-heal|p1a: Gliscor|88\/100 tox|[from] ability: Poison Heal\n|-heal|p2a: Bing Bing|77\/100 tox|[from] ability: Poison Heal\n|upkeep\n|turn|10\n|\n|t:|1628827849\n|-singleturn|p2a: Bing Bing|move: Focus Punch\n|move|p1a: Gliscor|Ice Fang|p2a: Bing Bing\n|-supereffective|p2a: Bing Bing\n|-end|p2a: Bing Bing|Substitute\n|move|p2a: Bing Bing|Focus Punch|p1a: Gliscor\n|-resisted|p1a: Gliscor\n|-damage|p1a: Gliscor|60\/100 tox\n|\n|-damage|p1a: Gliscor|48\/100 tox|[from] Leech Seed|[of] p2a: Bing Bing\n|-heal|p2a: Bing Bing|91\/100 tox|[silent]\n|-heal|p1a: Gliscor|60\/100 tox|[from] ability: Poison Heal\n|-heal|p2a: Bing Bing|100\/100 tox|[from] ability: Poison Heal\n|upkeep\n|turn|11\n|\n|t:|1628827867\n|move|p1a: Gliscor|Roost|p1a: Gliscor\n|-heal|p1a: Gliscor|100\/100 tox\n|-singleturn|p1a: Gliscor|move: Roost\n|move|p2a: Bing Bing|Substitute|p2a: Bing Bing\n|-start|p2a: Bing Bing|Substitute\n|-damage|p2a: Bing Bing|76\/100 tox\n|\n|-damage|p1a: Gliscor|88\/100 tox|[from] Leech Seed|[of] p2a: Bing Bing\n|-heal|p2a: Bing Bing|89\/100 tox|[silent]\n|-heal|p1a: Gliscor|100\/100 tox|[from] ability: Poison Heal\n|-heal|p2a: Bing Bing|100\/100 tox|[from] ability: Poison Heal\n|upkeep\n|turn|12\n|j| Diviniya\n|\n|t:|1628827879\n|move|p1a: Gliscor|U-turn|p2a: Bing Bing\n|-activate|p2a: Bing Bing|move: Substitute|[damage]\n|\n|t:|1628827880\n|switch|p1a: Toxapex|Toxapex, M, shiny|100\/100 slp|[from]move: U-turn\n|move|p2a: Bing Bing|Leech Seed|p1a: Toxapex\n|-start|p1a: Toxapex|move: Leech Seed\n|\n|-damage|p1a: Toxapex|88\/100 slp|[from] Leech Seed|[of] p2a: Bing Bing\n|upkeep\n|turn|13\n|\n|t:|1628827889\n|-singleturn|p2a: Bing Bing|move: Focus Punch\n|switch|p1a: Gliscor|Gliscor, F, shiny|100\/100 tox\n|move|p2a: Bing Bing|Focus Punch|p1a: Gliscor\n|-resisted|p1a: Gliscor\n|-damage|p1a: Gliscor|76\/100 tox\n|\n|-heal|p1a: Gliscor|88\/100 tox|[from] ability: Poison Heal\n|upkeep\n|turn|14\n|l| Diviniya\n|\n|t:|1628827896\n|move|p1a: Gliscor|Ice Fang|p2a: Bing Bing\n|-supereffective|p2a: Bing Bing\n|-end|p2a: Bing Bing|Substitute\n|move|p2a: Bing Bing|Leech Seed|p1a: Gliscor\n|-start|p1a: Gliscor|move: Leech Seed\n|\n|-damage|p1a: Gliscor|76\/100 tox|[from] Leech Seed|[of] p2a: Bing Bing\n|-heal|p1a: Gliscor|88\/100 tox|[from] ability: Poison Heal\n|upkeep\n|turn|15\n|\n|t:|1628827901\n|switch|p2a: Breathe it in|Weezing-Galar, M|73\/100\n|move|p1a: Gliscor|U-turn|p2a: Breathe it in\n|-resisted|p2a: Breathe it in\n|-damage|p2a: Breathe it in|71\/100\n|\n|t:|1628827906\n|switch|p1a: Latios|Latios, M, shiny|78\/100|[from]move: U-turn\n|\n|upkeep\n|turn|16\n|\n|t:|1628827913\n|switch|p2a: I am the Truth|Bronzor|100\/100\n|move|p1a: Latios|Psychic|p2a: I am the Truth\n|-resisted|p2a: I am the Truth\n|-damage|p2a: I am the Truth|91\/100\n|-damage|p1a: Latios|68\/100|[from] item: Life Orb\n|\n|upkeep\n|turn|17\n|\n|t:|1628827921\n|switch|p1a: Ferrothorn|Ferrothorn, F|100\/100\n|switch|p2a: Breathe it in|Weezing-Galar, M|71\/100\n|\n|upkeep\n|turn|18\n|\n|t:|1628827930\n|switch|p1a: Toxapex|Toxapex, M, shiny|100\/100 slp\n|move|p2a: Breathe it in|Flamethrower|p1a: Toxapex\n|-resisted|p1a: Toxapex\n|-damage|p1a: Toxapex|93\/100 slp\n|\n|upkeep\n|turn|19\n|\n|t:|1628827937\n|switch|p2a: Wicked Schemes|Crawdaunt, M|100\/100\n|cant|p1a: Toxapex|slp\n|\n|upkeep\n|turn|20\n|\n|t:|1628827948\n|switch|p1a: Ferrothorn|Ferrothorn, F|100\/100\n|move|p2a: Wicked Schemes|Knock Off|p1a: Ferrothorn\n|-damage|p1a: Ferrothorn|49\/100\n|-damage|p2a: Wicked Schemes|88\/100|[from] ability: Iron Barbs|[of] p1a: Ferrothorn\n|-enditem|p1a: Ferrothorn|Occa Berry|[from] move: Knock Off|[of] p2a: Wicked Schemes\n|-damage|p2a: Wicked Schemes|79\/100|[from] item: Life Orb\n|\n|upkeep\n|turn|21\n|\n|t:|1628827952\n|move|p2a: Wicked Schemes|Close Combat|p1a: Ferrothorn\n|-supereffective|p1a: Ferrothorn\n|-damage|p1a: Ferrothorn|0 fnt\n|-unboost|p2a: Wicked Schemes|def|1\n|-unboost|p2a: Wicked Schemes|spd|1\n|-damage|p2a: Wicked Schemes|66\/100|[from] ability: Iron Barbs|[of] p1a: Ferrothorn\n|faint|p1a: Ferrothorn\n|-damage|p2a: Wicked Schemes|57\/100|[from] item: Life Orb\n|\n|upkeep\n|c|\u2606TehranTyphlosions|ooo didnt know it got that\n|\n|t:|1628827965\n|switch|p1a: Zeraora|Zeraora, shiny|100\/100\n|turn|22\n|\n|t:|1628827991\n|switch|p2a: Bing Bing|Breloom, F|100\/100 tox\n|move|p1a: Zeraora|Plasma Fists|p2a: Bing Bing\n|-resisted|p2a: Bing Bing\n|-damage|p2a: Bing Bing|79\/100 tox\n|\n|-heal|p2a: Bing Bing|91\/100 tox|[from] ability: Poison Heal\n|upkeep\n|turn|23\n|\n|t:|1628827996\n|move|p1a: Zeraora|Substitute|p1a: Zeraora\n|-start|p1a: Zeraora|Substitute\n|-damage|p1a: Zeraora|76\/100\n|move|p2a: Bing Bing|Leech Seed||[still]\n|-fail|p2a: Bing Bing\n|\n|-heal|p1a: Zeraora|82\/100|[from] item: Leftovers\n|-heal|p2a: Bing Bing|100\/100 tox|[from] ability: Poison Heal\n|upkeep\n|turn|24\n|\n|t:|1628828001\n|move|p1a: Zeraora|Bulk Up|p1a: Zeraora\n|-boost|p1a: Zeraora|atk|1\n|-boost|p1a: Zeraora|def|1\n|move|p2a: Bing Bing|Substitute|p2a: Bing Bing\n|-start|p2a: Bing Bing|Substitute\n|-damage|p2a: Bing Bing|76\/100 tox\n|\n|-heal|p1a: Zeraora|88\/100|[from] item: Leftovers\n|-heal|p2a: Bing Bing|88\/100 tox|[from] ability: Poison Heal\n|upkeep\n|turn|25\n|\n|t:|1628828009\n|-singleturn|p2a: Bing Bing|move: Focus Punch\n|move|p1a: Zeraora|Blaze Kick|p2a: Bing Bing\n|-supereffective|p2a: Bing Bing\n|-end|p2a: Bing Bing|Substitute\n|move|p2a: Bing Bing|Focus Punch|p1a: Zeraora\n|-end|p1a: Zeraora|Substitute\n|\n|-heal|p1a: Zeraora|94\/100|[from] item: Leftovers\n|-heal|p2a: Bing Bing|100\/100 tox|[from] ability: Poison Heal\n|upkeep\n|turn|26\n|\n|t:|1628828023\n|switch|p2a: Slide to the Left|Landorus, M|100\/100\n|move|p1a: Zeraora|Substitute|p1a: Zeraora\n|-start|p1a: Zeraora|Substitute\n|-damage|p1a: Zeraora|69\/100\n|\n|-heal|p1a: Zeraora|75\/100|[from] item: Leftovers\n|upkeep\n|turn|27\n|\n|t:|1628828032\n|move|p1a: Zeraora|Blaze Kick|p2a: Slide to the Left\n|-damage|p2a: Slide to the Left|50\/100\n|move|p2a: Slide to the Left|Earth Power|p1a: Zeraora\n|-supereffective|p1a: Zeraora\n|-end|p1a: Zeraora|Substitute\n|\n|-heal|p1a: Zeraora|81\/100|[from] item: Leftovers\n|upkeep\n|turn|28\n|\n|t:|1628828099\n|switch|p1a: Gliscor|Gliscor, F, shiny|88\/100 tox\n|switch|p2a: Wicked Schemes|Crawdaunt, M|57\/100\n|\n|-heal|p1a: Gliscor|100\/100 tox|[from] ability: Poison Heal\n|upkeep\n|turn|29\n|\n|t:|1628828119\n|switch|p1a: Toxapex|Toxapex, M, shiny|100\/100 slp\n|move|p2a: Wicked Schemes|Crabhammer|p1a: Toxapex\n|-resisted|p1a: Toxapex\n|-damage|p1a: Toxapex|72\/100 slp\n|-damage|p2a: Wicked Schemes|40\/100|[from] item: Rocky Helmet|[of] p1a: Toxapex\n|-damage|p2a: Wicked Schemes|30\/100|[from] item: Life Orb\n|\n|upkeep\n|turn|30\n|\n|t:|1628828169\n|move|p2a: Wicked Schemes|Knock Off|p1a: Toxapex\n|-damage|p1a: Toxapex|15\/100 slp\n|-damage|p2a: Wicked Schemes|14\/100|[from] item: Rocky Helmet|[of] p1a: Toxapex\n|-enditem|p1a: Toxapex|Rocky Helmet|[from] move: Knock Off|[of] p2a: Wicked Schemes\n|-damage|p2a: Wicked Schemes|4\/100|[from] item: Life Orb\n|-curestatus|p1a: Toxapex|slp|[msg]\n|move|p1a: Toxapex|Scald|p2a: Wicked Schemes\n|-resisted|p2a: Wicked Schemes\n|-damage|p2a: Wicked Schemes|0 fnt\n|faint|p2a: Wicked Schemes\n|\n|upkeep\n|\n|t:|1628828211\n|switch|p2a: Abandoned Places|Aerodactyl, F|100\/100\n|turn|31\n|\n|t:|1628828246\n|switch|p1a: Gliscor|Gliscor, F, shiny|100\/100 tox\n|detailschange|p2a: Abandoned Places|Aerodactyl-Mega, F\n|-mega|p2a: Abandoned Places|Aerodactyl|Aerodactylite\n|move|p2a: Abandoned Places|Dragon Dance|p2a: Abandoned Places\n|-boost|p2a: Abandoned Places|atk|1\n|-boost|p2a: Abandoned Places|spe|1\n|\n|upkeep\n|turn|32\n|\n|t:|1628828253\n|switch|p1a: Toxapex|Toxapex, M, shiny|48\/100\n|move|p2a: Abandoned Places|Dual Wingbeat|p1a: Toxapex\n|-damage|p1a: Toxapex|22\/100\n|-damage|p1a: Toxapex|0 fnt\n|faint|p1a: Toxapex\n|-hitcount|p1: Toxapex|2\n|\n|upkeep\n|c|\u2606TehranTyphlosions|rip\n|\n|t:|1628828301\n|switch|p1a: Pangoro|Pangoro, F|100\/100\n|turn|33\n|\n|t:|1628828304\n|move|p1a: Pangoro|Bullet Punch|p2a: Abandoned Places\n|-supereffective|p2a: Abandoned Places\n|-damage|p2a: Abandoned Places|34\/100\n|move|p2a: Abandoned Places|Dual Wingbeat|p1a: Pangoro\n|-supereffective|p1a: Pangoro\n|-damage|p1a: Pangoro|0 fnt\n|faint|p1a: Pangoro\n|-hitcount|p1: Pangoro|1\n|\n|upkeep\n|\n|t:|1628828318\n|switch|p1a: Gliscor|Gliscor, F, shiny|100\/100 tox\n|turn|34\n|\n|t:|1628828322\n|move|p2a: Abandoned Places|Roost|p2a: Abandoned Places\n|-heal|p2a: Abandoned Places|84\/100\n|-singleturn|p2a: Abandoned Places|move: Roost\n|move|p1a: Gliscor|Ice Fang|p2a: Abandoned Places\n|-damage|p2a: Abandoned Places|66\/100\n|\n|upkeep\n|turn|35\n|\n|t:|1628828325\n|move|p2a: Abandoned Places|Dual Wingbeat|p1a: Gliscor\n|-damage|p1a: Gliscor|65\/100 tox\n|-damage|p1a: Gliscor|32\/100 tox\n|-hitcount|p1a: Gliscor|2\n|move|p1a: Gliscor|Ice Fang|p2a: Abandoned Places\n|-supereffective|p2a: Abandoned Places\n|-damage|p2a: Abandoned Places|31\/100\n|\n|-heal|p1a: Gliscor|45\/100 tox|[from] ability: Poison Heal\n|upkeep\n|turn|36\n|\n|t:|1628828330\n|move|p2a: Abandoned Places|Roost|p2a: Abandoned Places\n|-heal|p2a: Abandoned Places|81\/100\n|-singleturn|p2a: Abandoned Places|move: Roost\n|move|p1a: Gliscor|Earthquake|p2a: Abandoned Places\n|-supereffective|p2a: Abandoned Places\n|-damage|p2a: Abandoned Places|1\/100\n|\n|-heal|p1a: Gliscor|57\/100 tox|[from] ability: Poison Heal\n|upkeep\n|turn|37\n|\n|t:|1628828336\n|move|p2a: Abandoned Places|Dual Wingbeat|p1a: Gliscor\n|-damage|p1a: Gliscor|26\/100 tox\n|-damage|p1a: Gliscor|0 fnt\n|faint|p1a: Gliscor\n|-hitcount|p1: Gliscor|2\n|\n|upkeep\n|j| AleYou\n|c|\u2606TehranTyphlosions|i hope i didnt lose off a min roll\n|c|\u2606TehranTyphlosions|but you prob have bulk\n|c|\u2606EGATyler|idt u won even if that killed\n|c|\u2606TehranTyphlosions|yea ik\n|c|\u2606EGATyler|im 56 hp on aero tho\n|c|\u2606EGATyler|if thats ur question\n|c|\u2606TehranTyphlosions|32 Atk Gliscor Earthquake vs. 56 HP \/ 4 Def Aerodactyl-Mega: 242-288 (76.8 - 91.4%) -- guaranteed 2HKO\n|c|\u2606TehranTyphlosions|expert evs\n|\n|t:|1628828414\n|switch|p1a: Latios|Latios, M, shiny|68\/100\n|turn|38\n|\n|t:|1628828417\n|move|p2a: Abandoned Places|Dual Wingbeat|p1a: Latios\n|-damage|p1a: Latios|19\/100\n|-damage|p1a: Latios|0 fnt\n|faint|p1a: Latios\n|-hitcount|p1: Latios|2\n|\n|upkeep\n|\n|t:|1628828419\n|switch|p1a: Zeraora|Zeraora, shiny|81\/100\n|turn|39\n|\n|t:|1628828421\n|move|p2a: Abandoned Places|Earthquake|p1a: Zeraora\n|-supereffective|p1a: Zeraora\n|-damage|p1a: Zeraora|0 fnt\n|faint|p1a: Zeraora\n|\n|win|EGATyler\n|c|\u2606TehranTyphlosions|ggs\n|l| PorygonTheBot\n|c|\u2606EGATyler|gg\n","uploadtime":1628828422,"views":48,"p1id":"tehrantyphlosions","p2id":"egatyler","formatid":"gen8nationaldexlegacy","rating":0,"private":0,"password":null}