{"id":"sports-gen8predlcnationaldlcdraft-106583","p1":"Specs KING","p2":"GeniusX","format":"gen8predlcnationaldlcdraft","log":"|j|\u2606Specs KING\n|j|\u2606GeniusX\n|player|p1|Specs KING|265|\n|player|p2|GeniusX|geniusx.gif|\n|teamsize|p1|6\n|teamsize|p2|6\n|gametype|singles\n|gen|8\n|tier|[Gen 8] Pre-DLC National DLC Draft\n|rule|Sleep Clause Mod: Limit one foe put to sleep\n|rule|OHKO Clause: OHKO moves are banned\n|rule|Evasion Moves Clause: Evasion moves are banned\n|rule|Endless Battle Clause: Forcing endless battles is banned\n|rule|HP Percentage Mod: HP is shown in percentages\n|clearpoke\n|poke|p1|Garchomp, F|\n|poke|p1|Slowbro, F|\n|poke|p1|Moltres|\n|poke|p1|Klefki, F|\n|poke|p1|Scizor, M|\n|poke|p1|Drapion, F|\n|poke|p2|Zeraora|\n|poke|p2|Slowbro, F|\n|poke|p2|Nidoqueen, F|\n|poke|p2|Skarmory, F|\n|poke|p2|Hoopa-Unbound|\n|poke|p2|Victini|\n|rule|Dynamax Clause: You cannot dynamax\n|teampreview\n|html|<button name=\"send\" class=\"button\" value=\"\/timer ds\"><i class=\"fa fa-hourglass-start\"><\/i> DS Timer<\/button> <button name=\"send\" class=\"button\" value=\"\/timer smogon\"><i class=\"fa fa-hourglass-start\"><\/i> Smogon Timer<\/button>\n|c|\u2606GeniusX|hf\n|j| t_riches\n|c|\u2606Specs KING|hf\n|inactive|Battle timer is ON: inactive players will automatically lose when time's up. (requested by GeniusX)\n|j| sablolol\n|inactiveoff|Battle timer is now OFF.\n|inactive|Battle timer is ON: inactive players will automatically lose when time's up. (requested by GeniusX)\n|\n|start\n|switch|p1a: Garchomp|Garchomp, F|100\/100\n|switch|p2a: Victini|Victini|100\/100\n|turn|1\n|j| I Am Livid\n|j| The Paralyzer210\n|j| Kung foo shroo\n|inactive|Specs KING has 270 seconds left.\n|\n|switch|p1a: Slowbro|Slowbro, F|100\/100\n|move|p2a: Victini|Final Gambit|p1a: Slowbro\n|-damage|p1a: Slowbro|0 fnt\n|faint|p2a: Victini\n|faint|p1a: Slowbro\n|\n|upkeep\n|inactive|Specs KING has 270 seconds left.\n|\n|switch|p2a: Slowbro|Slowbro, F|100\/100\n|switch|p1a: Drapion|Drapion, F|100\/100\n|turn|2\n|\n|move|p1a: Drapion|Poison Fang|p2a: Slowbro\n|-crit|p2a: Slowbro\n|-damage|p2a: Slowbro|78\/100\n|move|p2a: Slowbro|Teleport|p2a: Slowbro\n|\n|switch|p2a: Nidoqueen|Nidoqueen, F|100\/100|[from]move: Teleport\n|\n|upkeep\n|turn|3\n|\n|switch|p1a: Moltres|Moltres|100\/100\n|move|p2a: Nidoqueen|Earth Power|p1a: Moltres\n|-immune|p1a: Moltres\n|\n|upkeep\n|turn|4\n|\n|switch|p2a: Slowbro|Slowbro, F|100\/100\n|move|p1a: Moltres|Fire Blast|p2a: Slowbro|[miss]\n|-miss|p1a: Moltres|p2a: Slowbro\n|\n|upkeep\n|turn|5\n|\n|switch|p1a: Drapion|Drapion, F|100\/100\n|move|p2a: Slowbro|Teleport|p2a: Slowbro\n|\n|switch|p2a: Nidoqueen|Nidoqueen, F|100\/100|[from]move: Teleport\n|\n|upkeep\n|turn|6\n|\n|move|p1a: Drapion|Toxic Spikes|p2a: Nidoqueen\n|-sidestart|p2: GeniusX|move: Toxic Spikes\n|move|p2a: Nidoqueen|Stealth Rock|p1a: Drapion\n|-sidestart|p1: Specs KING|move: Stealth Rock\n|\n|upkeep\n|turn|7\n|\n|switch|p1a: Moltres|Moltres|100\/100\n|switch|p2a: Skarmory|Skarmory, F|100\/100\n|\n|upkeep\n|turn|8\n|\n|switch|p2a: Nidoqueen|Nidoqueen, F|100\/100\n|-sideend|p2: GeniusX|move: Toxic Spikes|[of] p2a: Nidoqueen\n|move|p1a: Moltres|Fire Blast|p2a: Nidoqueen\n|-damage|p2a: Nidoqueen|51\/100\n|\n|upkeep\n|turn|9\n|\n|switch|p2a: Slowbro|Slowbro, F|100\/100\n|move|p1a: Moltres|Fire Blast|p2a: Slowbro\n|-resisted|p2a: Slowbro\n|-damage|p2a: Slowbro|76\/100\n|\n|upkeep\n|turn|10\n|j| Rinnegan frs\n|\n|move|p1a: Moltres|Air Slash|p2a: Slowbro\n|-damage|p2a: Slowbro|45\/100\n|cant|p2a: Slowbro|flinch\n|\n|upkeep\n|turn|11\n|\n|move|p1a: Moltres|Air Slash|p2a: Slowbro|[miss]\n|-miss|p1a: Moltres|p2a: Slowbro\n|move|p2a: Slowbro|Slack Off|p2a: Slowbro\n|-heal|p2a: Slowbro|95\/100\n|\n|upkeep\n|turn|12\n|\n|move|p1a: Moltres|Air Slash|p2a: Slowbro\n|-damage|p2a: Slowbro|64\/100\n|move|p2a: Slowbro|Teleport|p2a: Slowbro\n|\n|switch|p2a: Hoopa|Hoopa-Unbound|100\/100|[from]move: Teleport\n|\n|upkeep\n|turn|13\n|\n|switch|p2a: Skarmory|Skarmory, F|100\/100\n|switch|p1a: Drapion|Drapion, F|100\/100\n|-damage|p1a: Drapion|88\/100|[from] Stealth Rock\n|\n|upkeep\n|turn|14\n|\n|move|p1a: Drapion|Taunt|p2a: Skarmory\n|-start|p2a: Skarmory|move: Taunt\n|cant|p2a: Skarmory|move: Taunt|Spikes\n|\n|upkeep\n|turn|15\n|l| Rinnegan frs\n|inactive|GeniusX has 270 seconds left.\n|\n|switch|p2a: Slowbro|Slowbro, F|97\/100\n|move|p1a: Drapion|Knock Off|p2a: Slowbro\n|-supereffective|p2a: Slowbro\n|-damage|p2a: Slowbro|61\/100\n|\n|upkeep\n|turn|16\n|inactive|GeniusX has 270 seconds left.\n|\n|switch|p2a: Nidoqueen|Nidoqueen, F|51\/100\n|move|p1a: Drapion|Knock Off|p2a: Nidoqueen\n|-damage|p2a: Nidoqueen|18\/100\n|-enditem|p2a: Nidoqueen|Life Orb|[from] move: Knock Off|[of] p1a: Drapion\n|\n|upkeep\n|turn|17\n|inactive|GeniusX has 270 seconds left.\n|\n|move|p1a: Drapion|Knock Off|p2a: Nidoqueen\n|-damage|p2a: Nidoqueen|0 fnt\n|faint|p2a: Nidoqueen\n|\n|upkeep\n|\n|switch|p2a: Zeraora|Zeraora|100\/100\n|turn|18\n|\n|move|p2a: Zeraora|Bulk Up|p2a: Zeraora\n|-boost|p2a: Zeraora|atk|1\n|-boost|p2a: Zeraora|def|1\n|move|p1a: Drapion|Knock Off|p2a: Zeraora\n|-damage|p2a: Zeraora|68\/100\n|-enditem|p2a: Zeraora|Chesto Berry|[from] move: Knock Off|[of] p1a: Drapion\n|\n|upkeep\n|turn|19\n|\n|move|p2a: Zeraora|Play Rough|p1a: Drapion|[miss]\n|-miss|p2a: Zeraora|p1a: Drapion\n|move|p1a: Drapion|Taunt|p2a: Zeraora\n|-start|p2a: Zeraora|move: Taunt\n|\n|upkeep\n|turn|20\n|\n|move|p2a: Zeraora|Plasma Fists|p1a: Drapion\n|-damage|p1a: Drapion|20\/100\n|-fieldactivate|move: Ion Deluge\n|-damage|p2a: Zeraora|51\/100|[from] item: Rocky Helmet|[of] p1a: Drapion\n|move|p1a: Drapion|Poison Fang|p2a: Zeraora\n|-damage|p2a: Zeraora|35\/100\n|\n|upkeep\n|turn|21\n|\n|move|p2a: Zeraora|Plasma Fists|p1a: Drapion\n|-damage|p1a: Drapion|0 fnt\n|-fieldactivate|move: Ion Deluge\n|-damage|p2a: Zeraora|19\/100|[from] item: Rocky Helmet|[of] p1a: Drapion\n|faint|p1a: Drapion\n|\n|upkeep\n|\n|switch|p1a: Garchomp|Garchomp, F|100\/100\n|-damage|p1a: Garchomp|94\/100|[from] Stealth Rock\n|turn|22\n|\n|move|p2a: Zeraora|Play Rough|p1a: Garchomp\n|-supereffective|p1a: Garchomp\n|-enditem|p1a: Garchomp|Roseli Berry|[eat]\n|-enditem|p1a: Garchomp|Roseli Berry|[weaken]\n|-damage|p1a: Garchomp|45\/100\n|-damage|p2a: Zeraora|7\/100|[from] ability: Rough Skin|[of] p1a: Garchomp\n|move|p1a: Garchomp|Toxic|p2a: Zeraora\n|-status|p2a: Zeraora|tox\n|\n|-damage|p2a: Zeraora|0 fnt|[from] psn\n|faint|p2a: Zeraora\n|upkeep\n|j| Jeremy D Goat\n|\n|switch|p2a: Slowbro|Slowbro, F|94\/100\n|turn|23\n|\n|move|p1a: Garchomp|Toxic|p2a: Slowbro\n|-status|p2a: Slowbro|tox\n|move|p2a: Slowbro|Ice Beam|p1a: Garchomp\n|-supereffective|p1a: Garchomp\n|-damage|p1a: Garchomp|0 fnt\n|faint|p1a: Garchomp\n|\n|-damage|p2a: Slowbro|88\/100 tox|[from] psn\n|upkeep\n|\n|switch|p1a: Klefki|Klefki, F|100\/100\n|-damage|p1a: Klefki|95\/100|[from] Stealth Rock\n|turn|24\n|\n|move|p1a: Klefki|Spikes|p2a: Slowbro\n|-sidestart|p2: GeniusX|Spikes\n|move|p2a: Slowbro|Scald|p1a: Klefki\n|-damage|p1a: Klefki|64\/100\n|\n|-heal|p1a: Klefki|70\/100|[from] item: Leftovers\n|-damage|p2a: Slowbro|76\/100 tox|[from] psn\n|upkeep\n|turn|25\n|\n|move|p1a: Klefki|Spikes|p2a: Slowbro\n|-sidestart|p2: GeniusX|Spikes\n|move|p2a: Slowbro|Scald|p1a: Klefki\n|-damage|p1a: Klefki|36\/100\n|\n|-heal|p1a: Klefki|42\/100|[from] item: Leftovers\n|-damage|p2a: Slowbro|57\/100 tox|[from] psn\n|upkeep\n|turn|26\n|inactive|GeniusX has 270 seconds left.\n|\n|move|p1a: Klefki|Spikes|p2a: Slowbro\n|-sidestart|p2: GeniusX|Spikes\n|move|p2a: Slowbro|Teleport|p2a: Slowbro\n|\n|switch|p2a: Hoopa|Hoopa-Unbound|100\/100|[from]move: Teleport\n|-damage|p2a: Hoopa|76\/100|[from] Spikes\n|\n|-heal|p1a: Klefki|48\/100|[from] item: Leftovers\n|upkeep\n|turn|27\n|\n|move|p2a: Hoopa|Nasty Plot|p2a: Hoopa\n|-boost|p2a: Hoopa|spa|2\n|move|p1a: Klefki|Play Rough|p2a: Hoopa\n|-supereffective|p2a: Hoopa\n|-damage|p2a: Hoopa|1\/100\n|\n|-heal|p1a: Klefki|54\/100|[from] item: Leftovers\n|upkeep\n|turn|28\n|\n|move|p2a: Hoopa|Focus Blast|p1a: Klefki\n|-damage|p1a: Klefki|0 fnt\n|faint|p1a: Klefki\n|\n|upkeep\n|\n|switch|p1a: Scizor|Scizor, M|100\/100\n|-damage|p1a: Scizor|88\/100|[from] Stealth Rock\n|turn|29\n|\n|switch|p2a: Skarmory|Skarmory, F|100\/100\n|move|p1a: Scizor|Bullet Punch|p2a: Skarmory\n|-resisted|p2a: Skarmory\n|-damage|p2a: Skarmory|90\/100\n|\n|-heal|p2a: Skarmory|96\/100|[from] item: Leftovers\n|upkeep\n|turn|30\n|\n|switch|p1a: Moltres|Moltres|100\/100\n|move|p2a: Skarmory|Spikes|p1a: Moltres\n|-sidestart|p1: Specs KING|Spikes\n|\n|-heal|p2a: Skarmory|100\/100|[from] item: Leftovers\n|upkeep\n|turn|31\n|\n|switch|p2a: Hoopa|Hoopa-Unbound|1\/100\n|-damage|p2a: Hoopa|0 fnt|[from] Spikes\n|faint|p2a: Hoopa\n|move|p1a: Moltres|Substitute|p1a: Moltres\n|-start|p1a: Moltres|Substitute\n|-damage|p1a: Moltres|76\/100\n|\n|upkeep\n|\n|switch|p2a: Slowbro|Slowbro, F|91\/100 tox\n|-damage|p2a: Slowbro|66\/100 tox|[from] Spikes\n|turn|32\n|\n|move|p1a: Moltres|Air Slash|p2a: Slowbro\n|-damage|p2a: Slowbro|33\/100 tox\n|move|p2a: Slowbro|Teleport|p2a: Slowbro\n|\n|switch|p2a: Skarmory|Skarmory, F|100\/100|[from]move: Teleport\n|\n|upkeep\n|turn|33\n|j|%mayoouran\n|\n|move|p1a: Moltres|Air Slash|p2a: Skarmory\n|-resisted|p2a: Skarmory\n|-damage|p2a: Skarmory|69\/100\n|move|p2a: Skarmory|Whirlwind|p1a: Moltres\n|drag|p1a: Scizor|Scizor, M|88\/100\n|-damage|p1a: Scizor|76\/100|[from] Stealth Rock\n|-damage|p1a: Scizor|64\/100|[from] Spikes\n|\n|-heal|p2a: Skarmory|75\/100|[from] item: Leftovers\n|upkeep\n|turn|34\n|inactive|GeniusX has 270 seconds left.\n|inactive|GeniusX has 240 seconds left.\n|\n|move|p2a: Skarmory|Roost|p2a: Skarmory\n|-heal|p2a: Skarmory|100\/100\n|-singleturn|p2a: Skarmory|move: Roost\n|move|p1a: Scizor|Knock Off|p2a: Skarmory\n|-damage|p2a: Skarmory|77\/100\n|-enditem|p2a: Skarmory|Leftovers|[from] move: Knock Off|[of] p1a: Scizor\n|\n|upkeep\n|turn|35\n|\n|move|p2a: Skarmory|Spikes|p1a: Scizor\n|-sidestart|p1: Specs KING|Spikes\n|move|p1a: Scizor|Knock Off|p2a: Skarmory\n|-damage|p2a: Skarmory|62\/100\n|\n|upkeep\n|turn|36\n|\n|move|p2a: Skarmory|Roost|p2a: Skarmory\n|-heal|p2a: Skarmory|100\/100\n|-singleturn|p2a: Skarmory|move: Roost\n|move|p1a: Scizor|Swords Dance|p1a: Scizor\n|-boost|p1a: Scizor|atk|2\n|\n|upkeep\n|turn|37\n|inactive|GeniusX has 210 seconds left.\n|\n|move|p1a: Scizor|Knock Off|p2a: Skarmory\n|-damage|p2a: Skarmory|71\/100\n|move|p2a: Skarmory|Whirlwind|p1a: Scizor\n|drag|p1a: Moltres|Moltres|76\/100\n|\n|upkeep\n|turn|38\n|\n|move|p1a: Moltres|Fire Blast|p2a: Skarmory\n|-supereffective|p2a: Skarmory\n|-damage|p2a: Skarmory|0 fnt\n|faint|p2a: Skarmory\n|\n|upkeep\n|\n|switch|p2a: Slowbro|Slowbro, F|66\/100 tox\n|-damage|p2a: Slowbro|41\/100 tox|[from] Spikes\n|turn|39\n|\n|detailschange|p2a: Slowbro|Slowbro-Mega, F\n|-mega|p2a: Slowbro|Slowbro|Slowbronite\n|move|p1a: Moltres|Air Slash|p2a: Slowbro\n|-damage|p2a: Slowbro|6\/100 tox\n|cant|p2a: Slowbro|flinch\n|\n|-damage|p2a: Slowbro|0 fnt|[from] psn\n|faint|p2a: Slowbro\n|\n|win|Specs KING\n|upkeep\n|c|\u2606Specs KING|gg\n","uploadtime":1593873360,"views":67,"p1id":"specsking","p2id":"geniusx","formatid":"gen8predlcnationaldlcdraft","rating":0,"private":0,"password":null}