{"id":"sports-gen8nationaldexlegacy-687592","p1":"Elon Musk Rusk","p2":"ChocolateLab","format":"gen8nationaldexlegacy","log":"|j|\u2606Elon Musk Rusk\n|j|\u2606ChocolateLab\n|t:|1657812838\n|gametype|singles\n|player|p1|Elon Musk Rusk|2|\n|player|p2|ChocolateLab|chocolatelab.png|\n|teamsize|p1|6\n|teamsize|p2|6\n|gen|8\n|tier|[Gen 8] National Dex Legacy\n|rule|Sleep Clause Mod: Limit one foe put to sleep\n|rule|OHKO Clause: OHKO moves are banned\n|rule|Evasion Moves Clause: Evasion moves are banned\n|rule|Endless Battle Clause: Forcing endless battles is banned\n|rule|HP Percentage Mod: HP is shown in percentages\n|rule|Dynamax Clause: You cannot dynamax\n|clearpoke\n|poke|p1|Steelix, M|\n|poke|p1|Necrozma|\n|poke|p1|Cofagrigus, F|\n|poke|p1|Sylveon, F|\n|poke|p1|Carkol, M|\n|poke|p1|Greninja, M|\n|poke|p2|Necrozma|\n|poke|p2|Grimmsnarl, M|\n|poke|p2|Heracross, M|\n|poke|p2|Tapu Koko|\n|poke|p2|Rotom-Wash|\n|poke|p2|Sigilyph, M|\n|teampreview\n|html|<button name=\"send\" class=\"button\" value=\"\/timer ds\"><i class=\"fa fa-hourglass-start\"><\/i> DS Timer<\/button> <button name=\"send\" class=\"button\" value=\"\/timer smogon\"><i class=\"fa fa-hourglass-start\"><\/i> Smogon Timer<\/button>\n|\n|t:|1657812859\n|start\n|switch|p1a: Steelix|Steelix, M|100\/100\n|switch|p2a: Necrozma|Necrozma|100\/100\n|turn|1\n|\n|t:|1657812870\n|detailschange|p1a: Steelix|Steelix-Mega, M\n|-mega|p1a: Steelix|Steelix|Steelixite\n|move|p2a: Necrozma|Stealth Rock|p1a: Steelix\n|-sidestart|p1: Elon Musk Rusk|move: Stealth Rock\n|move|p1a: Steelix|Toxic|p2a: Necrozma\n|-status|p2a: Necrozma|tox\n|\n|-damage|p2a: Necrozma|95\/100 tox|[from] psn\n|upkeep\n|turn|2\n|\n|t:|1657812883\n|move|p2a: Necrozma|Earth Power|p1a: Steelix\n|-supereffective|p1a: Steelix\n|-damage|p1a: Steelix|42\/100\n|move|p1a: Steelix|Stealth Rock|p2a: Necrozma\n|-sidestart|p2: ChocolateLab|move: Stealth Rock\n|\n|-heal|p2a: Necrozma|100\/100 tox|[from] item: Leftovers\n|-damage|p2a: Necrozma|89\/100 tox|[from] psn\n|upkeep\n|turn|3\n|\n|t:|1657812892\n|switch|p1a: Sylveon|Sylveon, F|100\/100\n|-damage|p1a: Sylveon|88\/100|[from] Stealth Rock\n|move|p2a: Necrozma|Earth Power|p1a: Sylveon\n|-damage|p1a: Sylveon|72\/100\n|\n|-heal|p2a: Necrozma|95\/100 tox|[from] item: Leftovers\n|-heal|p1a: Sylveon|78\/100|[from] item: Leftovers\n|-damage|p2a: Necrozma|77\/100 tox|[from] psn\n|upkeep\n|turn|4\n|\n|t:|1657812915\n|switch|p2a: Heracross|Heracross, M|100\/100\n|-damage|p2a: Heracross|88\/100|[from] Stealth Rock\n|move|p1a: Sylveon|Hyper Voice|p2a: Heracross\n|-supereffective|p2a: Heracross\n|-damage|p2a: Heracross|8\/100\n|\n|-heal|p1a: Sylveon|84\/100|[from] item: Leftovers\n|upkeep\n|turn|5\n|\n|t:|1657812926\n|switch|p1a: Cofagrigus|Cofagrigus, F|100\/100\n|-damage|p1a: Cofagrigus|88\/100|[from] Stealth Rock\n|detailschange|p2a: Heracross|Heracross-Mega, M\n|-mega|p2a: Heracross|Heracross|Heracronite\n|move|p2a: Heracross|Spikes|p1a: Cofagrigus\n|-sidestart|p1: Elon Musk Rusk|Spikes\n|\n|-heal|p1a: Cofagrigus|94\/100|[from] item: Leftovers\n|upkeep\n|turn|6\n|\n|t:|1657812936\n|move|p2a: Heracross|Spikes|p1a: Cofagrigus\n|-sidestart|p1: Elon Musk Rusk|Spikes\n|move|p1a: Cofagrigus|Toxic Spikes|p2a: Heracross\n|-sidestart|p2: ChocolateLab|move: Toxic Spikes\n|\n|-heal|p1a: Cofagrigus|100\/100|[from] item: Leftovers\n|upkeep\n|turn|7\n|\n|t:|1657812944\n|switch|p2a: Grimmsnarl|Grimmsnarl, M|100\/100\n|-status|p2a: Grimmsnarl|psn\n|-damage|p2a: Grimmsnarl|88\/100 psn|[from] Stealth Rock\n|move|p1a: Cofagrigus|Toxic Spikes|p2a: Grimmsnarl\n|-sidestart|p2: ChocolateLab|move: Toxic Spikes\n|\n|-heal|p2a: Grimmsnarl|94\/100 psn|[from] item: Leftovers\n|-damage|p2a: Grimmsnarl|82\/100 psn|[from] psn\n|upkeep\n|turn|8\n|\n|t:|1657812954\n|switch|p1a: Carkol|Carkol, M|100\/100\n|-damage|p1a: Carkol|84\/100|[from] Spikes\n|-damage|p1a: Carkol|59\/100|[from] Stealth Rock\n|move|p2a: Grimmsnarl|Bulk Up|p2a: Grimmsnarl\n|-boost|p2a: Grimmsnarl|atk|1\n|-boost|p2a: Grimmsnarl|def|1\n|\n|-heal|p2a: Grimmsnarl|88\/100 psn|[from] item: Leftovers\n|-damage|p2a: Grimmsnarl|75\/100 psn|[from] psn\n|upkeep\n|turn|9\n|\n|t:|1657812966\n|move|p2a: Grimmsnarl|Drain Punch|p1a: Carkol\n|-supereffective|p1a: Carkol\n|-damage|p1a: Carkol|15\/100\n|-heal|p2a: Grimmsnarl|99\/100 psn|[from] drain|[of] p1a: Carkol\n|move|p1a: Carkol|Rapid Spin|p2a: Grimmsnarl\n|-damage|p2a: Grimmsnarl|94\/100 psn\n|-boost|p1a: Carkol|spe|1\n|-sideend|p1: Elon Musk Rusk|Spikes|[from] move: Rapid Spin|[of] p1a: Carkol\n|-sideend|p1: Elon Musk Rusk|Stealth Rock|[from] move: Rapid Spin|[of] p1a: Carkol\n|\n|-heal|p2a: Grimmsnarl|99\/100 psn|[from] item: Leftovers\n|-damage|p2a: Grimmsnarl|87\/100 psn|[from] psn\n|upkeep\n|turn|10\n|\n|t:|1657812980\n|move|p2a: Grimmsnarl|Bulk Up|p2a: Grimmsnarl\n|-boost|p2a: Grimmsnarl|atk|1\n|-boost|p2a: Grimmsnarl|def|1\n|move|p1a: Carkol|Spikes|p2a: Grimmsnarl\n|-sidestart|p2: ChocolateLab|Spikes\n|\n|-heal|p2a: Grimmsnarl|93\/100 psn|[from] item: Leftovers\n|-damage|p2a: Grimmsnarl|81\/100 psn|[from] psn\n|upkeep\n|turn|11\n|\n|t:|1657812989\n|move|p2a: Grimmsnarl|Bulk Up|p2a: Grimmsnarl\n|-boost|p2a: Grimmsnarl|atk|1\n|-boost|p2a: Grimmsnarl|def|1\n|move|p1a: Carkol|Flamethrower|p2a: Grimmsnarl\n|-damage|p2a: Grimmsnarl|63\/100 psn\n|\n|-heal|p2a: Grimmsnarl|69\/100 psn|[from] item: Leftovers\n|-damage|p2a: Grimmsnarl|57\/100 psn|[from] psn\n|upkeep\n|turn|12\n|\n|t:|1657813000\n|move|p1a: Carkol|Spikes|p2a: Grimmsnarl\n|-sidestart|p2: ChocolateLab|Spikes\n|move|p2a: Grimmsnarl|Drain Punch|p1a: Carkol\n|-supereffective|p1a: Carkol\n|-damage|p1a: Carkol|0 fnt\n|-heal|p2a: Grimmsnarl|65\/100 psn|[from] drain|[of] p1a: Carkol\n|faint|p1a: Carkol\n|\n|-heal|p2a: Grimmsnarl|71\/100 psn|[from] item: Leftovers\n|-damage|p2a: Grimmsnarl|58\/100 psn|[from] psn\n|upkeep\n|\n|t:|1657813034\n|switch|p1a: Greninja|Greninja, M|100\/100\n|turn|13\n|\n|t:|1657813037\n|move|p1a: Greninja|Surf|p2a: Grimmsnarl\n|-damage|p2a: Grimmsnarl|0 fnt\n|faint|p2a: Grimmsnarl\n|-activate|p1a: Greninja|ability: Battle Bond\n|detailschange|p1a: Greninja|Greninja-Ash, M\n|\n|upkeep\n|\n|t:|1657813044\n|switch|p2a: Tapu Koko|Tapu Koko|100\/100\n|-damage|p2a: Tapu Koko|88\/100|[from] Stealth Rock\n|-status|p2a: Tapu Koko|tox\n|-damage|p2a: Tapu Koko|72\/100 tox|[from] Spikes\n|-fieldstart|move: Electric Terrain|[from] ability: Electric Surge|[of] p2a: Tapu Koko\n|turn|14\n|\n|t:|1657813052\n|switch|p1a: Steelix|Steelix-Mega, M|42\/100\n|move|p2a: Tapu Koko|U-turn|p1a: Steelix\n|-resisted|p1a: Steelix\n|-damage|p1a: Steelix|38\/100\n|\n|t:|1657813057\n|switch|p2a: Rotom|Rotom-Wash|100\/100|[from]move: U-turn\n|-damage|p2a: Rotom|88\/100|[from] Stealth Rock\n|\n|upkeep\n|turn|15\n|\n|t:|1657813064\n|switch|p1a: Sylveon|Sylveon, F|84\/100\n|move|p2a: Rotom|Trick|p1a: Sylveon\n|-activate|p2a: Rotom|move: Trick|[of] p1a: Sylveon\n|-item|p1a: Sylveon|Choice Scarf|[from] move: Trick\n|-item|p2a: Rotom|Leftovers|[from] move: Trick\n|\n|-heal|p2a: Rotom|94\/100|[from] item: Leftovers\n|upkeep\n|turn|16\n|\n|t:|1657813072\n|move|p2a: Rotom|Rising Voltage|p1a: Sylveon\n|-damage|p1a: Sylveon|51\/100\n|move|p1a: Sylveon|Hyper Voice|p2a: Rotom\n|-damage|p2a: Rotom|41\/100\n|\n|-heal|p2a: Rotom|47\/100|[from] item: Leftovers\n|upkeep\n|turn|17\n|\n|t:|1657813083\n|move|p2a: Rotom|Rising Voltage|p1a: Sylveon\n|-damage|p1a: Sylveon|15\/100\n|move|p1a: Sylveon|Hyper Voice|p2a: Rotom\n|-damage|p2a: Rotom|0 fnt\n|faint|p2a: Rotom\n|\n|upkeep\n|c|\u2606ChocolateLab|I can\u2019t believe you actually fucking brought Carkol\n|\n|t:|1657813117\n|switch|p2a: Necrozma|Necrozma|77\/100 tox\n|-damage|p2a: Necrozma|60\/100 tox|[from] Spikes\n|-damage|p2a: Necrozma|48\/100 tox|[from] Stealth Rock\n|turn|18\n|c|\u2606Elon Musk Rusk|LOL\n|\n|t:|1657813126\n|switch|p1a: Necrozma|Necrozma|100\/100\n|move|p2a: Necrozma|Photon Geyser|p1a: Necrozma\n|-resisted|p1a: Necrozma\n|-crit|p1a: Necrozma\n|-damage|p1a: Necrozma|55\/100\n|\n|-heal|p2a: Necrozma|54\/100 tox|[from] item: Leftovers\n|-damage|p2a: Necrozma|48\/100 tox|[from] psn\n|upkeep\n|turn|19\n|\n|t:|1657813138\n|move|p1a: Necrozma|Autotomize|p1a: Necrozma\n|-boost|p1a: Necrozma|spe|2\n|-start|p1a: Necrozma|Autotomize\n|move|p2a: Necrozma|Charge Beam|p1a: Necrozma|[miss]\n|-miss|p2a: Necrozma|p1a: Necrozma\n|\n|-heal|p2a: Necrozma|54\/100 tox|[from] item: Leftovers\n|-damage|p2a: Necrozma|42\/100 tox|[from] psn\n|upkeep\n|turn|20\n|c|\u2606Elon Musk Rusk|oof\n|\n|t:|1657813148\n|move|p1a: Necrozma|Meteor Beam||[still]\n|-prepare|p1a: Necrozma|Meteor Beam\n|-boost|p1a: Necrozma|spa|1\n|-enditem|p1a: Necrozma|Power Herb\n|-anim|p1a: Necrozma|Meteor Beam|p2a: Necrozma\n|-damage|p2a: Necrozma|0 fnt\n|faint|p2a: Necrozma\n|\n|upkeep\n|\n|t:|1657813156\n|switch|p2a: Sigilyph|Sigilyph, M|100\/100\n|turn|21\n|\n|t:|1657813159\n|move|p1a: Necrozma|Meteor Beam||[still]\n|-prepare|p1a: Necrozma|Meteor Beam\n|-boost|p1a: Necrozma|spa|1\n|move|p2a: Sigilyph|Psych Up|p1a: Necrozma\n|-copyboost|p2a: Sigilyph|p1a: Necrozma|[from] move: Psych Up\n|\n|-fieldend|move: Electric Terrain\n|upkeep\n|turn|22\n|\n|t:|1657813168\n|move|p1a: Necrozma|Meteor Beam|p2a: Sigilyph|[from]lockedmove\n|-supereffective|p2a: Sigilyph\n|-damage|p2a: Sigilyph|0 fnt\n|faint|p2a: Sigilyph\n|\n|upkeep\n|\n|t:|1657813182\n|switch|p2a: Heracross|Heracross-Mega, M|8\/100\n|-damage|p2a: Heracross|0 fnt|[from] Spikes\n|faint|p2a: Heracross\n|l|\u2606ChocolateLab\n|player|p2|\n|c|\u2606Elon Musk Rusk|uhh\n|j|\u2606ChocolateLab\n|player|p2|ChocolateLab|chocolatelab.png\n|inactive|Battle timer is ON: inactive players will automatically lose when time's up. (requested by Elon Musk Rusk)\n|inactiveoff|Battle timer is now OFF.\n|c|\u2606ChocolateLab|No timer.\n|c|\u2606Elon Musk Rusk|I thought you left\n|c|\u2606Elon Musk Rusk|thats why\n|c|\u2606ChocolateLab|I\u2019m on my phone in a parking lot\n|c|\u2606ChocolateLab|disconnects gappen\n|c|\u2606ChocolateLab|\u201c The timer is to be turned off so coaches can take as long as they need to think. \u201c\n|j| yrmarxistawakening\n|c|\u2606Elon Musk Rusk|I mean you don\u2019t need to think here kek\n|c| yrmarxistawakening|you gave it all of 3 seconds before turning it on without checking in on discord\n|c|\u2606ChocolateLab|I know you struggle with rules so I\u2019m just remindi you for the future more than anything\n|c|\u2606ChocolateLab|i know, But my internet timed out\n|\n|t:|1657813338\n|switch|p2a: Tapu Koko|Tapu Koko|72\/100 tox\n|-damage|p2a: Tapu Koko|55\/100 tox|[from] Spikes\n|-damage|p2a: Tapu Koko|43\/100 tox|[from] Stealth Rock\n|-fieldstart|move: Electric Terrain|[from] ability: Electric Surge|[of] p2a: Tapu Koko\n|turn|23\n|\n|t:|1657813347\n|move|p1a: Necrozma|Photon Geyser|p2a: Tapu Koko\n|-damage|p2a: Tapu Koko|0 fnt\n|faint|p2a: Tapu Koko\n|\n|win|Elon Musk Rusk\n|c|\u2606ChocolateLab|Gg\n","uploadtime":1657813370,"views":15,"p1id":"elonmuskrusk","p2id":"chocolatelab","formatid":"gen8nationaldexlegacy","rating":0,"private":0,"password":null}