{"id":"sports-gen8nationaldexdraft-670598","p1":"FSF Iceik","p2":"DjezzeMwoan","format":"gen8nationaldexdraft","log":"|j|\u2606FSF Iceik\n|j|\u2606DjezzeMwoan\n|t:|1655492352\n|gametype|singles\n|player|p1|FSF Iceik|fsficeik.png|\n|player|p2|DjezzeMwoan|gambler|\n|teamsize|p1|6\n|teamsize|p2|6\n|gen|8\n|tier|[Gen 8] National Dex Draft\n|rule|Sleep Clause Mod: Limit one foe put to sleep\n|rule|OHKO Clause: OHKO moves are banned\n|rule|Evasion Moves Clause: Evasion moves are banned\n|rule|Endless Battle Clause: Forcing endless battles is banned\n|rule|HP Percentage Mod: HP is shown in percentages\n|rule|Dynamax Clause: You cannot dynamax\n|clearpoke\n|poke|p1|Kartana|\n|poke|p1|Zamazenta-*|\n|poke|p1|Darkrai|\n|poke|p1|Latios, M|\n|poke|p1|Darmanitan-Galar, M|\n|poke|p1|Kyogre|\n|poke|p2|Magearna|\n|poke|p2|Greninja, M|\n|poke|p2|Mewtwo|\n|poke|p2|Galvantula, F|\n|poke|p2|Gligar, M|\n|poke|p2|Avalugg, M|\n|teampreview\n|html|<button name=\"send\" class=\"button\" value=\"\/timer ds\"><i class=\"fa fa-hourglass-start\"><\/i> DS Timer<\/button> <button name=\"send\" class=\"button\" value=\"\/timer smogon\"><i class=\"fa fa-hourglass-start\"><\/i> Smogon Timer<\/button>\n|c|\u2606FSF Iceik|glhf!\n|c|\u2606DjezzeMwoan|glhf\n|c|\u2606DjezzeMwoan|fuck\n|c|\u2606DjezzeMwoan|i have to go to the bathroom\n|c|\u2606DjezzeMwoan|1 sec\n|c|\u2606FSF Iceik|whats up\n|c|\u2606FSF Iceik|nwnw lmao\n|c|\u2606DjezzeMwoan|im back\n|\n|t:|1655492499\n|start\n|switch|p1a: Monke Moment|Darmanitan-Galar, M|100\/100\n|switch|p2a: Ty Lee|Greninja, M|100\/100\n|turn|1\n|c|\u2606FSF Iceik|how was the piss\n|c|\u2606DjezzeMwoan|it was good\n|c|\u2606FSF Iceik|love to hear it\n|\n|t:|1655492514\n|switch|p2a: Bumi|Avalugg, M|100\/100\n|switch|p1a: Be Crime Do Gay|Zamazenta-Crowned|100\/100\n|-ability|p1a: Be Crime Do Gay|Dauntless Shield|boost\n|-boost|p1a: Be Crime Do Gay|def|1\n|\n|upkeep\n|turn|2\n|c|\u2606DjezzeMwoan|very relieving\n|\n|t:|1655492554\n|switch|p1a: Slay Queen|Kyogre, shiny|100\/100\n|detailschange|p1a: Slay Queen|Kyogre-Primal, shiny\n|-primal|p1a: Slay Queen\n|-weather|PrimordialSea|[from] ability: Primordial Sea|[of] p1a: Slay Queen\n|switch|p2a: Roku|Mewtwo|100\/100\n|-ability|p2a: Roku|Pressure\n|\n|-weather|PrimordialSea|[upkeep]\n|upkeep\n|turn|3\n|c|\u2606DjezzeMwoan|average move clicker\n|c|\u2606FSF Iceik|its been like 20 secs kekw\n|c|\u2606DjezzeMwoan|average keep switching enjoyer\n|c|\u2606FSF Iceik|oh true\n|c|\u2606FSF Iceik|very true\n|c|\u2606DjezzeMwoan|o lol\n|c|\u2606DjezzeMwoan|i wasnt trying to hurry you up lol\n|c|\u2606FSF Iceik|pivot to lugg if your real\n|c|\u2606DjezzeMwoan|goat\n|c|\u2606FSF Iceik|ye got it now lol\n|\n|t:|1655492665\n|move|p2a: Roku|Psystrike|p1a: Slay Queen\n|-damage|p1a: Slay Queen|48\/100\n|move|p1a: Slay Queen|Origin Pulse|p2a: Roku\n|-damage|p2a: Roku|0 fnt\n|faint|p2a: Roku\n|\n|-weather|PrimordialSea|[upkeep]\n|upkeep\n|\n|t:|1655492672\n|switch|p2a: Suki|Galvantula, F, shiny|100\/100\n|turn|4\n|c|\u2606DjezzeMwoan|ye id love to have a water type switchin lmfoa\n|c|\u2606FSF Iceik|i do not like that this bugs name\n|c|\u2606FSF Iceik|yeah\n|c|\u2606DjezzeMwoan|whats wrong\n|c|\u2606DjezzeMwoan|i love galvantula\n|j| YveltalNL\n|l| YveltalNL\n|c|\u2606FSF Iceik|suki is like in japanese\n|c|\u2606FSF Iceik|oh yeah u do dont u\n|c|\u2606DjezzeMwoan|lol\n|c|\u2606FSF Iceik|it was a little play on words\n|\n|t:|1655492734\n|-weather|none\n|switch|p1a: Be Crime Do Gay|Zamazenta-Crowned|100\/100\n|-ability|p1a: Be Crime Do Gay|Dauntless Shield|boost\n|-boost|p1a: Be Crime Do Gay|def|1\n|move|p2a: Suki|Sticky Web|p1a: Be Crime Do Gay\n|-sidestart|p1: FSF Iceik|move: Sticky Web\n|\n|upkeep\n|turn|5\n|\n|t:|1655492745\n|move|p1a: Be Crime Do Gay|Behemoth Bash|p2a: Suki\n|-resisted|p2a: Suki\n|-damage|p2a: Suki|56\/100\n|move|p2a: Suki|Volt Switch|p1a: Be Crime Do Gay\n|-damage|p1a: Be Crime Do Gay|77\/100\n|\n|t:|1655492755\n|switch|p2a: Sokka|Gligar, M, shiny|100\/100|[from]move: Volt Switch\n|\n|upkeep\n|turn|6\n|\n|t:|1655492781\n|move|p1a: Be Crime Do Gay|Ice Fang|p2a: Sokka\n|-supereffective|p2a: Sokka\n|-damage|p2a: Sokka|51\/100\n|move|p2a: Sokka|Earthquake|p1a: Be Crime Do Gay\n|-supereffective|p1a: Be Crime Do Gay\n|-damage|p1a: Be Crime Do Gay|50\/100\n|\n|upkeep\n|turn|7\n|\n|t:|1655492791\n|switch|p1a: Jeoy Pokemane?|Latios, M|100\/100\n|move|p2a: Sokka|Roost|p2a: Sokka\n|-heal|p2a: Sokka|100\/100\n|-singleturn|p2a: Sokka|move: Roost\n|\n|upkeep\n|turn|8\n|\n|t:|1655492795\n|switch|p2a: Iroh|Magearna|100\/100\n|detailschange|p1a: Jeoy Pokemane?|Latios-Mega, M\n|-mega|p1a: Jeoy Pokemane?|Latios|Latiosite\n|move|p1a: Jeoy Pokemane?|Defog|p2a: Iroh\n|-unboost|p2a: Iroh|evasion|1\n|-sideend|p1: FSF Iceik|Sticky Web|[from] move: Defog|[of] p1a: Jeoy Pokemane?\n|\n|upkeep\n|turn|9\n|\n|t:|1655492804\n|switch|p1a: Be Crime Do Gay|Zamazenta-Crowned|50\/100\n|-ability|p1a: Be Crime Do Gay|Dauntless Shield|boost\n|-boost|p1a: Be Crime Do Gay|def|1\n|move|p2a: Iroh|Thunder Wave|p1a: Be Crime Do Gay\n|-status|p1a: Be Crime Do Gay|par\n|\n|upkeep\n|turn|10\n|\n|t:|1655492818\n|switch|p2a: Sokka|Gligar, M, shiny|100\/100\n|move|p1a: Be Crime Do Gay|Close Combat|p2a: Sokka\n|-resisted|p2a: Sokka\n|-damage|p2a: Sokka|83\/100\n|-unboost|p1a: Be Crime Do Gay|def|1\n|-unboost|p1a: Be Crime Do Gay|spd|1\n|\n|upkeep\n|turn|11\n|\n|t:|1655492834\n|move|p2a: Sokka|U-turn|p1a: Be Crime Do Gay\n|-resisted|p1a: Be Crime Do Gay\n|-damage|p1a: Be Crime Do Gay|47\/100 par\n|\n|t:|1655492839\n|switch|p2a: Iroh|Magearna|100\/100|[from]move: U-turn\n|move|p1a: Be Crime Do Gay|Ice Fang|p2a: Iroh\n|-resisted|p2a: Iroh\n|-damage|p2a: Iroh|91\/100\n|\n|-heal|p2a: Iroh|97\/100|[from] item: Leftovers\n|upkeep\n|turn|12\n|\n|t:|1655492849\n|move|p1a: Be Crime Do Gay|Close Combat|p2a: Iroh\n|-crit|p2a: Iroh\n|-damage|p2a: Iroh|18\/100\n|-unboost|p1a: Be Crime Do Gay|def|1\n|-unboost|p1a: Be Crime Do Gay|spd|1\n|move|p2a: Iroh|Fleur Cannon|p1a: Be Crime Do Gay\n|-damage|p1a: Be Crime Do Gay|0 fnt\n|-unboost|p2a: Iroh|spa|2\n|faint|p1a: Be Crime Do Gay\n|-ability|p2a: Iroh|Soul-Heart|boost\n|-boost|p2a: Iroh|spa|1\n|\n|-heal|p2a: Iroh|24\/100|[from] item: Leftovers\n|upkeep\n|c|\u2606DjezzeMwoan|oof\n|c|\u2606FSF Iceik|yikes srry man\n|c|\u2606DjezzeMwoan|ye that sucks\n|c|\u2606DjezzeMwoan|but whatever\n|c|\u2606DjezzeMwoan|i dont think it is gonna matter that much\n|\n|t:|1655492917\n|switch|p1a: Grief|Kartana, shiny|100\/100\n|turn|13\n|\n|t:|1655492933\n|move|p2a: Iroh|Protect|p2a: Iroh\n|-singleturn|p2a: Iroh|Protect\n|move|p1a: Grief|Smart Strike|p2a: Iroh\n|-activate|p2a: Iroh|move: Protect\n|\n|-heal|p2a: Iroh|30\/100|[from] item: Leftovers\n|upkeep\n|turn|14\n|\n|t:|1655492940\n|switch|p2a: Sokka|Gligar, M, shiny|83\/100\n|move|p1a: Grief|Smart Strike|p2a: Sokka\n|-damage|p2a: Sokka|54\/100\n|\n|upkeep\n|turn|15\n|\n|t:|1655492948\n|switch|p1a: Blissful|Darkrai, shiny|100\/100\n|move|p2a: Sokka|Roost|p2a: Sokka\n|-heal|p2a: Sokka|100\/100\n|-singleturn|p2a: Sokka|move: Roost\n|\n|upkeep\n|turn|16\n|\n|t:|1655492952\n|switch|p2a: Iroh|Magearna|30\/100\n|move|p1a: Blissful|Knock Off|p2a: Iroh\n|-resisted|p2a: Iroh\n|-damage|p2a: Iroh|18\/100\n|-enditem|p2a: Iroh|Leftovers|[from] move: Knock Off|[of] p1a: Blissful\n|\n|upkeep\n|turn|17\n|\n|t:|1655492959\n|move|p1a: Blissful|Night Shade|p2a: Iroh\n|-damage|p2a: Iroh|0 fnt\n|faint|p2a: Iroh\n|\n|upkeep\n|c|\u2606DjezzeMwoan|hey\n|c|\u2606DjezzeMwoan|thats not nice\n|\n|t:|1655492964\n|switch|p2a: Ty Lee|Greninja, M|100\/100\n|turn|18\n|\n|t:|1655492980\n|move|p2a: Ty Lee|U-turn|p1a: Blissful\n|-start|p2a: Ty Lee|typechange|Bug|[from] ability: Protean\n|-supereffective|p1a: Blissful\n|-damage|p1a: Blissful|36\/100\n|\n|t:|1655492985\n|switch|p2a: Suki|Galvantula, F, shiny|56\/100|[from]move: U-turn\n|move|p1a: Blissful|Hypnosis|p2a: Suki|[miss]\n|-miss|p1a: Blissful|p2a: Suki\n|\n|upkeep\n|turn|19\n|c|\u2606FSF Iceik|pussy darkrai\n|c|\u2606DjezzeMwoan|bro\n|c|\u2606DjezzeMwoan|wtf is this\n|c|\u2606DjezzeMwoan|how is that mon so bulky\n|c|\u2606FSF Iceik|dude the set would of been goated if he hit\n|c|\u2606DjezzeMwoan|i trust lol\n|c|\u2606DjezzeMwoan|but you cant beat the goat galvantula\n|c|\u2606FSF Iceik|damn thats a\n|c|\u2606FSF Iceik|choice banded mf\n|c|\u2606DjezzeMwoan|wh\n|c|\u2606DjezzeMwoan|o\n|c|\u2606DjezzeMwoan|galv\n|c|\u2606DjezzeMwoan|ye ofxc\n|c|\u2606FSF Iceik|the gren\n|c|\u2606FSF Iceik|but yeah galv w the banded volt\n|\n|t:|1655493071\n|move|p1a: Blissful|Hypnosis|p2a: Suki\n|-status|p2a: Suki|slp|[from] move: Hypnosis\n|cant|p2a: Suki|slp\n|\n|-damage|p2a: Suki|44\/100 slp|[from] ability: Bad Dreams|[of] p1a: Blissful\n|upkeep\n|turn|20\n|\n|t:|1655493076\n|switch|p2a: Ty Lee|Greninja, M|100\/100\n|move|p1a: Blissful|Knock Off|p2a: Ty Lee\n|-resisted|p2a: Ty Lee\n|-damage|p2a: Ty Lee|74\/100\n|-enditem|p2a: Ty Lee|Expert Belt|[from] move: Knock Off|[of] p1a: Blissful\n|\n|upkeep\n|turn|21\n|c|\u2606FSF Iceik|oh ebelt\n|c|\u2606DjezzeMwoan|stop\n|\n|t:|1655493085\n|move|p2a: Ty Lee|U-turn|p1a: Blissful\n|-start|p2a: Ty Lee|typechange|Bug|[from] ability: Protean\n|-supereffective|p1a: Blissful\n|-damage|p1a: Blissful|0 fnt\n|faint|p1a: Blissful\n|c|\u2606DjezzeMwoan|i hate knock off i hate knock off i hate knock off\n|c|\u2606FSF Iceik|sooooo true\n|\n|t:|1655493101\n|switch|p2a: Bumi|Avalugg, M|100\/100|[from]move: U-turn\n|\n|upkeep\n|c|\u2606FSF Iceik|half my teams immune to it kekw\n|c|\u2606DjezzeMwoan|lol\n|\n|t:|1655493118\n|switch|p1a: Slay Queen|Kyogre-Primal, shiny|48\/100\n|-weather|PrimordialSea|[from] ability: Primordial Sea|[of] p1a: Slay Queen\n|turn|22\n|c|\u2606DjezzeMwoan|that stupid fish\n|c|\u2606DjezzeMwoan|i hate fish\n|c|\u2606FSF Iceik|fish my beloved\n|\n|t:|1655493169\n|move|p1a: Slay Queen|Origin Pulse|p2a: Bumi\n|-crit|p2a: Bumi\n|-ability|p2a: Bumi|Sturdy\n|-damage|p2a: Bumi|1\/100\n|move|p2a: Bumi|Body Press|p1a: Slay Queen\n|-damage|p1a: Slay Queen|11\/100\n|\n|-weather|PrimordialSea|[upkeep]\n|upkeep\n|turn|23\n|c|\u2606DjezzeMwoan|miss\n|c|\u2606DjezzeMwoan|f\n|c|\u2606FSF Iceik|L\n|\n|t:|1655493184\n|move|p1a: Slay Queen|Ice Beam|p2a: Bumi\n|-resisted|p2a: Bumi\n|-damage|p2a: Bumi|0 fnt\n|faint|p2a: Bumi\n|\n|-weather|PrimordialSea|[upkeep]\n|upkeep\n|\n|t:|1655493187\n|switch|p2a: Ty Lee|Greninja, M|74\/100\n|turn|24\n|\n|t:|1655493193\n|move|p2a: Ty Lee|Grass Knot|p1a: Slay Queen\n|-start|p2a: Ty Lee|typechange|Grass|[from] ability: Protean\n|-supereffective|p1a: Slay Queen\n|-damage|p1a: Slay Queen|0 fnt\n|faint|p1a: Slay Queen\n|-weather|none\n|\n|upkeep\n|\n|t:|1655493265\n|switch|p1a: Jeoy Pokemane?|Latios-Mega, M|100\/100\n|turn|25\n|\n|t:|1655493272\n|move|p2a: Ty Lee|U-turn|p1a: Jeoy Pokemane?\n|-start|p2a: Ty Lee|typechange|Bug|[from] ability: Protean\n|-supereffective|p1a: Jeoy Pokemane?\n|-damage|p1a: Jeoy Pokemane?|43\/100\n|\n|t:|1655493275\n|switch|p2a: Suki|Galvantula, F, shiny|44\/100 slp|[from]move: U-turn\n|move|p1a: Jeoy Pokemane?|Mystical Fire|p2a: Suki\n|-supereffective|p2a: Suki\n|-damage|p2a: Suki|0 fnt\n|faint|p2a: Suki\n|\n|upkeep\n|\n|t:|1655493277\n|switch|p2a: Ty Lee|Greninja, M|74\/100\n|turn|26\n|\n|t:|1655493281\n|move|p2a: Ty Lee|Ice Beam|p1a: Jeoy Pokemane?\n|-start|p2a: Ty Lee|typechange|Ice|[from] ability: Protean\n|-supereffective|p1a: Jeoy Pokemane?\n|-damage|p1a: Jeoy Pokemane?|0 fnt\n|faint|p1a: Jeoy Pokemane?\n|\n|upkeep\n|j| LatiGOD\n|\n|t:|1655493361\n|switch|p1a: Monke Moment|Darmanitan-Galar, M|100\/100\n|turn|27\n|l| LatiGOD\n|\n|t:|1655493386\n|move|p2a: Ty Lee|Shadow Sneak|p1a: Monke Moment\n|-start|p2a: Ty Lee|typechange|Ghost|[from] ability: Protean\n|-crit|p1a: Monke Moment\n|-damage|p1a: Monke Moment|66\/100\n|move|p1a: Monke Moment|Ice Punch|p2a: Ty Lee\n|-damage|p2a: Ty Lee|4\/100\n|\n|upkeep\n|turn|28\n|c|\u2606FSF Iceik|fuck\n|c|\u2606FSF Iceik|wait maybe not\n|\n|t:|1655493410\n|move|p2a: Ty Lee|Grass Knot|p1a: Monke Moment\n|-start|p2a: Ty Lee|typechange|Grass|[from] ability: Protean\n|-damage|p1a: Monke Moment|11\/100\n|-enditem|p1a: Monke Moment|Salac Berry|[eat]\n|-boost|p1a: Monke Moment|spe|1|[from] item: Salac Berry\n|move|p1a: Monke Moment|Ice Punch|p2a: Ty Lee\n|-supereffective|p2a: Ty Lee\n|-damage|p2a: Ty Lee|0 fnt\n|faint|p2a: Ty Lee\n|\n|-formechange|p1a: Monke Moment|Darmanitan-Galar-Zen|\n|upkeep\n|\n|t:|1655493416\n|switch|p2a: Sokka|Gligar, M, shiny|100\/100\n|turn|29\n|c|\u2606DjezzeMwoan|gg\n|c|\u2606FSF Iceik|ggs man\n|c|\u2606FSF Iceik|always great games w u\n|\n|t:|1655493428\n|move|p1a: Monke Moment|Ice Punch|p2a: Sokka\n|-supereffective|p2a: Sokka\n|-damage|p2a: Sokka|7\/100\n|-status|p2a: Sokka|frz\n|cant|p2a: Sokka|frz\n|\n|upkeep\n|turn|30\n|c|\u2606DjezzeMwoan|shouldve ran a water move on gren\n|c|\u2606FSF Iceik|oof\n|c|\u2606DjezzeMwoan|removed it last minite\n|c|\u2606DjezzeMwoan|now this is unfair\n|c|\u2606FSF Iceik|srry for the difg\n|c|\u2606FSF Iceik|scarf kart\n|c|\u2606DjezzeMwoan|at least let me make it a 1-0 lol\n|c|\u2606FSF Iceik|won anyway \n|c|\u2606DjezzeMwoan|ye ik\n|c|\u2606FSF Iceik|but the dif\n|c|\u2606DjezzeMwoan|plus\n|c|\u2606DjezzeMwoan|im 9% lol\n|c|\u2606FSF Iceik|this is my first non 1-0 win lol\n|\n|t:|1655493455\n|move|p1a: Monke Moment|Ice Punch|p2a: Sokka\n|-supereffective|p2a: Sokka\n|-damage|p2a: Sokka|0 fnt\n|faint|p2a: Sokka\n|\n|win|FSF Iceik\n|c|\u2606DjezzeMwoan|gg\n|c|\u2606FSF Iceik|gg\n|c|\u2606DjezzeMwoan|that stupid kyogre\n|c|\u2606FSF Iceik|so close games this ssn\n|c|\u2606DjezzeMwoan|it was very hard to kill that\n|c|\u2606FSF Iceik|ogre my beloved\n|c|\u2606DjezzeMwoan|i had nothing for it\n|c|\u2606FSF Iceik|water resists tsareena mareenie\n|c|\u2606FSF Iceik|did suck for sure\n|c|\u2606DjezzeMwoan|shouldve been like the rest\n|c|\u2606DjezzeMwoan|just draft ferroseed last moment\n|c|\u2606DjezzeMwoan|just to counter your kyogre\n|c|\u2606FSF Iceik|completely forgot lugg this mu so darm couldnt just drum and win\n","uploadtime":1655493513,"views":14,"p1id":"fsficeik","p2id":"djezzemwoan","formatid":"gen8nationaldexdraft","rating":0,"private":0,"password":null}