{"id":"sports-gen8nationaldexdraft-621433","p1":"AsterJ","p2":"Swaetybagels","format":"gen8nationaldexdraft","log":"|j|\u2606AsterJ\n|j|\u2606Swaetybagels\n|t:|1648429003\n|gametype|singles\n|player|p1|AsterJ|asterj.png|\n|player|p2|Swaetybagels|swaetybagels.png|\n|teamsize|p1|6\n|teamsize|p2|6\n|gen|8\n|tier|[Gen 8] National Dex Draft\n|rule|Sleep Clause Mod: Limit one foe put to sleep\n|rule|OHKO Clause: OHKO moves are banned\n|rule|Evasion Moves Clause: Evasion moves are banned\n|rule|Endless Battle Clause: Forcing endless battles is banned\n|rule|HP Percentage Mod: HP is shown in percentages\n|rule|Dynamax Clause: You cannot dynamax\n|clearpoke\n|poke|p1|Melmetal|\n|poke|p1|Drampa, M|\n|poke|p1|Aerodactyl, F|\n|poke|p1|Vaporeon, F|\n|poke|p1|Nidoking, M|\n|poke|p1|Tapu Bulu|\n|poke|p2|Keldeo|\n|poke|p2|Aggron, M|\n|poke|p2|Lickilicky, M|\n|poke|p2|Tapu Koko|\n|poke|p2|Dragonite, M|\n|poke|p2|Entei|\n|teampreview\n|html|<button name=\"send\" class=\"button\" value=\"\/timer ds\"><i class=\"fa fa-hourglass-start\"><\/i> DS Timer<\/button> <button name=\"send\" class=\"button\" value=\"\/timer smogon\"><i class=\"fa fa-hourglass-start\"><\/i> Smogon Timer<\/button>\n|c|\u2606AsterJ|Hf dude!\n|c|\u2606Swaetybagels|u2\n|j| DashingSceptile\n|l| DashingSceptile\n|\n|t:|1648429077\n|start\n|switch|p1a: Vaporeon|Vaporeon, F|100\/100\n|switch|p2a: Mega Uhgroon|Aggron, M|100\/100\n|turn|1\n|\n|t:|1648429151\n|detailschange|p2a: Mega Uhgroon|Aggron-Mega, M\n|-mega|p2a: Mega Uhgroon|Aggron|Aggronite\n|move|p1a: Vaporeon|Scald|p2a: Mega Uhgroon\n|-damage|p2a: Mega Uhgroon|68\/100\n|-status|p2a: Mega Uhgroon|brn\n|move|p2a: Mega Uhgroon|Stealth Rock|p1a: Vaporeon\n|-sidestart|p1: AsterJ|move: Stealth Rock\n|\n|-damage|p2a: Mega Uhgroon|62\/100 brn|[from] brn\n|upkeep\n|turn|2\n|\n|t:|1648429173\n|switch|p1a: Nidoking|Nidoking, M|100\/100\n|-damage|p1a: Nidoking|94\/100|[from] Stealth Rock\n|switch|p2a: Earl|Lickilicky, M|100\/100\n|\n|-heal|p1a: Nidoking|100\/100|[from] item: Black Sludge\n|upkeep\n|turn|3\n|\n|t:|1648429220\n|move|p1a: Nidoking|Stealth Rock|p2a: Earl\n|-sidestart|p2: Swaetybagels|move: Stealth Rock\n|move|p2a: Earl|Knock Off|p1a: Nidoking\n|-damage|p1a: Nidoking|80\/100\n|-enditem|p1a: Nidoking|Black Sludge|[from] move: Knock Off|[of] p2a: Earl\n|\n|upkeep\n|turn|4\n|\n|t:|1648429233\n|move|p1a: Nidoking|Taunt|p2a: Earl\n|-immune|p2a: Earl|[from] ability: Oblivious\n|move|p2a: Earl|Heal Bell|p2a: Earl\n|-activate|p2a: Earl|move: Heal Bell\n|-curestatus|p2: Mega Uhgroon|brn|[msg]\n|\n|upkeep\n|turn|5\n|\n|t:|1648429246\n|move|p1a: Nidoking|Earth Power|p2a: Earl\n|-damage|p2a: Earl|79\/100\n|move|p2a: Earl|Wish|p2a: Earl\n|\n|upkeep\n|turn|6\n|\n|t:|1648429268\n|move|p1a: Nidoking|Earth Power|p2a: Earl\n|-damage|p2a: Earl|56\/100\n|move|p2a: Earl|Knock Off|p1a: Nidoking\n|-damage|p1a: Nidoking|65\/100\n|-status|p2a: Earl|psn|[from] ability: Poison Point|[of] p1a: Nidoking\n|\n|-heal|p2a: Earl|100\/100 psn|[from] move: Wish|[wisher] Earl\n|-damage|p2a: Earl|88\/100 psn|[from] psn\n|upkeep\n|turn|7\n|\n|t:|1648429301\n|switch|p1a: Tapu Bulu|Tapu Bulu|100\/100\n|-damage|p1a: Tapu Bulu|88\/100|[from] Stealth Rock\n|-fieldstart|move: Grassy Terrain|[from] ability: Grassy Surge|[of] p1a: Tapu Bulu\n|move|p2a: Earl|Wish|p2a: Earl\n|\n|-heal|p1a: Tapu Bulu|94\/100|[from] Grassy Terrain\n|-heal|p2a: Earl|94\/100 psn|[from] Grassy Terrain\n|-damage|p2a: Earl|82\/100 psn|[from] psn\n|upkeep\n|turn|8\n|\n|t:|1648429320\n|switch|p2a: Mega Uhgroon|Aggron-Mega, M|62\/100\n|-damage|p2a: Mega Uhgroon|56\/100|[from] Stealth Rock\n|move|p1a: Tapu Bulu|Substitute|p1a: Tapu Bulu\n|-start|p1a: Tapu Bulu|Substitute\n|-damage|p1a: Tapu Bulu|69\/100\n|\n|-heal|p2a: Mega Uhgroon|100\/100|[from] move: Wish|[wisher] Earl\n|-heal|p1a: Tapu Bulu|76\/100|[from] Grassy Terrain\n|upkeep\n|turn|9\n|\n|t:|1648429332\n|move|p1a: Tapu Bulu|Leech Seed|p2a: Mega Uhgroon\n|-start|p2a: Mega Uhgroon|move: Leech Seed\n|move|p2a: Mega Uhgroon|Heavy Slam|p1a: Tapu Bulu\n|-supereffective|p1a: Tapu Bulu\n|-end|p1a: Tapu Bulu|Substitute\n|\n|-heal|p1a: Tapu Bulu|82\/100|[from] Grassy Terrain\n|-damage|p2a: Mega Uhgroon|88\/100|[from] Leech Seed|[of] p1a: Tapu Bulu\n|-heal|p1a: Tapu Bulu|94\/100|[silent]\n|upkeep\n|turn|10\n|\n|t:|1648429363\n|move|p1a: Tapu Bulu|Substitute|p1a: Tapu Bulu\n|-start|p1a: Tapu Bulu|Substitute\n|-damage|p1a: Tapu Bulu|69\/100\n|move|p2a: Mega Uhgroon|Heavy Slam|p1a: Tapu Bulu\n|-supereffective|p1a: Tapu Bulu\n|-end|p1a: Tapu Bulu|Substitute\n|\n|-heal|p1a: Tapu Bulu|76\/100|[from] Grassy Terrain\n|-heal|p2a: Mega Uhgroon|94\/100|[from] Grassy Terrain\n|-damage|p2a: Mega Uhgroon|82\/100|[from] Leech Seed|[of] p1a: Tapu Bulu\n|-heal|p1a: Tapu Bulu|88\/100|[silent]\n|upkeep\n|turn|11\n|\n|t:|1648429448\n|switch|p1a: Melmetal|Melmetal|100\/100\n|-damage|p1a: Melmetal|94\/100|[from] Stealth Rock\n|switch|p2a: Earl|Lickilicky, M|82\/100 psn\n|\n|-heal|p1a: Melmetal|100\/100|[from] Grassy Terrain\n|-heal|p2a: Earl|88\/100 psn|[from] Grassy Terrain\n|-damage|p2a: Earl|76\/100 psn|[from] psn\n|-fieldend|move: Grassy Terrain\n|upkeep\n|turn|12\n|\n|t:|1648429487\n|switch|p2a: Mega Uhgroon|Aggron-Mega, M|82\/100\n|-damage|p2a: Mega Uhgroon|76\/100|[from] Stealth Rock\n|move|p1a: Melmetal|Body Press|p2a: Mega Uhgroon\n|-supereffective|p2a: Mega Uhgroon\n|-damage|p2a: Mega Uhgroon|61\/100\n|\n|upkeep\n|turn|13\n|\n|t:|1648429527\n|move|p1a: Melmetal|Acid Armor|p1a: Melmetal\n|-boost|p1a: Melmetal|def|2\n|move|p2a: Mega Uhgroon|Body Press|p1a: Melmetal\n|-supereffective|p1a: Melmetal\n|-damage|p1a: Melmetal|74\/100\n|\n|-heal|p1a: Melmetal|80\/100|[from] item: Leftovers\n|upkeep\n|turn|14\n|\n|t:|1648429582\n|switch|p2a: Inti\u00c9|Entei|100\/100\n|-damage|p2a: Inti\u00c9|76\/100|[from] Stealth Rock\n|move|p1a: Melmetal|Body Press|p2a: Inti\u00c9\n|-damage|p2a: Inti\u00c9|19\/100\n|\n|-heal|p1a: Melmetal|86\/100|[from] item: Leftovers\n|upkeep\n|turn|15\n|\n|t:|1648429594\n|switch|p1a: Vaporeon|Vaporeon, F|100\/100\n|-damage|p1a: Vaporeon|88\/100|[from] Stealth Rock\n|move|p2a: Inti\u00c9|Flamethrower|p1a: Vaporeon\n|-resisted|p1a: Vaporeon\n|-damage|p1a: Vaporeon|74\/100\n|\n|-heal|p1a: Vaporeon|80\/100|[from] item: Leftovers\n|upkeep\n|turn|16\n|\n|t:|1648429615\n|move|p2a: Inti\u00c9|Solar Beam||[still]\n|-prepare|p2a: Inti\u00c9|Solar Beam\n|-enditem|p2a: Inti\u00c9|Power Herb\n|-anim|p2a: Inti\u00c9|Solar Beam|p1a: Vaporeon\n|-supereffective|p1a: Vaporeon\n|-crit|p1a: Vaporeon\n|-damage|p1a: Vaporeon|0 fnt\n|faint|p1a: Vaporeon\n|\n|upkeep\n|\n|t:|1648429632\n|switch|p1a: Aerodactyl|Aerodactyl, F|100\/100\n|-ability|p1a: Aerodactyl|Unnerve\n|-damage|p1a: Aerodactyl|76\/100|[from] Stealth Rock\n|turn|17\n|\n|t:|1648429662\n|move|p1a: Aerodactyl|Earthquake|p2a: Inti\u00c9\n|-supereffective|p2a: Inti\u00c9\n|-damage|p2a: Inti\u00c9|0 fnt\n|faint|p2a: Inti\u00c9\n|\n|upkeep\n|j| SGS_Nim\n|\n|t:|1648429726\n|switch|p2a: Keldepot|Keldeo|100\/100\n|-damage|p2a: Keldepot|94\/100|[from] Stealth Rock\n|turn|18\n|\n|t:|1648429730\n|switch|p1a: Tapu Bulu|Tapu Bulu|88\/100\n|-damage|p1a: Tapu Bulu|76\/100|[from] Stealth Rock\n|-fieldstart|move: Grassy Terrain|[from] ability: Grassy Surge|[of] p1a: Tapu Bulu\n|move|p2a: Keldepot|Flip Turn|p1a: Tapu Bulu\n|-resisted|p1a: Tapu Bulu\n|-damage|p1a: Tapu Bulu|70\/100\n|\n|t:|1648429734\n|switch|p2a: Dergunit\u00c9|Dragonite, M|100\/100|[from]move: Flip Turn\n|\n|-heal|p1a: Tapu Bulu|76\/100|[from] Grassy Terrain\n|upkeep\n|turn|19\n|j| VIG Luffy\n|\n|t:|1648429748\n|switch|p1a: Melmetal|Melmetal|86\/100\n|-damage|p1a: Melmetal|80\/100|[from] Stealth Rock\n|move|p2a: Dergunit\u00c9|Hurricane|p1a: Melmetal|[miss]\n|-miss|p2a: Dergunit\u00c9|p1a: Melmetal\n|\n|-heal|p1a: Melmetal|86\/100|[from] Grassy Terrain\n|-heal|p1a: Melmetal|92\/100|[from] item: Leftovers\n|upkeep\n|turn|20\n|\n|t:|1648429756\n|move|p2a: Dergunit\u00c9|Flamethrower|p1a: Melmetal\n|-supereffective|p1a: Melmetal\n|-crit|p1a: Melmetal\n|-damage|p1a: Melmetal|15\/100\n|move|p1a: Melmetal|Toxic|p2a: Dergunit\u00c9\n|-status|p2a: Dergunit\u00c9|tox\n|\n|-heal|p1a: Melmetal|21\/100|[from] Grassy Terrain\n|-heal|p1a: Melmetal|27\/100|[from] item: Leftovers\n|-damage|p2a: Dergunit\u00c9|94\/100 tox|[from] psn\n|upkeep\n|turn|21\n|\n|t:|1648429770\n|switch|p1a: Drampa|Drampa, M|100\/100\n|-damage|p1a: Drampa|88\/100|[from] Stealth Rock\n|move|p2a: Dergunit\u00c9|Flamethrower|p1a: Drampa\n|-resisted|p1a: Drampa\n|-damage|p1a: Drampa|77\/100\n|\n|-heal|p1a: Drampa|84\/100|[from] Grassy Terrain\n|-heal|p1a: Drampa|90\/100|[from] item: Leftovers\n|-damage|p2a: Dergunit\u00c9|82\/100 tox|[from] psn\n|upkeep\n|turn|22\n|\n|t:|1648429783\n|switch|p2a: Earl|Lickilicky, M|76\/100 psn\n|move|p1a: Drampa|Hyper Voice|p2a: Earl\n|-damage|p2a: Earl|51\/100 psn\n|\n|-heal|p2a: Earl|57\/100 psn|[from] Grassy Terrain\n|-heal|p1a: Drampa|96\/100|[from] Grassy Terrain\n|-heal|p1a: Drampa|100\/100|[from] item: Leftovers\n|-damage|p2a: Earl|45\/100 psn|[from] psn\n|-fieldend|move: Grassy Terrain\n|upkeep\n|turn|23\n|\n|t:|1648429810\n|switch|p1a: Melmetal|Melmetal|27\/100\n|-damage|p1a: Melmetal|21\/100|[from] Stealth Rock\n|move|p2a: Earl|Wish|p2a: Earl\n|\n|-heal|p1a: Melmetal|27\/100|[from] item: Leftovers\n|-damage|p2a: Earl|32\/100 psn|[from] psn\n|upkeep\n|turn|24\n|\n|t:|1648429821\n|move|p2a: Earl|Protect|p2a: Earl\n|-singleturn|p2a: Earl|Protect\n|move|p1a: Melmetal|Acid Armor|p1a: Melmetal\n|-boost|p1a: Melmetal|def|2\n|\n|-heal|p2a: Earl|82\/100 psn|[from] move: Wish|[wisher] Earl\n|-heal|p1a: Melmetal|33\/100|[from] item: Leftovers\n|-damage|p2a: Earl|70\/100 psn|[from] psn\n|upkeep\n|turn|25\n|\n|t:|1648429828\n|switch|p2a: Dergunit\u00c9|Dragonite, M|82\/100 tox\n|move|p1a: Melmetal|Double Iron Bash|p2a: Dergunit\u00c9\n|-damage|p2a: Dergunit\u00c9|42\/100 tox\n|-damage|p2a: Dergunit\u00c9|0 fnt\n|faint|p2a: Dergunit\u00c9\n|-hitcount|p2: Dergunit\u00c9|2\n|\n|-heal|p1a: Melmetal|40\/100|[from] item: Leftovers\n|upkeep\n|\n|t:|1648429841\n|switch|p2a: Keldepot|Keldeo|94\/100\n|-damage|p2a: Keldepot|88\/100|[from] Stealth Rock\n|turn|26\n|\n|t:|1648429889\n|switch|p1a: Drampa|Drampa, M|100\/100\n|-damage|p1a: Drampa|88\/100|[from] Stealth Rock\n|move|p2a: Keldepot|Air Slash|p1a: Drampa\n|-damage|p1a: Drampa|68\/100\n|\n|-heal|p1a: Drampa|74\/100|[from] item: Leftovers\n|upkeep\n|turn|27\n|\n|t:|1648429921\n|switch|p2a: Earl|Lickilicky, M|70\/100 psn\n|move|p1a: Drampa|Hyper Voice|p2a: Earl\n|-damage|p2a: Earl|47\/100 psn\n|\n|-heal|p1a: Drampa|81\/100|[from] item: Leftovers\n|-damage|p2a: Earl|35\/100 psn|[from] psn\n|upkeep\n|turn|28\n|\n|t:|1648429934\n|switch|p1a: Melmetal|Melmetal|40\/100\n|-damage|p1a: Melmetal|33\/100|[from] Stealth Rock\n|move|p2a: Earl|Wish|p2a: Earl\n|\n|-heal|p1a: Melmetal|40\/100|[from] item: Leftovers\n|-damage|p2a: Earl|22\/100 psn|[from] psn\n|upkeep\n|turn|29\n|\n|t:|1648429949\n|switch|p2a: Keldepot|Keldeo|88\/100\n|-damage|p2a: Keldepot|82\/100|[from] Stealth Rock\n|move|p1a: Melmetal|Acid Armor|p1a: Melmetal\n|-boost|p1a: Melmetal|def|2\n|\n|-heal|p2a: Keldepot|100\/100|[from] move: Wish|[wisher] Earl\n|-heal|p1a: Melmetal|46\/100|[from] item: Leftovers\n|upkeep\n|turn|30\n|\n|t:|1648429955\n|switch|p1a: Tapu Bulu|Tapu Bulu|76\/100\n|-damage|p1a: Tapu Bulu|64\/100|[from] Stealth Rock\n|-fieldstart|move: Grassy Terrain|[from] ability: Grassy Surge|[of] p1a: Tapu Bulu\n|move|p2a: Keldepot|Focus Blast|p1a: Tapu Bulu|[miss]\n|-miss|p2a: Keldepot|p1a: Tapu Bulu\n|\n|-heal|p1a: Tapu Bulu|70\/100|[from] Grassy Terrain\n|upkeep\n|turn|31\n|\n|t:|1648429967\n|switch|p2a: Topo Cacao|Tapu Koko|100\/100\n|-fieldstart|move: Electric Terrain|[from] ability: Electric Surge|[of] p2a: Topo Cacao\n|move|p1a: Tapu Bulu|Leech Seed|p2a: Topo Cacao\n|-start|p2a: Topo Cacao|move: Leech Seed\n|\n|-damage|p2a: Topo Cacao|88\/100|[from] Leech Seed|[of] p1a: Tapu Bulu\n|-heal|p1a: Tapu Bulu|81\/100|[silent]\n|upkeep\n|turn|32\n|\n|t:|1648429977\n|move|p2a: Topo Cacao|Brave Bird|p1a: Tapu Bulu\n|-supereffective|p1a: Tapu Bulu\n|-damage|p1a: Tapu Bulu|22\/100\n|-damage|p2a: Topo Cacao|67\/100|[from] Recoil\n|move|p1a: Tapu Bulu|Leech Seed||[still]\n|-fail|p1a: Tapu Bulu\n|\n|-damage|p2a: Topo Cacao|54\/100|[from] Leech Seed|[of] p1a: Tapu Bulu\n|-heal|p1a: Tapu Bulu|33\/100|[silent]\n|upkeep\n|turn|33\n|\n|t:|1648429993\n|switch|p1a: Drampa|Drampa, M|81\/100\n|-damage|p1a: Drampa|68\/100|[from] Stealth Rock\n|move|p2a: Topo Cacao|U-turn|p1a: Drampa\n|-damage|p1a: Drampa|48\/100\n|-ability|p1a: Drampa|Berserk|boost\n|-boost|p1a: Drampa|spa|1\n|\n|t:|1648430000\n|switch|p2a: Keldepot|Keldeo|100\/100|[from]move: U-turn\n|-damage|p2a: Keldepot|94\/100|[from] Stealth Rock\n|\n|-heal|p1a: Drampa|54\/100|[from] item: Leftovers\n|upkeep\n|turn|34\n|l| SGS_Nim\n|\n|t:|1648430024\n|move|p2a: Keldepot|Focus Blast|p1a: Drampa\n|-supereffective|p1a: Drampa\n|-damage|p1a: Drampa|0 fnt\n|faint|p1a: Drampa\n|\n|upkeep\n|\n|t:|1648430038\n|switch|p1a: Aerodactyl|Aerodactyl, F|76\/100\n|-ability|p1a: Aerodactyl|Unnerve\n|-damage|p1a: Aerodactyl|51\/100|[from] Stealth Rock\n|turn|35\n|\n|t:|1648430057\n|move|p1a: Aerodactyl|Dual Wingbeat|p2a: Keldepot\n|-supereffective|p2a: Keldepot\n|-damage|p2a: Keldepot|48\/100\n|-supereffective|p2a: Keldepot\n|-damage|p2a: Keldepot|5\/100\n|-hitcount|p2a: Keldepot|2\n|move|p2a: Keldepot|Focus Blast|p1a: Aerodactyl\n|-crit|p1a: Aerodactyl\n|-damage|p1a: Aerodactyl|0 fnt\n|faint|p1a: Aerodactyl\n|\n|-fieldend|move: Electric Terrain\n|upkeep\n|\n|t:|1648430067\n|switch|p1a: Nidoking|Nidoking, M|65\/100\n|-damage|p1a: Nidoking|59\/100|[from] Stealth Rock\n|turn|36\n|\n|t:|1648430076\n|move|p2a: Keldepot|Focus Blast|p1a: Nidoking|[miss]\n|-miss|p2a: Keldepot|p1a: Nidoking\n|move|p1a: Nidoking|Earth Power|p2a: Keldepot\n|-damage|p2a: Keldepot|0 fnt\n|faint|p2a: Keldepot\n|\n|upkeep\n|j| SGS_Nim\n|\n|t:|1648430175\n|switch|p2a: Earl|Lickilicky, M|22\/100 psn\n|turn|37\n|\n|t:|1648430233\n|switch|p1a: Melmetal|Melmetal|46\/100\n|-damage|p1a: Melmetal|40\/100|[from] Stealth Rock\n|move|p2a: Earl|Knock Off|p1a: Melmetal\n|-damage|p1a: Melmetal|27\/100\n|-enditem|p1a: Melmetal|Leftovers|[from] move: Knock Off|[of] p2a: Earl\n|\n|-damage|p2a: Earl|10\/100 psn|[from] psn\n|upkeep\n|turn|38\n|\n|t:|1648430265\n|move|p1a: Melmetal|Body Press|p2a: Earl\n|-supereffective|p2a: Earl\n|-damage|p2a: Earl|0 fnt\n|faint|p2a: Earl\n|\n|upkeep\n|\n|t:|1648430370\n|switch|p2a: Topo Cacao|Tapu Koko|54\/100\n|-fieldstart|move: Electric Terrain|[from] ability: Electric Surge|[of] p2a: Topo Cacao\n|turn|39\n|\n|t:|1648430433\n|move|p2a: Topo Cacao|Wild Charge|p1a: Melmetal\n|-damage|p1a: Melmetal|0 fnt\n|faint|p1a: Melmetal\n|-damage|p2a: Topo Cacao|45\/100|[from] Recoil\n|\n|upkeep\n|\n|t:|1648430438\n|switch|p1a: Nidoking|Nidoking, M|59\/100\n|-damage|p1a: Nidoking|53\/100|[from] Stealth Rock\n|turn|40\n|\n|t:|1648430449\n|move|p2a: Topo Cacao|U-turn|p1a: Nidoking\n|-resisted|p1a: Nidoking\n|-damage|p1a: Nidoking|41\/100\n|\n|t:|1648430452\n|switch|p2a: Mega Uhgroon|Aggron-Mega, M|61\/100|[from]move: U-turn\n|-damage|p2a: Mega Uhgroon|55\/100|[from] Stealth Rock\n|move|p1a: Nidoking|Earth Power|p2a: Mega Uhgroon\n|-supereffective|p2a: Mega Uhgroon\n|-damage|p2a: Mega Uhgroon|0 fnt\n|faint|p2a: Mega Uhgroon\n|\n|upkeep\n|\n|t:|1648430454\n|switch|p2a: Topo Cacao|Tapu Koko|45\/100\n|turn|41\n|\n|t:|1648430476\n|move|p2a: Topo Cacao|Brave Bird|p1a: Nidoking\n|-damage|p1a: Nidoking|0 fnt\n|faint|p1a: Nidoking\n|-damage|p2a: Topo Cacao|30\/100|[from] Recoil\n|\n|upkeep\n|\n|t:|1648430480\n|switch|p1a: Tapu Bulu|Tapu Bulu|33\/100\n|-damage|p1a: Tapu Bulu|20\/100|[from] Stealth Rock\n|-fieldstart|move: Grassy Terrain|[from] ability: Grassy Surge|[of] p1a: Tapu Bulu\n|turn|42\n|\n|t:|1648430482\n|move|p2a: Topo Cacao|Brave Bird|p1a: Tapu Bulu\n|-supereffective|p1a: Tapu Bulu\n|-damage|p1a: Tapu Bulu|0 fnt\n|faint|p1a: Tapu Bulu\n|-damage|p2a: Topo Cacao|23\/100|[from] Recoil\n|\n|win|Swaetybagels\n|c|\u2606Swaetybagels|ggs\n|c|\u2606AsterJ|Gg\n|l|\u2606AsterJ\n|l| VIG Luffy\n","uploadtime":1648430498,"views":46,"p1id":"asterj","p2id":"swaetybagels","formatid":"gen8nationaldexdraft","rating":0,"private":0,"password":null}