{"id":"sports-gen8nationaldexdraft-573262","p1":"Griffin07","p2":"AsterJ","format":"gen8nationaldexdraft","log":"|j|\u2606Griffin07\n|j|\u2606AsterJ\n|t:|1642292389\n|gametype|singles\n|player|p1|Griffin07|gentleman-gen4|\n|player|p2|AsterJ|asterj.png|\n|teamsize|p1|6\n|teamsize|p2|6\n|gen|8\n|tier|[Gen 8] National Dex Draft\n|rule|Sleep Clause Mod: Limit one foe put to sleep\n|rule|OHKO Clause: OHKO moves are banned\n|rule|Evasion Moves Clause: Evasion moves are banned\n|rule|Endless Battle Clause: Forcing endless battles is banned\n|rule|HP Percentage Mod: HP is shown in percentages\n|rule|Dynamax Clause: You cannot dynamax\n|clearpoke\n|poke|p1|Yveltal|\n|poke|p1|Xerneas-*|\n|poke|p1|Greninja, F|\n|poke|p1|Ferrothorn, M|\n|poke|p1|Ditto|\n|poke|p1|Blaziken, M|\n|poke|p2|Arceus-*|\n|poke|p2|Tapu Fini|\n|poke|p2|Metagross|\n|poke|p2|Nihilego|\n|poke|p2|Pheromosa|\n|poke|p2|Zygarde|\n|teampreview\n|html|<button name=\"send\" class=\"button\" value=\"\/timer ds\"><i class=\"fa fa-hourglass-start\"><\/i> DS Timer<\/button> <button name=\"send\" class=\"button\" value=\"\/timer smogon\"><i class=\"fa fa-hourglass-start\"><\/i> Smogon Timer<\/button>\n|c|\u2606AsterJ|gl hf man\n|c|\u2606Griffin07|gl hf!\n|j| Robopup27\n|j| InfernoSam1904\n|j| deez streetz w\n|c| deez streetz w|rush\n|c| deez streetz w|more\n|c|\u2606AsterJ|XD\n|\n|t:|1642292454\n|start\n|switch|p1a: Greninja|Greninja, F|100\/100\n|switch|p2a: Pheromosa|Pheromosa|100\/100\n|turn|1\n|l| Robopup27\n|\n|t:|1642292478\n|switch|p1a: Ferrothorn|Ferrothorn, M|100\/100\n|move|p2a: Pheromosa|U-turn|p1a: Ferrothorn\n|-damage|p1a: Ferrothorn|77\/100\n|-activate|p1a: Ferrothorn|ability: Iron Barbs\n|-activate|p2a: Pheromosa|item: Protective Pads\n|\n|t:|1642292492\n|switch|p2a: Tapu Fini|Tapu Fini|100\/100|[from]move: U-turn\n|-fieldstart|move: Misty Terrain|[from] ability: Misty Surge|[of] p2a: Tapu Fini\n|\n|upkeep\n|turn|2\n|\n|t:|1642292533\n|move|p2a: Tapu Fini|Trick|p1a: Ferrothorn\n|-activate|p2a: Tapu Fini|move: Trick|[of] p1a: Ferrothorn\n|-item|p1a: Ferrothorn|Flame Orb|[from] move: Trick\n|-item|p2a: Tapu Fini|Rocky Helmet|[from] move: Trick\n|move|p1a: Ferrothorn|Steel Roller|p2a: Tapu Fini\n|-damage|p2a: Tapu Fini|72\/100\n|-fieldend|Misty Terrain\n|-damage|p1a: Ferrothorn|61\/100|[from] item: Rocky Helmet|[of] p2a: Tapu Fini\n|\n|-status|p1a: Ferrothorn|brn|[from] item: Flame Orb\n|upkeep\n|turn|3\n|\n|t:|1642292553\n|switch|p1a: Xerneas|Xerneas|100\/100\n|-ability|p1a: Xerneas|Fairy Aura\n|move|p2a: Tapu Fini|Taunt|p1a: Xerneas\n|-start|p1a: Xerneas|move: Taunt\n|\n|upkeep\n|turn|4\n|\n|t:|1642292571\n|switch|p2a: Metagross|Metagross|100\/100\n|move|p1a: Xerneas|Thunderbolt|p2a: Metagross\n|-damage|p2a: Metagross|62\/100\n|\n|-heal|p2a: Metagross|68\/100|[from] item: Leftovers\n|upkeep\n|turn|5\n|\n|t:|1642292596\n|switch|p1a: Greninja|Greninja, F|100\/100\n|move|p2a: Metagross|Stealth Rock|p1a: Greninja\n|-sidestart|p1: Griffin07|move: Stealth Rock\n|\n|-heal|p2a: Metagross|74\/100|[from] item: Leftovers\n|upkeep\n|turn|6\n|\n|t:|1642292636\n|switch|p2a: Tapu Fini|Tapu Fini|72\/100\n|-fieldstart|move: Misty Terrain|[from] ability: Misty Surge|[of] p2a: Tapu Fini\n|move|p1a: Greninja|Scald|p2a: Tapu Fini\n|-start|p1a: Greninja|typechange|Water|[from] ability: Protean\n|-resisted|p2a: Tapu Fini\n|-damage|p2a: Tapu Fini|59\/100\n|\n|upkeep\n|turn|7\n|j| Yahoodles\n|j| DOOR MONEY\n|j| Habaduh\n|j| Shuckle15\n|\n|t:|1642292674\n|switch|p2a: Metagross|Metagross|74\/100\n|move|p1a: Greninja|Grass Knot|p2a: Metagross\n|-start|p1a: Greninja|typechange|Grass|[from] ability: Protean\n|-resisted|p2a: Metagross\n|-damage|p2a: Metagross|50\/100\n|\n|-heal|p2a: Metagross|57\/100|[from] item: Leftovers\n|upkeep\n|turn|8\n|j| Dackt\n|j|^TheCanadianKid\n|l| Dackt\n|l|^TheCanadianKid\n|l| DOOR MONEY\n|\n|t:|1642292756\n|move|p1a: Greninja|Scald|p2a: Metagross\n|-start|p1a: Greninja|typechange|Water|[from] ability: Protean\n|-damage|p2a: Metagross|24\/100\n|move|p2a: Metagross|Grass Knot|p1a: Greninja\n|-supereffective|p1a: Greninja\n|-damage|p1a: Greninja|70\/100\n|\n|-heal|p2a: Metagross|30\/100|[from] item: Leftovers\n|upkeep\n|turn|9\n|\n|t:|1642292774\n|switch|p2a: Arceus|Arceus|100\/100\n|move|p1a: Greninja|Scald|p2a: Arceus\n|-damage|p2a: Arceus|80\/100\n|\n|-heal|p2a: Arceus|87\/100|[from] item: Leftovers\n|upkeep\n|turn|10\n|l| Habaduh\n|l| Yahoodles\n|\n|t:|1642292790\n|move|p1a: Greninja|Scald|p2a: Arceus\n|-damage|p2a: Arceus|67\/100\n|move|p2a: Arceus|Substitute|p2a: Arceus\n|-start|p2a: Arceus|Substitute\n|-damage|p2a: Arceus|42\/100\n|\n|-heal|p2a: Arceus|48\/100|[from] item: Leftovers\n|-fieldend|Misty Terrain\n|upkeep\n|turn|11\n|\n|t:|1642292805\n|switch|p1a: Ferrothorn|Ferrothorn, M|61\/100 brn\n|-damage|p1a: Ferrothorn|55\/100 brn|[from] Stealth Rock\n|move|p2a: Arceus|Recover|p2a: Arceus\n|-heal|p2a: Arceus|98\/100\n|\n|-heal|p2a: Arceus|100\/100|[from] item: Leftovers\n|-damage|p1a: Ferrothorn|49\/100 brn|[from] brn\n|upkeep\n|turn|12\n|\n|t:|1642292817\n|move|p2a: Arceus|Calm Mind|p2a: Arceus\n|-boost|p2a: Arceus|spa|1\n|-boost|p2a: Arceus|spd|1\n|move|p1a: Ferrothorn|Stealth Rock|p2a: Arceus\n|-sidestart|p2: AsterJ|move: Stealth Rock\n|\n|-damage|p1a: Ferrothorn|43\/100 brn|[from] brn\n|upkeep\n|turn|13\n|\n|t:|1642292824\n|move|p2a: Arceus|Calm Mind|p2a: Arceus\n|-boost|p2a: Arceus|spa|1\n|-boost|p2a: Arceus|spd|1\n|move|p1a: Ferrothorn|Spikes|p2a: Arceus\n|-sidestart|p2: AsterJ|Spikes\n|\n|-damage|p1a: Ferrothorn|37\/100 brn|[from] brn\n|upkeep\n|turn|14\n|\n|t:|1642292831\n|move|p2a: Arceus|Calm Mind|p2a: Arceus\n|-boost|p2a: Arceus|spa|1\n|-boost|p2a: Arceus|spd|1\n|move|p1a: Ferrothorn|Spikes|p2a: Arceus\n|-sidestart|p2: AsterJ|Spikes\n|\n|-damage|p1a: Ferrothorn|31\/100 brn|[from] brn\n|upkeep\n|turn|15\n|c|\u2606Griffin07|gg\n|\n|t:|1642292837\n|move|p2a: Arceus|Calm Mind|p2a: Arceus\n|-boost|p2a: Arceus|spa|1\n|-boost|p2a: Arceus|spd|1\n|move|p1a: Ferrothorn|Spikes|p2a: Arceus\n|-sidestart|p2: AsterJ|Spikes\n|\n|-damage|p1a: Ferrothorn|25\/100 brn|[from] brn\n|upkeep\n|turn|16\n|c|\u2606AsterJ|idk about that\n|\n|t:|1642292848\n|switch|p1a: Xerneas|Xerneas|100\/100\n|-damage|p1a: Xerneas|88\/100|[from] Stealth Rock\n|-ability|p1a: Xerneas|Fairy Aura\n|move|p2a: Arceus|Calm Mind|p2a: Arceus\n|-boost|p2a: Arceus|spa|1\n|-boost|p2a: Arceus|spd|1\n|\n|upkeep\n|turn|17\n|c|\u2606Griffin07|I have one physical attacker, and I can't break sub before ghetting ohko'd\n|c|\u2606AsterJ|ahh\n|\n|t:|1642292877\n|move|p1a: Xerneas|Moonblast|p2a: Arceus\n|-activate|p2a: Arceus|move: Substitute|[damage]\n|move|p2a: Arceus|Surf|p1a: Xerneas\n|-damage|p1a: Xerneas|13\/100\n|\n|upkeep\n|turn|18\n|c|\u2606AsterJ|well then let's play it out\n|c|\u2606AsterJ|gg regardless\n|-message|Griffin07 forfeited.\n|\n|win|AsterJ\n|c|\u2606Griffin07|no need\n|c|\u2606AsterJ|gg\n|l|\u2606Griffin07\n","uploadtime":1642292898,"views":27,"p1id":"griffin07","p2id":"asterj","formatid":"gen8nationaldexdraft","rating":0,"private":0,"password":null}