{"id":"sports-gen8nationaldexdraft-631143","p1":"1-800 Get Bitches","p2":"AsterJ","format":"gen8nationaldexdraft","log":"|j|\u26061-800 Get Bitches\n|j|\u2606AsterJ\n|t:|1649698338\n|gametype|singles\n|player|p1|1-800 Get Bitches|veteran|\n|player|p2|AsterJ|asterj.png|\n|teamsize|p1|6\n|teamsize|p2|6\n|gen|8\n|tier|[Gen 8] National Dex Draft\n|rule|Sleep Clause Mod: Limit one foe put to sleep\n|rule|OHKO Clause: OHKO moves are banned\n|rule|Evasion Moves Clause: Evasion moves are banned\n|rule|Endless Battle Clause: Forcing endless battles is banned\n|rule|HP Percentage Mod: HP is shown in percentages\n|rule|Dynamax Clause: You cannot dynamax\n|clearpoke\n|poke|p1|Gliscor, F|\n|poke|p1|Greninja, F|\n|poke|p1|Rotom-Heat|\n|poke|p1|Medicham, M|\n|poke|p1|Dragapult, F|\n|poke|p1|Scizor, M|\n|poke|p2|Mismagius, M|\n|poke|p2|Zapdos|\n|poke|p2|Tyranitar, F|\n|poke|p2|Melmetal|\n|poke|p2|Nidoking, M|\n|poke|p2|Vaporeon, M|\n|teampreview\n|html|<button name=\"send\" class=\"button\" value=\"\/timer ds\"><i class=\"fa fa-hourglass-start\"><\/i> DS Timer<\/button> <button name=\"send\" class=\"button\" value=\"\/timer smogon\"><i class=\"fa fa-hourglass-start\"><\/i> Smogon Timer<\/button>\n|c|\u2606AsterJ|Hf man\n|c|\u26061-800 Get Bitches|U2\n|j| J2411\n|\n|t:|1649698457\n|start\n|switch|p1a: Greninja|Greninja, F|100\/100\n|switch|p2a: Vaporeon|Vaporeon, M|100\/100\n|turn|1\n|\n|t:|1649698467\n|move|p1a: Greninja|U-turn|p2a: Vaporeon\n|-damage|p2a: Vaporeon|90\/100\n|-damage|p1a: Greninja|84\/100|[from] item: Rocky Helmet|[of] p2a: Vaporeon\n|\n|t:|1649698528\n|switch|p1a: Gliscor|Gliscor, F|100\/100|[from]move: U-turn\n|move|p2a: Vaporeon|Flip Turn|p1a: Gliscor\n|-supereffective|p1a: Gliscor\n|-damage|p1a: Gliscor|83\/100\n|\n|t:|1649698571\n|switch|p2a: Mismagius|Mismagius, M|100\/100|[from]move: Flip Turn\n|\n|upkeep\n|turn|2\n|\n|t:|1649698606\n|switch|p1a: Greninja|Greninja, F|84\/100\n|move|p2a: Mismagius|Icy Wind|p1a: Greninja\n|-resisted|p1a: Greninja\n|-damage|p1a: Greninja|62\/100\n|-unboost|p1a: Greninja|spe|1\n|\n|upkeep\n|turn|3\n|\n|t:|1649698627\n|switch|p2a: Vaporeon|Vaporeon, M|90\/100\n|move|p1a: Greninja|Dark Pulse|p2a: Vaporeon\n|-damage|p2a: Vaporeon|61\/100\n|\n|upkeep\n|turn|4\n|\n|t:|1649698641\n|switch|p1a: Dragapult|Dragapult, F|100\/100\n|move|p2a: Vaporeon|Flip Turn|p1a: Dragapult\n|-resisted|p1a: Dragapult\n|-damage|p1a: Dragapult|93\/100\n|\n|t:|1649698648\n|switch|p2a: Tyranitar|Tyranitar, F|100\/100|[from]move: Flip Turn\n|-weather|Sandstorm|[from] ability: Sand Stream|[of] p2a: Tyranitar\n|\n|-weather|Sandstorm|[upkeep]\n|-damage|p1a: Dragapult|87\/100|[from] Sandstorm\n|upkeep\n|turn|5\n|\n|t:|1649698661\n|detailschange|p2a: Tyranitar|Tyranitar-Mega, F\n|-mega|p2a: Tyranitar|Tyranitar|Tyranitarite\n|move|p1a: Dragapult|U-turn|p2a: Tyranitar\n|-supereffective|p2a: Tyranitar\n|-damage|p2a: Tyranitar|81\/100\n|\n|t:|1649698667\n|switch|p1a: Scizor|Scizor, M|100\/100|[from]move: U-turn\n|move|p2a: Tyranitar|Stealth Rock|p1a: Scizor\n|-sidestart|p1: 1-800 Get Bitches|move: Stealth Rock\n|\n|-weather|Sandstorm|[upkeep]\n|upkeep\n|turn|6\n|\n|t:|1649698693\n|move|p2a: Tyranitar|Crunch|p1a: Scizor\n|-damage|p1a: Scizor|65\/100\n|-damage|p2a: Tyranitar|64\/100|[from] item: Rocky Helmet|[of] p1a: Scizor\n|move|p1a: Scizor|Defog|p2a: Tyranitar\n|-unboost|p2a: Tyranitar|evasion|1\n|-sideend|p1: 1-800 Get Bitches|Stealth Rock|[from] move: Defog|[of] p1a: Scizor\n|\n|-weather|Sandstorm|[upkeep]\n|upkeep\n|turn|7\n|\n|t:|1649698713\n|move|p2a: Tyranitar|Stealth Rock|p1a: Scizor\n|-sidestart|p1: 1-800 Get Bitches|move: Stealth Rock\n|move|p1a: Scizor|Roost|p1a: Scizor\n|-heal|p1a: Scizor|100\/100\n|-singleturn|p1a: Scizor|move: Roost\n|\n|-weather|Sandstorm|[upkeep]\n|upkeep\n|turn|8\n|\n|t:|1649698720\n|switch|p2a: Nidoking|Nidoking, M|100\/100\n|move|p1a: Scizor|Defog|p2a: Nidoking\n|-unboost|p2a: Nidoking|evasion|1\n|-sideend|p1: 1-800 Get Bitches|Stealth Rock|[from] move: Defog|[of] p1a: Scizor\n|\n|-weather|none\n|upkeep\n|turn|9\n|j| OPJellicent\n|j| Luxanse\n|\n|t:|1649698746\n|switch|p1a: Gliscor|Gliscor, F|83\/100\n|move|p2a: Nidoking|Sludge Wave|p1a: Gliscor\n|-resisted|p1a: Gliscor\n|-damage|p1a: Gliscor|59\/100\n|\n|upkeep\n|turn|10\n|\n|t:|1649698766\n|switch|p2a: Vaporeon|Vaporeon, M|61\/100\n|move|p1a: Gliscor|Earthquake|p2a: Vaporeon\n|-damage|p2a: Vaporeon|37\/100\n|\n|upkeep\n|turn|11\n|\n|t:|1649698788\n|move|p1a: Gliscor|Swords Dance|p1a: Gliscor\n|-boost|p1a: Gliscor|atk|2\n|move|p2a: Vaporeon|Wish|p2a: Vaporeon\n|\n|upkeep\n|turn|12\n|\n|t:|1649698793\n|switch|p2a: Mismagius|Mismagius, M|100\/100\n|move|p1a: Gliscor|Earthquake|p2a: Mismagius\n|-immune|p2a: Mismagius|[from] ability: Levitate\n|\n|upkeep\n|turn|13\n|\n|t:|1649698814\n|move|p2a: Mismagius|Shadow Ball|p1a: Gliscor\n|-damage|p1a: Gliscor|0 fnt\n|faint|p1a: Gliscor\n|\n|upkeep\n|\n|t:|1649698819\n|switch|p1a: Greninja|Greninja, F|62\/100\n|turn|14\n|\n|t:|1649698829\n|switch|p2a: Tyranitar|Tyranitar-Mega, F|64\/100\n|-weather|Sandstorm|[from] ability: Sand Stream|[of] p2a: Tyranitar\n|move|p1a: Greninja|U-turn|p2a: Tyranitar\n|-supereffective|p2a: Tyranitar\n|-damage|p2a: Tyranitar|48\/100\n|\n|t:|1649698837\n|switch|p1a: Medicham|Medicham, M|100\/100|[from]move: U-turn\n|\n|-weather|Sandstorm|[upkeep]\n|-damage|p1a: Medicham|94\/100|[from] Sandstorm\n|upkeep\n|turn|15\n|\n|t:|1649698841\n|switch|p2a: Vaporeon|Vaporeon, M|37\/100\n|detailschange|p1a: Medicham|Medicham-Mega, M\n|-mega|p1a: Medicham|Medicham|Medichamite\n|move|p1a: Medicham|High Jump Kick|p2a: Vaporeon\n|-damage|p2a: Vaporeon|0 fnt\n|-damage|p1a: Medicham|78\/100|[from] item: Rocky Helmet|[of] p2a: Vaporeon\n|faint|p2a: Vaporeon\n|\n|-weather|Sandstorm|[upkeep]\n|-damage|p1a: Medicham|72\/100|[from] Sandstorm\n|upkeep\n|\n|t:|1649698849\n|switch|p2a: Mismagius|Mismagius, M|100\/100\n|turn|16\n|\n|t:|1649698871\n|switch|p1a: Rotom|Rotom-Heat|100\/100\n|move|p2a: Mismagius|Shadow Ball|p1a: Rotom\n|-damage|p1a: Rotom|46\/100\n|\n|-weather|Sandstorm|[upkeep]\n|-damage|p2a: Mismagius|95\/100|[from] Sandstorm\n|-damage|p1a: Rotom|40\/100|[from] Sandstorm\n|-heal|p1a: Rotom|46\/100|[from] item: Leftovers\n|upkeep\n|turn|17\n|\n|t:|1649698879\n|move|p2a: Mismagius|Shadow Ball|p1a: Rotom\n|-damage|p1a: Rotom|0 fnt\n|faint|p1a: Rotom\n|\n|-weather|Sandstorm|[upkeep]\n|-damage|p2a: Mismagius|89\/100|[from] Sandstorm\n|upkeep\n|\n|t:|1649698884\n|switch|p1a: Dragapult|Dragapult, F|87\/100\n|turn|18\n|\n|t:|1649698898\n|switch|p2a: Melmetal|Melmetal|100\/100\n|move|p1a: Dragapult|Draco Meteor|p2a: Melmetal\n|-resisted|p2a: Melmetal\n|-damage|p2a: Melmetal|75\/100\n|-unboost|p1a: Dragapult|spa|2\n|\n|-weather|none\n|-heal|p2a: Melmetal|81\/100|[from] item: Leftovers\n|upkeep\n|turn|19\n|j| UnviaPuk\n|\n|t:|1649698907\n|switch|p2a: Nidoking|Nidoking, M|100\/100\n|move|p1a: Dragapult|U-turn|p2a: Nidoking\n|-resisted|p2a: Nidoking\n|-damage|p2a: Nidoking|91\/100\n|\n|t:|1649698910\n|switch|p1a: Medicham|Medicham-Mega, M|72\/100|[from]move: U-turn\n|\n|upkeep\n|turn|20\n|\n|t:|1649698961\n|switch|p2a: Tyranitar|Tyranitar-Mega, F|48\/100\n|-weather|Sandstorm|[from] ability: Sand Stream|[of] p2a: Tyranitar\n|move|p1a: Medicham|Ice Punch|p2a: Tyranitar\n|-damage|p2a: Tyranitar|19\/100\n|\n|-weather|Sandstorm|[upkeep]\n|-damage|p1a: Medicham|66\/100|[from] Sandstorm\n|upkeep\n|turn|21\n|\n|t:|1649698970\n|move|p1a: Medicham|Ice Punch|p2a: Tyranitar\n|-damage|p2a: Tyranitar|0 fnt\n|faint|p2a: Tyranitar\n|\n|-weather|Sandstorm|[upkeep]\n|-damage|p1a: Medicham|60\/100|[from] Sandstorm\n|upkeep\n|\n|t:|1649698972\n|switch|p2a: Mismagius|Mismagius, M|89\/100\n|turn|22\n|\n|t:|1649699010\n|switch|p1a: Scizor|Scizor, M|100\/100\n|move|p2a: Mismagius|Shadow Ball|p1a: Scizor\n|-damage|p1a: Scizor|30\/100\n|\n|-weather|Sandstorm|[upkeep]\n|-damage|p2a: Mismagius|83\/100|[from] Sandstorm\n|upkeep\n|turn|23\n|\n|t:|1649699017\n|move|p2a: Mismagius|Shadow Ball|p1a: Scizor\n|-damage|p1a: Scizor|0 fnt\n|faint|p1a: Scizor\n|\n|-weather|Sandstorm|[upkeep]\n|-damage|p2a: Mismagius|77\/100|[from] Sandstorm\n|upkeep\n|\n|t:|1649699022\n|switch|p1a: Dragapult|Dragapult, F|87\/100\n|turn|24\n|\n|t:|1649699029\n|switch|p2a: Melmetal|Melmetal|81\/100\n|move|p1a: Dragapult|Shadow Ball|p2a: Melmetal\n|-damage|p2a: Melmetal|49\/100\n|\n|-weather|none\n|-heal|p2a: Melmetal|55\/100|[from] item: Leftovers\n|upkeep\n|turn|25\n|\n|t:|1649699036\n|move|p1a: Dragapult|Fire Blast|p2a: Melmetal\n|-supereffective|p2a: Melmetal\n|-damage|p2a: Melmetal|0 fnt\n|faint|p2a: Melmetal\n|\n|upkeep\n|\n|t:|1649699045\n|switch|p2a: Nidoking|Nidoking, M|91\/100\n|turn|26\n|\n|t:|1649699055\n|move|p1a: Dragapult|Draco Meteor|p2a: Nidoking\n|-damage|p2a: Nidoking|57\/100\n|-unboost|p1a: Dragapult|spa|2\n|move|p2a: Nidoking|Ice Beam|p1a: Dragapult\n|-supereffective|p1a: Dragapult\n|-damage|p1a: Dragapult|22\/100\n|\n|upkeep\n|turn|27\n|\n|t:|1649699202\n|switch|p1a: Medicham|Medicham-Mega, M|60\/100\n|move|p2a: Nidoking|Sludge Wave|p1a: Medicham\n|-damage|p1a: Medicham|0 fnt\n|faint|p1a: Medicham\n|\n|upkeep\n|\n|t:|1649699205\n|switch|p1a: Greninja|Greninja, F|62\/100\n|turn|28\n|\n|t:|1649699240\n|move|p1a: Greninja|Hydro Pump|p2a: Nidoking\n|-supereffective|p2a: Nidoking\n|-damage|p2a: Nidoking|0 fnt\n|faint|p2a: Nidoking\n|\n|upkeep\n|\n|t:|1649699245\n|switch|p2a: Zapdos|Zapdos|100\/100\n|turn|29\n|\n|t:|1649699264\n|move|p1a: Greninja|Hydro Pump|p2a: Zapdos|[miss]\n|-miss|p1a: Greninja|p2a: Zapdos\n|move|p2a: Zapdos|Curse|p2a: Zapdos\n|-unboost|p2a: Zapdos|spe|1\n|-boost|p2a: Zapdos|atk|1\n|-boost|p2a: Zapdos|def|1\n|\n|upkeep\n|turn|30\n|\n|t:|1649699271\n|move|p1a: Greninja|Hydro Pump|p2a: Zapdos\n|-damage|p2a: Zapdos|63\/100\n|move|p2a: Zapdos|Curse|p2a: Zapdos\n|-unboost|p2a: Zapdos|spe|1\n|-boost|p2a: Zapdos|atk|1\n|-boost|p2a: Zapdos|def|1\n|\n|upkeep\n|turn|31\n|\n|t:|1649699279\n|switch|p1a: Dragapult|Dragapult, F|22\/100\n|move|p2a: Zapdos|Rest|p2a: Zapdos\n|-status|p2a: Zapdos|slp|[from] move: Rest\n|-heal|p2a: Zapdos|100\/100 slp|[silent]\n|\n|upkeep\n|turn|32\n|\n|t:|1649699284\n|move|p1a: Dragapult|Shadow Ball|p2a: Zapdos\n|-damage|p2a: Zapdos|72\/100 slp\n|cant|p2a: Zapdos|slp\n|move|p2a: Zapdos|Sleep Talk|p2a: Zapdos\n|move|p2a: Zapdos|Drill Peck|p1a: Dragapult|[from]move: Sleep Talk\n|-damage|p1a: Dragapult|0 fnt\n|faint|p1a: Dragapult\n|\n|upkeep\n|\n|t:|1649699287\n|switch|p1a: Greninja|Greninja, F|62\/100\n|turn|33\n|\n|t:|1649699295\n|move|p1a: Greninja|Dark Pulse|p2a: Zapdos\n|-damage|p2a: Zapdos|47\/100 slp\n|cant|p2a: Zapdos|slp\n|cant|p2a: Zapdos|flinch\n|\n|upkeep\n|turn|34\n|\n|t:|1649699302\n|move|p1a: Greninja|Dark Pulse|p2a: Zapdos\n|-damage|p2a: Zapdos|22\/100 slp\n|-enditem|p2a: Zapdos|Apicot Berry|[eat]\n|-boost|p2a: Zapdos|spd|1|[from] item: Apicot Berry\n|-curestatus|p2a: Zapdos|slp|[msg]\n|move|p2a: Zapdos|Rest|p2a: Zapdos\n|-status|p2a: Zapdos|slp|[from] move: Rest\n|-heal|p2a: Zapdos|100\/100 slp|[silent]\n|\n|upkeep\n|turn|35\n|c|\u26061-800 Get Bitches|What is this chaos\n|c|\u26061-800 Get Bitches|What shadow demons did you contact\n|\n|t:|1649699322\n|move|p1a: Greninja|Dark Pulse|p2a: Zapdos\n|-damage|p2a: Zapdos|82\/100 slp\n|cant|p2a: Zapdos|slp\n|move|p2a: Zapdos|Sleep Talk|p2a: Zapdos\n|move|p2a: Zapdos|Curse|p2a: Zapdos|[from]move: Sleep Talk\n|-unboost|p2a: Zapdos|spe|1\n|-boost|p2a: Zapdos|atk|1\n|-boost|p2a: Zapdos|def|1\n|\n|upkeep\n|turn|36\n|c|\u2606AsterJ|Sorry I misclick ed rest\n|c|\u2606AsterJ|XD\n|\n|t:|1649699331\n|move|p1a: Greninja|Dark Pulse|p2a: Zapdos\n|-damage|p2a: Zapdos|65\/100 slp\n|cant|p2a: Zapdos|slp\n|move|p2a: Zapdos|Sleep Talk|p2a: Zapdos\n|move|p2a: Zapdos|Rest||[from]move: Sleep Talk|[still]\n|-fail|p2a: Zapdos\n|\n|upkeep\n|turn|37\n|\n|t:|1649699333\n|move|p1a: Greninja|Dark Pulse|p2a: Zapdos\n|-damage|p2a: Zapdos|49\/100 slp\n|-curestatus|p2a: Zapdos|slp|[msg]\n|move|p2a: Zapdos|Drill Peck|p1a: Greninja\n|-damage|p1a: Greninja|0 fnt\n|faint|p1a: Greninja\n|\n|win|AsterJ\n|c|\u2606AsterJ|Gg\n|c|\u26061-800 Get Bitches|gg\n|l| Luxanse\n","uploadtime":1649699343,"views":58,"p1id":"1800getbitches","p2id":"asterj","formatid":"gen8nationaldexdraft","rating":0,"private":0,"password":null}