{"id":"sports-gen8nationaldexdraft-593034","p1":"Moose Plays","p2":"AsterJ","format":"gen8nationaldexdraft","log":"|j|\u2606Moose Plays\n|j|\u2606AsterJ\n|t:|1644806087\n|gametype|singles\n|player|p1|Moose Plays|steven|\n|player|p2|AsterJ|asterj.png|\n|teamsize|p1|6\n|teamsize|p2|6\n|gen|8\n|tier|[Gen 8] National Dex Draft\n|rule|Sleep Clause Mod: Limit one foe put to sleep\n|rule|OHKO Clause: OHKO moves are banned\n|rule|Evasion Moves Clause: Evasion moves are banned\n|rule|Endless Battle Clause: Forcing endless battles is banned\n|rule|HP Percentage Mod: HP is shown in percentages\n|rule|Dynamax Clause: You cannot dynamax\n|clearpoke\n|poke|p1|Tapu Koko|\n|poke|p1|Victini|\n|poke|p1|Gliscor, M|\n|poke|p1|Kommo-o, M|\n|poke|p1|Decidueye, M|\n|poke|p1|Ninetales-Alola, F|\n|poke|p2|Blacephalon|\n|poke|p2|Ferrothorn, M|\n|poke|p2|Eelektross, M|\n|poke|p2|Gallade, M|\n|poke|p2|Tapu Fini|\n|poke|p2|Regirock|\n|teampreview\n|html|<button name=\"send\" class=\"button\" value=\"\/timer ds\"><i class=\"fa fa-hourglass-start\"><\/i> DS Timer<\/button> <button name=\"send\" class=\"button\" value=\"\/timer smogon\"><i class=\"fa fa-hourglass-start\"><\/i> Smogon Timer<\/button>\n|c|\u2606Moose Plays|gl hf man\n|c|\u2606AsterJ|gl hf dude!\n|j| UnviaSlick\n|\n|t:|1644806135\n|start\n|switch|p1a: Zuko|Victini|100\/100\n|switch|p2a: Eelektross|Eelektross, M|100\/100\n|turn|1\n|\n|t:|1644806164\n|switch|p2a: Regirock|Regirock|100\/100\n|move|p1a: Zuko|Searing Shot|p2a: Regirock\n|-resisted|p2a: Regirock\n|-damage|p2a: Regirock|85\/100\n|-status|p2a: Regirock|brn\n|\n|-damage|p2a: Regirock|79\/100 brn|[from] brn\n|upkeep\n|turn|2\n|\n|t:|1644806206\n|move|p1a: Zuko|Psychic|p2a: Regirock\n|-damage|p2a: Regirock|48\/100 brn\n|move|p2a: Regirock|Stealth Rock|p1a: Zuko\n|-sidestart|p1: Moose Plays|move: Stealth Rock\n|\n|-damage|p2a: Regirock|42\/100 brn|[from] brn\n|upkeep\n|turn|3\n|\n|t:|1644806234\n|move|p1a: Zuko|Psychic|p2a: Regirock\n|-damage|p2a: Regirock|11\/100 brn\n|move|p2a: Regirock|Toxic|p1a: Zuko\n|-status|p1a: Zuko|tox\n|\n|-damage|p1a: Zuko|94\/100 tox|[from] psn\n|-damage|p2a: Regirock|5\/100 brn|[from] brn\n|upkeep\n|turn|4\n|\n|t:|1644806250\n|move|p1a: Zuko|Psychic|p2a: Regirock\n|-damage|p2a: Regirock|0 fnt\n|faint|p2a: Regirock\n|\n|-damage|p1a: Zuko|82\/100 tox|[from] psn\n|upkeep\n|\n|t:|1644806254\n|switch|p2a: Blacephalon|Blacephalon|100\/100\n|turn|5\n|\n|t:|1644806270\n|switch|p1a: Growlmon|Kommo-o, M|100\/100\n|-damage|p1a: Growlmon|94\/100|[from] Stealth Rock\n|move|p2a: Blacephalon|Calm Mind|p2a: Blacephalon\n|-boost|p2a: Blacephalon|spa|1\n|-boost|p2a: Blacephalon|spd|1\n|\n|upkeep\n|turn|6\n|\n|t:|1644806285\n|move|p2a: Blacephalon|Psychic|p1a: Growlmon\n|-supereffective|p1a: Growlmon\n|-damage|p1a: Growlmon|0 fnt\n|faint|p1a: Growlmon\n|-ability|p2a: Blacephalon|Beast Boost|boost\n|-boost|p2a: Blacephalon|spe|1\n|-damage|p2a: Blacephalon|91\/100|[from] item: Life Orb\n|\n|upkeep\n|c|\u2606Moose Plays|threat spotted\n|c|\u2606AsterJ|indeed\n|\n|t:|1644806341\n|switch|p1a: Owliver Queen|Decidueye, M|100\/100\n|-damage|p1a: Owliver Queen|88\/100|[from] Stealth Rock\n|turn|7\n|\n|t:|1644806354\n|move|p1a: Owliver Queen|Shadow Sneak|p2a: Blacephalon\n|-supereffective|p2a: Blacephalon\n|-damage|p2a: Blacephalon|1\/100\n|move|p2a: Blacephalon|Shadow Ball|p1a: Owliver Queen\n|-supereffective|p1a: Owliver Queen\n|-damage|p1a: Owliver Queen|0 fnt\n|faint|p1a: Owliver Queen\n|-ability|p2a: Blacephalon|Beast Boost|boost\n|-boost|p2a: Blacephalon|spe|1\n|-damage|p2a: Blacephalon|0 fnt|[from] item: Life Orb\n|faint|p2a: Blacephalon\n|\n|upkeep\n|j| UnviaBurrg\n|l| UnviaBurrg\n|\n|t:|1644806376\n|switch|p2a: Eelektross|Eelektross, M|100\/100\n|switch|p1a: Goliath|Gliscor, M|100\/100\n|-damage|p1a: Goliath|88\/100|[from] Stealth Rock\n|turn|8\n|\n|t:|1644806390\n|move|p1a: Goliath|Defog|p2a: Eelektross\n|-unboost|p2a: Eelektross|evasion|1\n|-sideend|p1: Moose Plays|Stealth Rock|[from] move: Defog|[of] p1a: Goliath\n|move|p2a: Eelektross|Knock Off|p1a: Goliath\n|-damage|p1a: Goliath|70\/100\n|-enditem|p1a: Goliath|Toxic Orb|[from] move: Knock Off|[of] p2a: Eelektross\n|\n|upkeep\n|turn|9\n|\n|t:|1644806398\n|move|p1a: Goliath|Knock Off|p2a: Eelektross\n|-damage|p2a: Eelektross|76\/100\n|-enditem|p2a: Eelektross|Leftovers|[from] move: Knock Off|[of] p1a: Goliath\n|move|p2a: Eelektross|Super Fang|p1a: Goliath|[miss]\n|-miss|p2a: Eelektross|p1a: Goliath\n|\n|upkeep\n|turn|10\n|\n|t:|1644806406\n|move|p1a: Goliath|Stealth Rock|p2a: Eelektross\n|-sidestart|p2: AsterJ|move: Stealth Rock\n|move|p2a: Eelektross|Super Fang|p1a: Goliath\n|-damage|p1a: Goliath|35\/100\n|\n|upkeep\n|turn|11\n|\n|t:|1644806427\n|move|p1a: Goliath|Knock Off|p2a: Eelektross\n|-damage|p2a: Eelektross|62\/100\n|move|p2a: Eelektross|Giga Drain|p1a: Goliath\n|-damage|p1a: Goliath|8\/100\n|-heal|p2a: Eelektross|75\/100|[from] drain|[of] p1a: Goliath\n|\n|upkeep\n|turn|12\n|\n|t:|1644806438\n|move|p1a: Goliath|Knock Off|p2a: Eelektross\n|-damage|p2a: Eelektross|60\/100\n|move|p2a: Eelektross|Giga Drain|p1a: Goliath\n|-damage|p1a: Goliath|0 fnt\n|-heal|p2a: Eelektross|64\/100|[from] drain|[of] p1a: Goliath\n|faint|p1a: Goliath\n|\n|upkeep\n|\n|t:|1644806458\n|switch|p1a: Zuko|Victini|82\/100 tox\n|turn|13\n|\n|t:|1644806470\n|move|p1a: Zuko|Flame Charge|p2a: Eelektross\n|-damage|p2a: Eelektross|46\/100\n|-boost|p1a: Zuko|spe|1\n|move|p2a: Eelektross|Knock Off|p1a: Zuko\n|-supereffective|p1a: Zuko\n|-damage|p1a: Zuko|33\/100 tox\n|-enditem|p1a: Zuko|Weakness Policy\n|-boost|p1a: Zuko|atk|2|[from] item: Weakness Policy\n|-boost|p1a: Zuko|spa|2|[from] item: Weakness Policy\n|\n|-damage|p1a: Zuko|27\/100 tox|[from] psn\n|upkeep\n|turn|14\n|\n|t:|1644806494\n|move|p1a: Zuko|Psychic|p2a: Eelektross\n|-damage|p2a: Eelektross|0 fnt\n|faint|p2a: Eelektross\n|\n|-damage|p1a: Zuko|15\/100 tox|[from] psn\n|upkeep\n|\n|t:|1644806507\n|switch|p2a: Gallade|Gallade, M|100\/100\n|-damage|p2a: Gallade|94\/100|[from] Stealth Rock\n|turn|15\n|\n|t:|1644806520\n|detailschange|p2a: Gallade|Gallade-Mega, M\n|-mega|p2a: Gallade|Gallade|Galladite\n|move|p1a: Zuko|Searing Shot|p2a: Gallade\n|-damage|p2a: Gallade|4\/100\n|move|p2a: Gallade|Earthquake|p1a: Zuko\n|-supereffective|p1a: Zuko\n|-damage|p1a: Zuko|0 fnt\n|faint|p1a: Zuko\n|\n|upkeep\n|\n|t:|1644806556\n|switch|p1a: Unruly A|Tapu Koko|100\/100\n|-fieldstart|move: Electric Terrain|[from] ability: Electric Surge|[of] p1a: Unruly A\n|turn|16\n|\n|t:|1644806579\n|move|p1a: Unruly A|Thunderbolt|p2a: Gallade\n|-damage|p2a: Gallade|0 fnt\n|faint|p2a: Gallade\n|\n|upkeep\n|\n|t:|1644806581\n|switch|p2a: Ferrothorn|Ferrothorn, M|100\/100\n|-damage|p2a: Ferrothorn|94\/100|[from] Stealth Rock\n|turn|17\n|\n|t:|1644806605\n|move|p1a: Unruly A|Calm Mind|p1a: Unruly A\n|-boost|p1a: Unruly A|spa|1\n|-boost|p1a: Unruly A|spd|1\n|move|p2a: Ferrothorn|Power Whip|p1a: Unruly A\n|-damage|p1a: Unruly A|37\/100\n|\n|-heal|p2a: Ferrothorn|100\/100|[from] item: Leftovers\n|upkeep\n|turn|18\n|c|\u2606Moose Plays|bruh that did so much\n|c|\u2606AsterJ|im partially attack invested\n|\n|t:|1644806648\n|move|p1a: Unruly A|Dazzling Gleam|p2a: Ferrothorn\n|-resisted|p2a: Ferrothorn\n|-damage|p2a: Ferrothorn|81\/100\n|move|p2a: Ferrothorn|Power Whip|p1a: Unruly A|[miss]\n|-miss|p2a: Ferrothorn|p1a: Unruly A\n|\n|-heal|p2a: Ferrothorn|88\/100|[from] item: Leftovers\n|upkeep\n|turn|19\n|\n|t:|1644806654\n|move|p1a: Unruly A|Thunderbolt|p2a: Ferrothorn\n|-resisted|p2a: Ferrothorn\n|-damage|p2a: Ferrothorn|58\/100\n|move|p2a: Ferrothorn|Power Whip|p1a: Unruly A|[miss]\n|-miss|p2a: Ferrothorn|p1a: Unruly A\n|\n|-heal|p2a: Ferrothorn|65\/100|[from] item: Leftovers\n|upkeep\n|turn|20\n|\n|t:|1644806659\n|move|p1a: Unruly A|Thunderbolt|p2a: Ferrothorn\n|-resisted|p2a: Ferrothorn\n|-crit|p2a: Ferrothorn\n|-damage|p2a: Ferrothorn|22\/100\n|move|p2a: Ferrothorn|Power Whip|p1a: Unruly A\n|-damage|p1a: Unruly A|0 fnt\n|faint|p1a: Unruly A\n|\n|-heal|p2a: Ferrothorn|28\/100|[from] item: Leftovers\n|-fieldend|move: Electric Terrain\n|upkeep\n|\n|t:|1644806663\n|switch|p1a: Emma Frost|Ninetales-Alola, F|100\/100\n|-weather|Hail|[from] ability: Snow Warning|[of] p1a: Emma Frost\n|turn|21\n|\n|t:|1644806668\n|move|p1a: Emma Frost|Blizzard|p2a: Ferrothorn\n|-damage|p2a: Ferrothorn|0 fnt\n|faint|p2a: Ferrothorn\n|\n|-weather|Hail|[upkeep]\n|upkeep\n|\n|t:|1644806670\n|switch|p2a: Tapu Fini|Tapu Fini|100\/100\n|-damage|p2a: Tapu Fini|88\/100|[from] Stealth Rock\n|-fieldstart|move: Misty Terrain|[from] ability: Misty Surge|[of] p2a: Tapu Fini\n|-enditem|p2a: Tapu Fini|Misty Seed\n|-boost|p2a: Tapu Fini|spd|1|[from] item: Misty Seed\n|turn|22\n|\n|t:|1644806688\n|move|p1a: Emma Frost|Freeze-Dry|p2a: Tapu Fini\n|-supereffective|p2a: Tapu Fini\n|-damage|p2a: Tapu Fini|58\/100\n|move|p2a: Tapu Fini|Surf|p1a: Emma Frost\n|-damage|p1a: Emma Frost|64\/100\n|\n|-weather|Hail|[upkeep]\n|-damage|p2a: Tapu Fini|52\/100|[from] Hail\n|upkeep\n|turn|23\n|\n|t:|1644806694\n|move|p1a: Emma Frost|Freeze-Dry|p2a: Tapu Fini\n|-supereffective|p2a: Tapu Fini\n|-damage|p2a: Tapu Fini|22\/100\n|move|p2a: Tapu Fini|Draining Kiss|p1a: Emma Frost\n|-damage|p1a: Emma Frost|42\/100\n|-heal|p2a: Tapu Fini|37\/100|[from] drain|[of] p1a: Emma Frost\n|\n|-weather|Hail|[upkeep]\n|-damage|p2a: Tapu Fini|31\/100|[from] Hail\n|upkeep\n|turn|24\n|\n|t:|1644806710\n|move|p1a: Emma Frost|Freeze-Dry|p2a: Tapu Fini\n|-supereffective|p2a: Tapu Fini\n|-damage|p2a: Tapu Fini|3\/100\n|move|p2a: Tapu Fini|Surf|p1a: Emma Frost\n|-damage|p1a: Emma Frost|3\/100\n|\n|-weather|Hail|[upkeep]\n|-damage|p2a: Tapu Fini|0 fnt|[from] Hail\n|faint|p2a: Tapu Fini\n|\n|win|Moose Plays\n|upkeep\n|c|\u2606Moose Plays|gg man sorry for power whip misses\n|c|\u2606AsterJ|ye no worries not ur fault\n|c|\u2606Moose Plays|that was kinda poop\n|c|\u2606AsterJ|guess ill just go get relegated this season XD\n|c|\u2606AsterJ|gg\n","uploadtime":1644806740,"views":33,"p1id":"mooseplays","p2id":"asterj","formatid":"gen8nationaldexdraft","rating":0,"private":0,"password":null}