{"id":"sports-gen8nationaldexdlcdraft-371167","p1":"GeniusX","p2":"SlippySlurpy","format":"gen8nationaldexdlcdraft","log":"|j|\u2606GeniusX\n|j|\u2606SlippySlurpy\n|t:|1616352826\n|player|p1|GeniusX|geniusx.gif|\n|player|p2|SlippySlurpy|169|\n|teamsize|p1|6\n|teamsize|p2|6\n|gametype|singles\n|gen|8\n|tier|[Gen 8] National Dex DLC Draft\n|rule|Sleep Clause Mod: Limit one foe put to sleep\n|rule|OHKO Clause: OHKO moves are banned\n|rule|Evasion Moves Clause: Evasion moves are banned\n|rule|Endless Battle Clause: Forcing endless battles is banned\n|rule|HP Percentage Mod: HP is shown in percentages\n|clearpoke\n|poke|p1|Porygon2|\n|poke|p1|Lopunny, M|\n|poke|p1|Regigigas|\n|poke|p1|Bibarel, F|\n|poke|p1|Cramorant, M|\n|poke|p1|Blissey, F|\n|poke|p2|Nidoqueen, F|\n|poke|p2|Weavile, M|\n|poke|p2|Arctozolt|\n|poke|p2|Ninetales-Alola, M|\n|poke|p2|Kyurem|\n|poke|p2|Golbat, F|\n|rule|Dynamax Clause: You cannot dynamax\n|teampreview\n|html|<button name=\"send\" class=\"button\" value=\"\/timer ds\"><i class=\"fa fa-hourglass-start\"><\/i> DS Timer<\/button> <button name=\"send\" class=\"button\" value=\"\/timer smogon\"><i class=\"fa fa-hourglass-start\"><\/i> Smogon Timer<\/button>\n|c|\u2606SlippySlurpy|hf frend\n|c|\u2606GeniusX|hf\n|\n|t:|1616352849\n|start\n|switch|p1a: Bibarel|Bibarel, F|100\/100\n|switch|p2a: Nidoqueen|Nidoqueen, F|100\/100\n|turn|1\n|c|\u2606SlippySlurpy|you brought like all stops to gengar\n|c|\u2606SlippySlurpy|geez\n|j| Gies\n|\n|t:|1616352866\n|move|p1a: Bibarel|Swords Dance|p1a: Bibarel\n|-boost|p1a: Bibarel|atk|4\n|move|p2a: Nidoqueen|Toxic Spikes|p1a: Bibarel\n|-sidestart|p1: GeniusX|move: Toxic Spikes\n|\n|upkeep\n|turn|2\n|\n|t:|1616352873\n|move|p1a: Bibarel|Aqua Jet|p2a: Nidoqueen\n|-supereffective|p2a: Nidoqueen\n|-enditem|p2a: Nidoqueen|Passho Berry|[eat]\n|-enditem|p2a: Nidoqueen|Passho Berry|[weaken]\n|-damage|p2a: Nidoqueen|46\/100\n|move|p2a: Nidoqueen|Poison Jab|p1a: Bibarel\n|-damage|p1a: Bibarel|19\/100\n|\n|upkeep\n|turn|3\n|j| Robert Poonda\n|c| Robert Poonda|what is this for\n|j| Unviahacker\n|\n|t:|1616352949\n|move|p1a: Bibarel|Quick Attack|p2a: Nidoqueen\n|-damage|p2a: Nidoqueen|0 fnt\n|faint|p2a: Nidoqueen\n|\n|upkeep\n|j| GFK Piranha\n|l| Unviahacker\n|\n|t:|1616352998\n|switch|p2a: Weavile|Weavile, M|100\/100\n|-ability|p2a: Weavile|Pressure\n|turn|4\n|\n|t:|1616353002\n|move|p1a: Bibarel|Quick Attack|p2a: Weavile\n|-damage|p2a: Weavile|8\/100\n|move|p2a: Weavile|Knock Off|p1a: Bibarel\n|-damage|p1a: Bibarel|0 fnt\n|-enditem|p1a: Bibarel|Yache Berry|[from] move: Knock Off|[of] p2a: Weavile\n|faint|p1a: Bibarel\n|\n|upkeep\n|\n|t:|1616353011\n|switch|p1a: Lopunny|Lopunny, M|100\/100\n|-status|p1a: Lopunny|psn\n|turn|5\n|\n|t:|1616353021\n|switch|p2a: Golbat|Golbat, F|100\/100\n|switch|p1a: Blissey|Blissey, F|100\/100\n|-status|p1a: Blissey|psn\n|\n|-damage|p1a: Blissey|88\/100 psn|[from] psn\n|upkeep\n|turn|6\n|\n|t:|1616353029\n|move|p2a: Golbat|U-turn|p1a: Blissey\n|-damage|p1a: Blissey|72\/100 psn\n|\n|t:|1616353037\n|switch|p2a: Ninetales|Ninetales-Alola, M|100\/100|[from]move: U-turn\n|-weather|Hail|[from] ability: Snow Warning|[of] p2a: Ninetales\n|move|p1a: Blissey|Stealth Rock|p2a: Ninetales\n|-sidestart|p2: SlippySlurpy|move: Stealth Rock\n|\n|-weather|Hail|[upkeep]\n|-damage|p1a: Blissey|66\/100 psn|[from] Hail\n|-heal|p1a: Blissey|72\/100 psn|[from] item: Leftovers\n|-damage|p1a: Blissey|60\/100 psn|[from] psn\n|upkeep\n|turn|7\n|\n|t:|1616353045\n|move|p2a: Ninetales|Nasty Plot|p2a: Ninetales\n|-boost|p2a: Ninetales|spa|2\n|move|p1a: Blissey|Teleport|p1a: Blissey\n|\n|t:|1616353049\n|switch|p1a: Lopunny|Lopunny, M|100\/100 psn|[from]move: Teleport\n|\n|-weather|Hail|[upkeep]\n|-damage|p1a: Lopunny|94\/100 psn|[from] Hail\n|-damage|p1a: Lopunny|82\/100 psn|[from] psn\n|upkeep\n|turn|8\n|\n|t:|1616353053\n|detailschange|p1a: Lopunny|Lopunny-Mega, M\n|-mega|p1a: Lopunny|Lopunny|Lopunnite\n|move|p1a: Lopunny|Encore|p2a: Ninetales\n|-start|p2a: Ninetales|Encore\n|move|p2a: Ninetales|Nasty Plot|p2a: Ninetales\n|-boost|p2a: Ninetales|spa|2\n|\n|-weather|Hail|[upkeep]\n|-damage|p1a: Lopunny|76\/100 psn|[from] Hail\n|-damage|p1a: Lopunny|63\/100 psn|[from] psn\n|upkeep\n|turn|9\n|\n|t:|1616353064\n|switch|p2a: Golbat|Golbat, F|100\/100\n|-damage|p2a: Golbat|76\/100|[from] Stealth Rock\n|move|p1a: Lopunny|Mega Kick|p2a: Golbat\n|-damage|p2a: Golbat|0 fnt\n|faint|p2a: Golbat\n|\n|-weather|Hail|[upkeep]\n|-damage|p1a: Lopunny|57\/100 psn|[from] Hail\n|-damage|p1a: Lopunny|45\/100 psn|[from] psn\n|upkeep\n|\n|t:|1616353073\n|switch|p2a: Arctozolt|Arctozolt|100\/100\n|turn|10\n|\n|t:|1616353076\n|switch|p1a: Porygon2|Porygon2, shiny|100\/100\n|-status|p1a: Porygon2|psn\n|-ability|p1a: Porygon2|Slush Rush|[from] ability: Trace|[of] p2a: Arctozolt\n|move|p2a: Arctozolt|Bolt Beak|p1a: Porygon2\n|-damage|p1a: Porygon2|46\/100 psn\n|\n|-weather|Hail|[upkeep]\n|-damage|p1a: Porygon2|39\/100 psn|[from] Hail\n|-damage|p1a: Porygon2|27\/100 psn|[from] psn\n|upkeep\n|turn|11\n|\n|t:|1616353081\n|move|p1a: Porygon2|Recover|p1a: Porygon2\n|-heal|p1a: Porygon2|77\/100 psn\n|move|p2a: Arctozolt|Bolt Beak|p1a: Porygon2\n|-damage|p1a: Porygon2|51\/100 psn\n|\n|-weather|Hail|[upkeep]\n|-damage|p1a: Porygon2|45\/100 psn|[from] Hail\n|-damage|p1a: Porygon2|33\/100 psn|[from] psn\n|upkeep\n|turn|12\n|\n|t:|1616353085\n|move|p1a: Porygon2|Recover|p1a: Porygon2\n|-heal|p1a: Porygon2|83\/100 psn\n|move|p2a: Arctozolt|Taunt|p1a: Porygon2\n|-start|p1a: Porygon2|move: Taunt\n|\n|-weather|Hail|[upkeep]\n|-damage|p1a: Porygon2|77\/100 psn|[from] Hail\n|-damage|p1a: Porygon2|65\/100 psn|[from] psn\n|upkeep\n|turn|13\n|\n|t:|1616353088\n|move|p1a: Porygon2|Tri Attack|p2a: Arctozolt\n|-damage|p2a: Arctozolt|67\/100\n|-status|p2a: Arctozolt|brn\n|move|p2a: Arctozolt|Bolt Beak|p1a: Porygon2\n|-damage|p1a: Porygon2|51\/100 psn\n|\n|-weather|none\n|-damage|p1a: Porygon2|39\/100 psn|[from] psn\n|-damage|p2a: Arctozolt|61\/100 brn|[from] brn\n|upkeep\n|turn|14\n|c|\u2606SlippySlurpy|rip :(\n|\n|t:|1616353099\n|move|p1a: Porygon2|Tri Attack|p2a: Arctozolt\n|-damage|p2a: Arctozolt|25\/100 brn\n|move|p2a: Arctozolt|Bolt Beak|p1a: Porygon2\n|-damage|p1a: Porygon2|25\/100 psn\n|\n|-damage|p1a: Porygon2|13\/100 psn|[from] psn\n|-damage|p2a: Arctozolt|19\/100 brn|[from] brn\n|upkeep\n|turn|15\n|\n|t:|1616353102\n|move|p1a: Porygon2|Tri Attack|p2a: Arctozolt\n|-crit|p2a: Arctozolt\n|-damage|p2a: Arctozolt|0 fnt\n|faint|p2a: Arctozolt\n|\n|-damage|p1a: Porygon2|0 fnt|[from] psn\n|faint|p1a: Porygon2\n|upkeep\n|\n|t:|1616353116\n|switch|p1a: Lopunny|Lopunny-Mega, M|45\/100 psn\n|switch|p2a: Ninetales|Ninetales-Alola, M|100\/100\n|-damage|p2a: Ninetales|76\/100|[from] Stealth Rock\n|-weather|Hail|[from] ability: Snow Warning|[of] p2a: Ninetales\n|turn|16\n|\n|t:|1616353123\n|move|p1a: Lopunny|Close Combat|p2a: Ninetales\n|-damage|p2a: Ninetales|0 fnt\n|-unboost|p1a: Lopunny|def|1\n|-unboost|p1a: Lopunny|spd|1\n|faint|p2a: Ninetales\n|\n|-weather|Hail|[upkeep]\n|-damage|p1a: Lopunny|39\/100 psn|[from] Hail\n|-damage|p1a: Lopunny|26\/100 psn|[from] psn\n|upkeep\n|\n|t:|1616353127\n|switch|p2a: Weavile|Weavile, M|8\/100\n|-ability|p2a: Weavile|Pressure\n|turn|17\n|\n|t:|1616353140\n|switch|p1a: Regigigas|Regigigas|100\/100\n|-status|p1a: Regigigas|psn\n|-start|p1a: Regigigas|ability: Slow Start\n|switch|p2a: Kyurem|Kyurem|100\/100\n|-ability|p2a: Kyurem|Pressure\n|\n|-weather|Hail|[upkeep]\n|-damage|p1a: Regigigas|94\/100 psn|[from] Hail\n|-heal|p1a: Regigigas|100\/100 psn|[from] item: Leftovers\n|-damage|p1a: Regigigas|88\/100 psn|[from] psn\n|upkeep\n|turn|18\n|\n|t:|1616353152\n|move|p2a: Kyurem|Substitute|p2a: Kyurem\n|-start|p2a: Kyurem|Substitute\n|-damage|p2a: Kyurem|76\/100\n|move|p1a: Regigigas|Power-Up Punch|p2a: Kyurem\n|-supereffective|p2a: Kyurem\n|-activate|p2a: Kyurem|move: Substitute|[damage]\n|-boost|p1a: Regigigas|atk|1\n|\n|-weather|Hail|[upkeep]\n|-damage|p1a: Regigigas|82\/100 psn|[from] Hail\n|-heal|p1a: Regigigas|88\/100 psn|[from] item: Leftovers\n|-damage|p1a: Regigigas|76\/100 psn|[from] psn\n|upkeep\n|turn|19\n|\n|t:|1616353158\n|move|p2a: Kyurem|Dragon Dance|p2a: Kyurem\n|-boost|p2a: Kyurem|atk|1\n|-boost|p2a: Kyurem|spe|1\n|move|p1a: Regigigas|Power-Up Punch|p2a: Kyurem\n|-supereffective|p2a: Kyurem\n|-end|p2a: Kyurem|Substitute\n|-boost|p1a: Regigigas|atk|1\n|\n|-weather|Hail|[upkeep]\n|-damage|p1a: Regigigas|70\/100 psn|[from] Hail\n|-heal|p1a: Regigigas|76\/100 psn|[from] item: Leftovers\n|-damage|p1a: Regigigas|63\/100 psn|[from] psn\n|upkeep\n|turn|20\n|\n|t:|1616353164\n|move|p2a: Kyurem|Dragon Dance|p2a: Kyurem\n|-boost|p2a: Kyurem|atk|1\n|-boost|p2a: Kyurem|spe|1\n|move|p1a: Regigigas|Heavy Slam|p2a: Kyurem\n|-supereffective|p2a: Kyurem\n|-damage|p2a: Kyurem|44\/100\n|\n|-weather|Hail|[upkeep]\n|-damage|p1a: Regigigas|57\/100 psn|[from] Hail\n|-heal|p1a: Regigigas|63\/100 psn|[from] item: Leftovers\n|-damage|p1a: Regigigas|51\/100 psn|[from] psn\n|upkeep\n|turn|21\n|\n|t:|1616353170\n|move|p2a: Kyurem|Icicle Spear|p1a: Regigigas\n|-damage|p1a: Regigigas|30\/100 psn\n|-damage|p1a: Regigigas|8\/100 psn\n|-hitcount|p1a: Regigigas|2\n|move|p1a: Regigigas|Heavy Slam|p2a: Kyurem\n|-supereffective|p2a: Kyurem\n|-damage|p2a: Kyurem|12\/100\n|\n|-weather|Hail|[upkeep]\n|-damage|p1a: Regigigas|1\/100 psn|[from] Hail\n|-heal|p1a: Regigigas|8\/100 psn|[from] item: Leftovers\n|-damage|p1a: Regigigas|0 fnt|[from] psn\n|faint|p1a: Regigigas\n|-end|p1a: Regigigas|Slow Start|[silent]\n|upkeep\n|\n|t:|1616353173\n|switch|p1a: Lopunny|Lopunny-Mega, M|26\/100 psn\n|turn|22\n|\n|t:|1616353179\n|move|p1a: Lopunny|Fake Out|p2a: Kyurem\n|-damage|p2a: Kyurem|0 fnt\n|faint|p2a: Kyurem\n|\n|-weather|Hail|[upkeep]\n|-damage|p1a: Lopunny|20\/100 psn|[from] Hail\n|-damage|p1a: Lopunny|8\/100 psn|[from] psn\n|upkeep\n|\n|t:|1616353181\n|switch|p2a: Weavile|Weavile, M|8\/100\n|-ability|p2a: Weavile|Pressure\n|turn|23\n|\n|t:|1616353185\n|switch|p1a: Blissey|Blissey, F|60\/100\n|-status|p1a: Blissey|psn\n|move|p2a: Weavile|Knock Off|p1a: Blissey\n|-damage|p1a: Blissey|18\/100 psn\n|-enditem|p1a: Blissey|Leftovers|[from] move: Knock Off|[of] p2a: Weavile\n|\n|-weather|none\n|-damage|p1a: Blissey|6\/100 psn|[from] psn\n|upkeep\n|turn|24\n|\n|t:|1616353190\n|move|p2a: Weavile|Knock Off|p1a: Blissey\n|-damage|p1a: Blissey|0 fnt\n|faint|p1a: Blissey\n|\n|upkeep\n|\n|t:|1616353191\n|switch|p1a: Cramorant|Cramorant, M|100\/100\n|turn|25\n|\n|t:|1616353195\n|move|p2a: Weavile|Knock Off|p1a: Cramorant\n|-damage|p1a: Cramorant|1\/100\n|-enditem|p1a: Cramorant|Weakness Policy|[from] move: Knock Off|[of] p2a: Weavile\n|move|p1a: Cramorant|Agility|p1a: Cramorant\n|-boost|p1a: Cramorant|spe|2\n|\n|upkeep\n|turn|26\n|\n|t:|1616353198\n|move|p1a: Cramorant|Surf|p2a: Weavile\n|-formechange|p1a: Cramorant|Cramorant-Gorging|\n|-damage|p2a: Weavile|0 fnt\n|faint|p2a: Weavile\n|\n|win|GeniusX\n|c|\u2606SlippySlurpy|gg wp frend\n|c|\u2606GeniusX|gg\n|l|\u2606SlippySlurpy\n","uploadtime":1616353204,"views":36,"p1id":"geniusx","p2id":"slippyslurpy","formatid":"gen8nationaldexdlcdraft","rating":0,"private":0,"password":null}