{"id":"sports-gen8nationaldexdraft-601869","p1":"Amerillo","p2":"MAVERICK SHOOTERS","format":"gen8nationaldexdraft","log":"|j|\u2606Amerillo\n|j|\u2606MAVERICK SHOOTERS\n|t:|1645893164\n|gametype|singles\n|player|p1|Amerillo|amerillo.gif|\n|player|p2|MAVERICK SHOOTERS|2|\n|teamsize|p1|6\n|teamsize|p2|6\n|gen|8\n|tier|[Gen 8] National Dex Draft\n|rule|Sleep Clause Mod: Limit one foe put to sleep\n|rule|OHKO Clause: OHKO moves are banned\n|rule|Evasion Moves Clause: Evasion moves are banned\n|rule|Endless Battle Clause: Forcing endless battles is banned\n|rule|HP Percentage Mod: HP is shown in percentages\n|rule|Dynamax Clause: You cannot dynamax\n|clearpoke\n|poke|p1|Porygon2|\n|poke|p1|Scizor, F|\n|poke|p1|Ninetales-Alola, F|\n|poke|p1|Cofagrigus, M|\n|poke|p1|Scrafty, F|\n|poke|p1|Salamence, M|\n|poke|p2|Landorus, M|\n|poke|p2|Latias, F|\n|poke|p2|Milotic, M|\n|poke|p2|Aggron, F|\n|poke|p2|Silvally-*|\n|poke|p2|Zarude|\n|teampreview\n|html|<button name=\"send\" class=\"button\" value=\"\/timer ds\"><i class=\"fa fa-hourglass-start\"><\/i> DS Timer<\/button> <button name=\"send\" class=\"button\" value=\"\/timer smogon\"><i class=\"fa fa-hourglass-start\"><\/i> Smogon Timer<\/button>\n|c|\u2606Amerillo|Glhf\n|c|\u2606MAVERICK SHOOTERS|hf\n|c|\u2606Amerillo|Can u link plz\n|j| PorygonTheBot\n|c| PorygonTheBot|y'all suck\n|c|\u2606MAVERICK SHOOTERS|with the prep i have brought i should lose \n|c|\u2606Amerillo|Nah. Im bad\n|c|\u2606MAVERICK SHOOTERS|also wait\n|c|\u2606MAVERICK SHOOTERS|NO XURKITREE\n|c|\u2606MAVERICK SHOOTERS|wtfff\n|\n|t:|1645893234\n|start\n|switch|p1a: Turn 6 GG|Scrafty, F|100\/100\n|switch|p2a: Zarude|Zarude|100\/100\n|-ability|p1a: Turn 6 GG|Intimidate|boost\n|-unboost|p2a: Zarude|atk|1\n|turn|1\n|\n|t:|1645893247\n|move|p2a: Zarude|U-turn|p1a: Turn 6 GG\n|-damage|p1a: Turn 6 GG|82\/100\n|j| Pinapple321\n|c| Pinapple321|gl hf both\n|c|\u2606Amerillo|U see. I have 7 mons. Alola Slash is on my team too\n|\n|t:|1645893318\n|switch|p2a: Milotic|Milotic, M|100\/100|[from]move: U-turn\n|move|p1a: Turn 6 GG|Super Fang|p2a: Milotic\n|-damage|p2a: Milotic|51\/100\n|\n|-status|p2a: Milotic|brn|[from] item: Flame Orb\n|upkeep\n|turn|2\n|c|\u2606MAVERICK SHOOTERS|oh its this set\n|c|\u2606MAVERICK SHOOTERS|damn\n|c|\u2606MAVERICK SHOOTERS|now show me dd on my haze\n|c|\u2606MAVERICK SHOOTERS|bulk ups fine too\n|j| VanillaSnorlax\n|c| VanillaSnorlax|Glhf\n|\n|t:|1645893376\n|switch|p1a: Nilla Goat|Ninetales-Alola, F|100\/100\n|-weather|Hail|[from] ability: Snow Warning|[of] p1a: Nilla Goat\n|move|p2a: Milotic|Recover|p2a: Milotic\n|-heal|p2a: Milotic|100\/100 brn\n|\n|-weather|Hail|[upkeep]\n|-damage|p2a: Milotic|94\/100 brn|[from] Hail\n|-damage|p2a: Milotic|88\/100 brn|[from] brn\n|upkeep\n|turn|3\n|c|\u2606MAVERICK SHOOTERS|nilla ur wish may come true \n|c|\u2606MAVERICK SHOOTERS|with my prep\n|\n|t:|1645893405\n|switch|p2a: Aggron|Aggron, F|100\/100\n|move|p1a: Nilla Goat|Blizzard|p2a: Aggron\n|-resisted|p2a: Aggron\n|-damage|p2a: Aggron|78\/100\n|\n|-weather|Hail|[upkeep]\n|-damage|p2a: Aggron|72\/100|[from] Hail\n|upkeep\n|turn|4\n|\n|t:|1645893431\n|switch|p1a: No Flaps Given|Salamence, M|100\/100\n|-ability|p1a: No Flaps Given|Intimidate|boost\n|-unboost|p2a: Aggron|atk|1\n|detailschange|p2a: Aggron|Aggron-Mega, F\n|-mega|p2a: Aggron|Aggron|Aggronite\n|move|p2a: Aggron|Curse|p2a: Aggron\n|-unboost|p2a: Aggron|spe|1\n|-boost|p2a: Aggron|atk|1\n|-boost|p2a: Aggron|def|1\n|\n|-weather|Hail|[upkeep]\n|-damage|p1a: No Flaps Given|94\/100|[from] Hail\n|-damage|p2a: Aggron|66\/100|[from] Hail\n|upkeep\n|turn|5\n|\n|t:|1645893442\n|switch|p2a: Milotic|Milotic, M|88\/100 brn\n|move|p1a: No Flaps Given|Roar|p2a: Milotic\n|drag|p2a: Landorus|Landorus, M|100\/100\n|\n|-weather|Hail|[upkeep]\n|-damage|p2a: Landorus|94\/100|[from] Hail\n|-damage|p1a: No Flaps Given|88\/100|[from] Hail\n|upkeep\n|turn|6\n|c|\u2606MAVERICK SHOOTERS|oohh\n|c|\u2606MAVERICK SHOOTERS|yeah\n|c|\u2606MAVERICK SHOOTERS|pls stay in \n|\n|t:|1645893474\n|switch|p2a: Milotic|Milotic, M|88\/100 brn\n|switch|p1a: Prison Rule|Porygon2|100\/100\n|\n|-weather|none\n|-damage|p2a: Milotic|82\/100 brn|[from] brn\n|upkeep\n|turn|7\n|j| J2411\n|\n|t:|1645893488\n|move|p2a: Milotic|Scald|p1a: Prison Rule\n|-damage|p1a: Prison Rule|84\/100\n|move|p1a: Prison Rule|Teleport|p1a: Prison Rule\n|\n|t:|1645893498\n|switch|p1a: Nilla Goat|Ninetales-Alola, F|100\/100|[from]move: Teleport\n|-weather|Hail|[from] ability: Snow Warning|[of] p1a: Nilla Goat\n|\n|-weather|Hail|[upkeep]\n|-damage|p2a: Milotic|76\/100 brn|[from] Hail\n|-damage|p2a: Milotic|70\/100 brn|[from] brn\n|upkeep\n|turn|8\n|j| The Master Update\n|j| Lukatsukio\n|j| Kerthwack\n|l| Kerthwack\n|j| Kerthwack\n|\n|t:|1645893585\n|move|p1a: Nilla Goat|Freeze-Dry|p2a: Milotic\n|-supereffective|p2a: Milotic\n|-damage|p2a: Milotic|35\/100 brn\n|move|p2a: Milotic|Recover|p2a: Milotic\n|-heal|p2a: Milotic|85\/100 brn\n|\n|-weather|Hail|[upkeep]\n|-damage|p2a: Milotic|79\/100 brn|[from] Hail\n|-damage|p2a: Milotic|73\/100 brn|[from] brn\n|upkeep\n|turn|9\n|j| LatiGOD\n|j| DashingSceptile\n|\n|t:|1645893596\n|switch|p2a: Aggron|Aggron-Mega, F|66\/100\n|move|p1a: Nilla Goat|Freeze-Dry|p2a: Aggron\n|-resisted|p2a: Aggron\n|-damage|p2a: Aggron|54\/100\n|\n|-weather|Hail|[upkeep]\n|-damage|p2a: Aggron|47\/100|[from] Hail\n|upkeep\n|turn|10\n|j| Meeto\n|\n|t:|1645893628\n|switch|p1a: Turn 6 GG|Scrafty, F|82\/100\n|-ability|p1a: Turn 6 GG|Intimidate|boost\n|-unboost|p2a: Aggron|atk|1\n|move|p2a: Aggron|Rest|p2a: Aggron\n|-status|p2a: Aggron|slp|[from] move: Rest\n|-heal|p2a: Aggron|100\/100 slp|[silent]\n|\n|-weather|Hail|[upkeep]\n|-damage|p1a: Turn 6 GG|76\/100|[from] Hail\n|-damage|p2a: Aggron|94\/100 slp|[from] Hail\n|upkeep\n|turn|11\n|\n|t:|1645893640\n|move|p1a: Turn 6 GG|Super Fang|p2a: Aggron\n|-damage|p2a: Aggron|47\/100 slp\n|cant|p2a: Aggron|slp\n|move|p2a: Aggron|Sleep Talk|p2a: Aggron\n|move|p2a: Aggron|Rest||[from]move: Sleep Talk|[still]\n|-fail|p2a: Aggron\n|\n|-weather|none\n|upkeep\n|turn|12\n|\n|t:|1645893645\n|move|p1a: Turn 6 GG|Drain Punch|p2a: Aggron\n|-supereffective|p2a: Aggron\n|-damage|p2a: Aggron|29\/100 slp\n|-heal|p1a: Turn 6 GG|86\/100|[from] drain|[of] p2a: Aggron\n|cant|p2a: Aggron|slp\n|move|p2a: Aggron|Sleep Talk|p2a: Aggron\n|move|p2a: Aggron|Heavy Slam|p1a: Turn 6 GG|[from]move: Sleep Talk\n|-damage|p1a: Turn 6 GG|57\/100\n|\n|upkeep\n|turn|13\n|l| Kerthwack\n|\n|t:|1645893655\n|move|p1a: Turn 6 GG|Drain Punch|p2a: Aggron\n|-supereffective|p2a: Aggron\n|-damage|p2a: Aggron|13\/100 slp\n|-heal|p1a: Turn 6 GG|65\/100|[from] drain|[of] p2a: Aggron\n|-curestatus|p2a: Aggron|slp|[msg]\n|move|p2a: Aggron|Rest|p2a: Aggron\n|-status|p2a: Aggron|slp|[from] move: Rest\n|-heal|p2a: Aggron|100\/100 slp|[silent]\n|\n|upkeep\n|turn|14\n|\n|t:|1645893663\n|move|p1a: Turn 6 GG|Super Fang|p2a: Aggron\n|-damage|p2a: Aggron|51\/100 slp\n|cant|p2a: Aggron|slp\n|move|p2a: Aggron|Sleep Talk|p2a: Aggron\n|move|p2a: Aggron|Heavy Slam|p1a: Turn 6 GG|[from]move: Sleep Talk\n|-damage|p1a: Turn 6 GG|35\/100\n|\n|upkeep\n|turn|15\n|\n|t:|1645893672\n|switch|p1a: No Flaps Given|Salamence, M|88\/100\n|-ability|p1a: No Flaps Given|Intimidate|boost\n|-unboost|p2a: Aggron|atk|1\n|cant|p2a: Aggron|slp\n|move|p2a: Aggron|Sleep Talk|p2a: Aggron\n|move|p2a: Aggron|Curse|p2a: Aggron|[from]move: Sleep Talk\n|-unboost|p2a: Aggron|spe|1\n|-boost|p2a: Aggron|atk|1\n|-boost|p2a: Aggron|def|1\n|\n|upkeep\n|turn|16\n|\n|t:|1645893690\n|switch|p2a: Milotic|Milotic, M|73\/100 brn\n|move|p1a: No Flaps Given|Earthquake|p2a: Milotic\n|-damage|p2a: Milotic|53\/100 brn\n|\n|-damage|p2a: Milotic|47\/100 brn|[from] brn\n|upkeep\n|turn|17\n|j| Bronzooor\n|\n|t:|1645893714\n|switch|p1a: Nilla Goat|Ninetales-Alola, F|100\/100\n|-weather|Hail|[from] ability: Snow Warning|[of] p1a: Nilla Goat\n|move|p2a: Milotic|Recover|p2a: Milotic\n|-heal|p2a: Milotic|97\/100 brn\n|\n|-weather|Hail|[upkeep]\n|-damage|p2a: Milotic|91\/100 brn|[from] Hail\n|-damage|p2a: Milotic|85\/100 brn|[from] brn\n|upkeep\n|turn|18\n|j| Kerthwack\n|\n|t:|1645893726\n|move|p1a: Nilla Goat|Nasty Plot|p1a: Nilla Goat\n|-boost|p1a: Nilla Goat|spa|2\n|move|p2a: Milotic|Recover|p2a: Milotic\n|-heal|p2a: Milotic|100\/100 brn\n|\n|-weather|Hail|[upkeep]\n|-damage|p2a: Milotic|94\/100 brn|[from] Hail\n|-damage|p2a: Milotic|88\/100 brn|[from] brn\n|upkeep\n|turn|19\n|c| Kerthwack|Plays have been made\n|\n|t:|1645893776\n|switch|p2a: Zarude|Zarude|100\/100\n|move|p1a: Nilla Goat|Freeze-Dry|p2a: Zarude\n|-supereffective|p2a: Zarude\n|-crit|p2a: Zarude\n|-damage|p2a: Zarude|0 fnt\n|faint|p2a: Zarude\n|\n|-weather|Hail|[upkeep]\n|upkeep\n|\n|t:|1645893783\n|switch|p2a: Latias|Latias, F|100\/100\n|turn|20\n|\n|t:|1645893805\n|switch|p1a: Prison Rule|Porygon2|84\/100\n|move|p2a: Latias|Mystical Fire|p1a: Prison Rule\n|-damage|p1a: Prison Rule|71\/100\n|-unboost|p1a: Prison Rule|spa|1\n|\n|-weather|Hail|[upkeep]\n|-damage|p2a: Latias|95\/100|[from] Hail\n|-damage|p1a: Prison Rule|65\/100|[from] Hail\n|upkeep\n|turn|21\n|\n|t:|1645893826\n|switch|p2a: Silvally|Silvally|100\/100\n|move|p1a: Prison Rule|Teleport|p1a: Prison Rule\n|\n|t:|1645893845\n|switch|p1a: Turn 6 GG|Scrafty, F|35\/100|[from]move: Teleport\n|-ability|p1a: Turn 6 GG|Intimidate|boost\n|-unboost|p2a: Silvally|atk|1\n|\n|-weather|none\n|upkeep\n|turn|22\n|\n|t:|1645893895\n|switch|p2a: Milotic|Milotic, M|88\/100 brn\n|switch|p1a: No Flaps Given|Salamence, M|88\/100\n|-ability|p1a: No Flaps Given|Intimidate|boost\n|-unboost|p2a: Milotic|atk|1\n|\n|-damage|p2a: Milotic|82\/100 brn|[from] brn\n|upkeep\n|turn|23\n|\n|t:|1645893907\n|switch|p1a: Prison Rule|Porygon2|65\/100\n|move|p2a: Milotic|Flip Turn|p1a: Prison Rule\n|-damage|p1a: Prison Rule|63\/100\n|\n|t:|1645893916\n|switch|p2a: Aggron|Aggron-Mega, F|51\/100 slp|[from]move: Flip Turn\n|\n|upkeep\n|turn|24\n|\n|t:|1645893939\n|-curestatus|p2a: Aggron|slp|[msg]\n|move|p2a: Aggron|Curse|p2a: Aggron\n|-unboost|p2a: Aggron|spe|1\n|-boost|p2a: Aggron|atk|1\n|-boost|p2a: Aggron|def|1\n|move|p1a: Prison Rule|Thunder Wave|p2a: Aggron\n|-status|p2a: Aggron|par\n|\n|upkeep\n|turn|25\n|\n|t:|1645893950\n|switch|p1a: No Flaps Given|Salamence, M|88\/100\n|-ability|p1a: No Flaps Given|Intimidate|boost\n|-unboost|p2a: Aggron|atk|1\n|move|p2a: Aggron|Heavy Slam|p1a: No Flaps Given\n|-damage|p1a: No Flaps Given|51\/100\n|\n|upkeep\n|turn|26\n|\n|t:|1645893957\n|move|p1a: No Flaps Given|Roost|p1a: No Flaps Given\n|-heal|p1a: No Flaps Given|100\/100\n|-singleturn|p1a: No Flaps Given|move: Roost\n|move|p2a: Aggron|Rest|p2a: Aggron\n|-status|p2a: Aggron|slp|[from] move: Rest\n|-heal|p2a: Aggron|100\/100 slp|[silent]\n|\n|upkeep\n|turn|27\n|\n|t:|1645893968\n|cant|p2a: Aggron|slp\n|move|p2a: Aggron|Sleep Talk|p2a: Aggron\n|move|p2a: Aggron|Rest||[from]move: Sleep Talk|[still]\n|-fail|p2a: Aggron\n|move|p1a: No Flaps Given|Roar|p2a: Aggron\n|drag|p2a: Silvally|Silvally|100\/100\n|\n|upkeep\n|turn|28\n|\n|t:|1645893997\n|move|p2a: Silvally|Ice Beam|p1a: No Flaps Given\n|-supereffective|p1a: No Flaps Given\n|-damage|p1a: No Flaps Given|6\/100\n|move|p1a: No Flaps Given|Toxic|p2a: Silvally\n|-status|p2a: Silvally|tox\n|\n|-damage|p2a: Silvally|94\/100 tox|[from] psn\n|upkeep\n|turn|29\n|c|\u2606MAVERICK SHOOTERS|why tf this lived\n|c|\u2606MAVERICK SHOOTERS|smh \n|\n|t:|1645894039\n|switch|p1a: Prison Rule|Porygon2|63\/100\n|move|p2a: Silvally|Toxic|p1a: Prison Rule\n|-status|p1a: Prison Rule|tox\n|\n|-damage|p2a: Silvally|82\/100 tox|[from] psn\n|-damage|p1a: Prison Rule|57\/100 tox|[from] psn\n|upkeep\n|turn|30\n|\n|t:|1645894060\n|switch|p2a: Aggron|Aggron-Mega, F|100\/100 slp\n|move|p1a: Prison Rule|Recover|p1a: Prison Rule\n|-heal|p1a: Prison Rule|100\/100 tox\n|\n|-damage|p1a: Prison Rule|88\/100 tox|[from] psn\n|upkeep\n|turn|31\n|\n|t:|1645894070\n|switch|p1a: Turn 6 GG|Scrafty, F|35\/100\n|-ability|p1a: Turn 6 GG|Intimidate|boost\n|-unboost|p2a: Aggron|atk|1\n|cant|p2a: Aggron|slp\n|move|p2a: Aggron|Sleep Talk|p2a: Aggron\n|move|p2a: Aggron|Heavy Slam|p1a: Turn 6 GG|[from]move: Sleep Talk\n|-damage|p1a: Turn 6 GG|3\/100\n|\n|upkeep\n|turn|32\n|l| VanillaSnorlax\n|\n|t:|1645894084\n|move|p1a: Turn 6 GG|Super Fang|p2a: Aggron\n|-damage|p2a: Aggron|51\/100 slp\n|-curestatus|p2a: Aggron|slp|[msg]\n|move|p2a: Aggron|Heavy Slam|p1a: Turn 6 GG\n|-damage|p1a: Turn 6 GG|0 fnt\n|faint|p1a: Turn 6 GG\n|\n|upkeep\n|\n|t:|1645894090\n|switch|p1a: No Flaps Given|Salamence, M|6\/100\n|-ability|p1a: No Flaps Given|Intimidate|boost\n|-unboost|p2a: Aggron|atk|1\n|turn|33\n|j| Chairman Vanilla\n|c|\u2606MAVERICK SHOOTERS|gimme a few mins \n|c|\u2606MAVERICK SHOOTERS|my plays will be a bit delayed for a while\n|\n|t:|1645894258\n|switch|p2a: Latias|Latias, F|95\/100\n|move|p1a: No Flaps Given|Roost|p1a: No Flaps Given\n|-heal|p1a: No Flaps Given|56\/100\n|-singleturn|p1a: No Flaps Given|move: Roost\n|\n|upkeep\n|turn|34\n|j| this is kylar\n|\n|t:|1645894305\n|switch|p2a: Aggron|Aggron-Mega, F|51\/100\n|switch|p1a: Prison Rule|Porygon2|88\/100 tox\n|\n|-damage|p1a: Prison Rule|82\/100 tox|[from] psn\n|upkeep\n|turn|35\n|\n|t:|1645894317\n|switch|p1a: No Flaps Given|Salamence, M|56\/100\n|-ability|p1a: No Flaps Given|Intimidate|boost\n|-unboost|p2a: Aggron|atk|1\n|move|p2a: Aggron|Curse|p2a: Aggron\n|-unboost|p2a: Aggron|spe|1\n|-boost|p2a: Aggron|atk|1\n|-boost|p2a: Aggron|def|1\n|\n|upkeep\n|turn|36\n|\n|t:|1645894331\n|switch|p1a: Mavs Play-off Run|Cofagrigus, M|100\/100\n|move|p2a: Aggron|Rest|p2a: Aggron\n|-status|p2a: Aggron|slp|[from] move: Rest\n|-heal|p2a: Aggron|100\/100 slp|[silent]\n|\n|upkeep\n|turn|37\n|\n|t:|1645894339\n|move|p1a: Mavs Play-off Run|Iron Defense|p1a: Mavs Play-off Run\n|-boost|p1a: Mavs Play-off Run|def|2\n|cant|p2a: Aggron|slp\n|move|p2a: Aggron|Sleep Talk|p2a: Aggron\n|move|p2a: Aggron|Rest||[from]move: Sleep Talk|[still]\n|-fail|p2a: Aggron\n|\n|upkeep\n|turn|38\n|l| Meeto\n|\n|t:|1645894352\n|move|p1a: Mavs Play-off Run|Iron Defense|p1a: Mavs Play-off Run\n|-boost|p1a: Mavs Play-off Run|def|2\n|cant|p2a: Aggron|slp\n|move|p2a: Aggron|Sleep Talk|p2a: Aggron\n|move|p2a: Aggron|Curse|p2a: Aggron|[from]move: Sleep Talk\n|-unboost|p2a: Aggron|spe|1\n|-boost|p2a: Aggron|atk|1\n|-boost|p2a: Aggron|def|1\n|\n|upkeep\n|turn|39\n|c| Lukatsukio|Can i vote that for nickname?\n|j| Meeto\n|c|\u2606MAVERICK SHOOTERS|LMAO\n|\n|t:|1645894367\n|move|p1a: Mavs Play-off Run|Iron Defense|p1a: Mavs Play-off Run\n|-boost|p1a: Mavs Play-off Run|def|2\n|-curestatus|p2a: Aggron|slp|[msg]\n|move|p2a: Aggron|Curse|p2a: Aggron\n|-unboost|p2a: Aggron|spe|1\n|-boost|p2a: Aggron|atk|1\n|-boost|p2a: Aggron|def|1\n|\n|upkeep\n|turn|40\n|c| Chairman Vanilla|LOL\n|c|\u2606MAVERICK SHOOTERS|just noticed it \n|c|\u2606MAVERICK SHOOTERS|goated nickname\n|\n|t:|1645894377\n|move|p1a: Mavs Play-off Run|Body Press|p2a: Aggron\n|-supereffective|p2a: Aggron\n|-crit|p2a: Aggron\n|-damage|p2a: Aggron|0 fnt\n|faint|p2a: Aggron\n|\n|upkeep\n|c| Kerthwack|Lol\n|c|\u2606MAVERICK SHOOTERS|BROOO\n|c| The Master Update|LMFAO\n|c|\u2606MAVERICK SHOOTERS|WTF\n|c|\u2606MAVERICK SHOOTERS|NO\n|c|\u2606MAVERICK SHOOTERS|FUCK\n|c|\u2606MAVERICK SHOOTERS|THIS\n|c|\u2606MAVERICK SHOOTERS|I LEGIT WON \n|c| Kerthwack|Nice\n|c|\u2606MAVERICK SHOOTERS|.\n|c| Chairman Vanilla|Amerillo you're the best friggin player ever \n|c| Chairman Vanilla|no\n|c| Chairman Vanilla|He eats that and you lose Filter\n|c| Lukatsukio|I\u2019ve just laughed out loud in w library\n|c| Meeto|Calculated\n|c| LatiGOD|REST IN PISSSSSSSS\n|c|\u2606Amerillo|^\n|c| The Master Update|I wanna see some calcs\n|c| Kerthwack|Body press did a ton I bet\n|c| LatiGOD|Lukatsukio KEKW\n|c| Chairman Vanilla|^^\n|c| LatiGOD|whats the aggron spread?\n|c|\u2606MAVERICK SHOOTERS|+6 240+ Def Cofagrigus Body Press vs. +3 248 HP \/ 0 Def Aggron-Mega: 158-186 (46 - 54.2%)\n|c|\u2606MAVERICK SHOOTERS|+6 240+ Def Cofagrigus Body Press vs. +4 248 HP \/ 0 Def Aggron-Mega: 132-156 (38.4 - 45.4%)\n|c|\u2606MAVERICK SHOOTERS|this meant \n|c|\u2606MAVERICK SHOOTERS|magg lived\n|c|\u2606MAVERICK SHOOTERS|tldr i won\n|c|\u2606MAVERICK SHOOTERS|got haxxed\n|c|\u2606Amerillo|U dont ko me\n|c|\u2606Amerillo|U lose filter after \n|c| Kerthwack|How much did slam do\n|c| Chairman Vanilla|You have 8 pp as well\n|c|\u2606MAVERICK SHOOTERS|pp doesnt matter\n|c|\u2606MAVERICK SHOOTERS|rest talk gives me lots more pp\n|c|\u2606Amerillo|And forcthe rescord im also rest talk\n|c|\u2606MAVERICK SHOOTERS|gg \n|\n|t:|1645894535\n|switch|p2a: Silvally|Silvally|82\/100 tox\n|turn|41\n|c| this is kylar|yeow just caught up\n|c|\u2606MAVERICK SHOOTERS|i can see everyones happiness rn seeing me lose paz\n|c| this is kylar|that sucks\n|\n|t:|1645894563\n|move|p2a: Silvally|Ice Beam|p1a: Mavs Play-off Run\n|-damage|p1a: Mavs Play-off Run|79\/100\n|-enditem|p1a: Mavs Play-off Run|Maranga Berry|[eat]\n|-boost|p1a: Mavs Play-off Run|spd|1|[from] item: Maranga Berry\n|move|p1a: Mavs Play-off Run|Body Press|p2a: Silvally\n|-supereffective|p2a: Silvally\n|-damage|p2a: Silvally|0 fnt\n|faint|p2a: Silvally\n|\n|upkeep\n|l| Kerthwack\n|c|\u2606MAVERICK SHOOTERS|WTF\n|c| Chairman Vanilla|Goat Amerillo\n|c|\u2606MAVERICK SHOOTERS|...\n|c| Chairman Vanilla|You didnt even need my Alotaisl \n|c| Chairman Vanilla|you're so good\n|\n|t:|1645894584\n|switch|p2a: Milotic|Milotic, M|82\/100 brn\n|turn|42\n|c| Chairman Vanilla|oml\n|c| Lukatsukio|I have never seen that berry before lol\n|c| Chairman Vanilla|Its Kenan's favorite berry\n|\n|t:|1645894596\n|move|p2a: Milotic|Scald|p1a: Mavs Play-off Run\n|-damage|p1a: Mavs Play-off Run|65\/100\n|move|p1a: Mavs Play-off Run|Body Press|p2a: Milotic\n|-damage|p2a: Milotic|24\/100 brn\n|\n|-damage|p2a: Milotic|18\/100 brn|[from] brn\n|upkeep\n|turn|43\n|c| Chairman Vanilla|Orange has\n|c|\u2606MAVERICK SHOOTERS|should have saved zarude\n|j| Kerthwack\n|c| this is kylar|kenan rekt me with maranga corv\n|\n|t:|1645894617\n|move|p2a: Milotic|Scald|p1a: Mavs Play-off Run\n|-damage|p1a: Mavs Play-off Run|50\/100\n|-status|p1a: Mavs Play-off Run|brn\n|move|p1a: Mavs Play-off Run|Body Press|p2a: Milotic\n|-damage|p2a: Milotic|0 fnt\n|faint|p2a: Milotic\n|\n|-damage|p1a: Mavs Play-off Run|44\/100 brn|[from] brn\n|upkeep\n|c|\u2606MAVERICK SHOOTERS|i bet this is rest \n|\n|t:|1645894627\n|switch|p2a: Landorus|Landorus, M|94\/100\n|turn|44\n|\n|t:|1645894639\n|move|p2a: Landorus|Rock Polish|p2a: Landorus\n|-boost|p2a: Landorus|spe|2\n|move|p1a: Mavs Play-off Run|Rest|p1a: Mavs Play-off Run\n|-status|p1a: Mavs Play-off Run|slp|[from] move: Rest\n|-heal|p1a: Mavs Play-off Run|100\/100 slp|[silent]\n|\n|upkeep\n|turn|45\n|\n|t:|1645894645\n|move|p2a: Landorus|Earth Power|p1a: Mavs Play-off Run\n|-damage|p1a: Mavs Play-off Run|64\/100 slp\n|cant|p1a: Mavs Play-off Run|slp\n|move|p1a: Mavs Play-off Run|Sleep Talk|p1a: Mavs Play-off Run\n|move|p1a: Mavs Play-off Run|Body Press|p2a: Landorus|[from]move: Sleep Talk\n|-resisted|p2a: Landorus\n|-damage|p2a: Landorus|38\/100\n|\n|upkeep\n|turn|46\n|c| this is kylar|ye he said it is\n|c|\u2606MAVERICK SHOOTERS|dont even get hax\n|\n|t:|1645894682\n|move|p2a: Landorus|Earth Power|p1a: Mavs Play-off Run\n|-damage|p1a: Mavs Play-off Run|26\/100 slp\n|cant|p1a: Mavs Play-off Run|slp\n|move|p1a: Mavs Play-off Run|Sleep Talk|p1a: Mavs Play-off Run\n|move|p1a: Mavs Play-off Run|Rest||[from]move: Sleep Talk|[still]\n|-fail|p1a: Mavs Play-off Run\n|\n|upkeep\n|turn|47\n|\n|t:|1645894702\n|switch|p1a: No Flaps Given|Salamence, M|56\/100\n|-ability|p1a: No Flaps Given|Intimidate|boost\n|-unboost|p2a: Landorus|atk|1\n|move|p2a: Landorus|Earth Power|p1a: No Flaps Given\n|-immune|p1a: No Flaps Given\n|\n|upkeep\n|turn|48\n|\n|t:|1645894710\n|switch|p1a: Prison Rule|Porygon2|82\/100 tox\n|move|p2a: Landorus|Sludge Wave|p1a: Prison Rule\n|-damage|p1a: Prison Rule|55\/100 tox\n|\n|-damage|p1a: Prison Rule|49\/100 tox|[from] psn\n|upkeep\n|turn|49\n|\n|t:|1645894723\n|move|p2a: Landorus|Focus Blast|p1a: Prison Rule|[miss]\n|-miss|p2a: Landorus|p1a: Prison Rule\n|move|p1a: Prison Rule|Tri Attack|p2a: Landorus\n|-damage|p2a: Landorus|0 fnt\n|faint|p2a: Landorus\n|\n|-damage|p1a: Prison Rule|36\/100 tox|[from] psn\n|upkeep\n|c|\u2606MAVERICK SHOOTERS|.....\n|c|\u2606MAVERICK SHOOTERS|BRUH\n|c|\u2606MAVERICK SHOOTERS|FUCK THIS GAME\n|c| Chairman Vanilla|Outstanding dodge\n|\n|t:|1645894733\n|switch|p2a: Latias|Latias, F|95\/100\n|turn|50\n|c| DashingSceptile|lolololol\n|c| LatiGOD|KEKW\n|\n|t:|1645894737\n|move|p2a: Latias|Calm Mind|p2a: Latias\n|-boost|p2a: Latias|spa|1\n|-boost|p2a: Latias|spd|1\n|move|p1a: Prison Rule|Thunder Wave|p2a: Latias\n|-status|p2a: Latias|par\n|\n|-damage|p1a: Prison Rule|18\/100 tox|[from] psn\n|upkeep\n|turn|51\n|c| Chairman Vanilla|good job, Porygon!\n|c| this is kylar|rngesus y\n|c| Meeto|Tactical\n|c| LatiGOD|:KEKW::KEKW::KEKW::KEKW::KEKW::KEKW::KEKW::KEKW::KEKW::KEKW::KEKW::KEKW::KEKW:\n|\n|t:|1645894743\n|move|p2a: Latias|Calm Mind|p2a: Latias\n|-boost|p2a: Latias|spa|1\n|-boost|p2a: Latias|spd|1\n|move|p1a: Prison Rule|Teleport|p1a: Prison Rule\n|c| Chairman Vanilla|You deserve a good rest!\n|c| DashingSceptile|rofl lol lmao lol lol\n|\n|t:|1645894747\n|switch|p1a: Nilla Goat|Ninetales-Alola, F|100\/100|[from]move: Teleport\n|-weather|Hail|[from] ability: Snow Warning|[of] p1a: Nilla Goat\n|\n|-weather|Hail|[upkeep]\n|-damage|p2a: Latias|89\/100 par|[from] Hail\n|upkeep\n|turn|52\n|\n|t:|1645894771\n|move|p1a: Nilla Goat|Blizzard|p2a: Latias\n|-supereffective|p2a: Latias\n|-crit|p2a: Latias\n|-damage|p2a: Latias|0 fnt\n|faint|p2a: Latias\n|\n|win|Amerillo\n","uploadtime":1645894773,"views":48,"p1id":"amerillo","p2id":"maverickshooters","formatid":"gen8nationaldexdraft","rating":0,"private":0,"password":null}