{"id":"sports-gen8nationaldexlegacy-691556","p1":"Elon Musk Rusk","p2":"babyhuey75","format":"gen8nationaldexlegacy","log":"|j|\u2606Elon Musk Rusk\n|j|\u2606babyhuey75\n|t:|1658324485\n|gametype|singles\n|player|p1|Elon Musk Rusk|1|\n|player|p2|babyhuey75|giovanni|\n|teamsize|p1|6\n|teamsize|p2|6\n|gen|8\n|tier|[Gen 8] National Dex Legacy\n|rule|Sleep Clause Mod: Limit one foe put to sleep\n|rule|OHKO Clause: OHKO moves are banned\n|rule|Evasion Moves Clause: Evasion moves are banned\n|rule|Endless Battle Clause: Forcing endless battles is banned\n|rule|HP Percentage Mod: HP is shown in percentages\n|rule|Dynamax Clause: You cannot dynamax\n|clearpoke\n|poke|p1|Stunfisk, M|\n|poke|p1|Rotom-Mow|\n|poke|p1|Zapdos-Galar|\n|poke|p1|Sylveon, M|\n|poke|p1|Drapion, F|\n|poke|p1|Steelix, F|\n|poke|p2|Stunfisk, F|\n|poke|p2|Gallade, M|\n|poke|p2|Scolipede, M|\n|poke|p2|Celesteela|\n|poke|p2|Florges, F|\n|poke|p2|Froslass, F|\n|teampreview\n|html|<button name=\"send\" class=\"button\" value=\"\/timer ds\"><i class=\"fa fa-hourglass-start\"><\/i> DS Timer<\/button> <button name=\"send\" class=\"button\" value=\"\/timer smogon\"><i class=\"fa fa-hourglass-start\"><\/i> Smogon Timer<\/button>\n|c|\u2606babyhuey75|hf\n|\n|t:|1658324580\n|start\n|switch|p1a: Steelix|Steelix, F|100\/100\n|switch|p2a: Froslass|Froslass, F|100\/100\n|turn|1\n|\n|t:|1658324615\n|detailschange|p1a: Steelix|Steelix-Mega, F\n|-mega|p1a: Steelix|Steelix|Steelixite\n|move|p2a: Froslass|Ice Beam|p1a: Steelix\n|-damage|p1a: Steelix|72\/100\n|move|p1a: Steelix|Gyro Ball|p2a: Froslass\n|-supereffective|p2a: Froslass\n|-enditem|p2a: Froslass|Focus Sash\n|-damage|p2a: Froslass|1\/100\n|\n|upkeep\n|turn|2\n|\n|t:|1658324624\n|switch|p1a: Sylveon|Sylveon, M|100\/100\n|move|p2a: Froslass|Spikes|p1a: Sylveon\n|-sidestart|p1: Elon Musk Rusk|Spikes\n|\n|upkeep\n|turn|3\n|\n|t:|1658324640\n|switch|p2a: Florges|Florges, F|100\/100\n|move|p1a: Sylveon|Mystical Fire|p2a: Florges\n|-damage|p2a: Florges|89\/100\n|-unboost|p2a: Florges|spa|1\n|\n|-heal|p2a: Florges|95\/100|[from] item: Leftovers\n|upkeep\n|turn|4\n|\n|t:|1658324648\n|move|p2a: Florges|Wish|p2a: Florges\n|move|p1a: Sylveon|Wish|p1a: Sylveon\n|\n|-heal|p2a: Florges|100\/100|[from] item: Leftovers\n|upkeep\n|turn|5\n|\n|t:|1658324660\n|switch|p2a: Stunfisk|Stunfisk, F|100\/100\n|move|p1a: Sylveon|Hyper Voice|p2a: Stunfisk\n|-damage|p2a: Stunfisk|73\/100\n|\n|-heal|p2a: Stunfisk|100\/100|[from] move: Wish|[wisher] Florges\n|upkeep\n|turn|6\n|\n|t:|1658324672\n|switch|p1a: Rotom|Rotom-Mow|100\/100\n|move|p2a: Stunfisk|Stealth Rock|p1a: Rotom\n|-sidestart|p1: Elon Musk Rusk|move: Stealth Rock\n|\n|upkeep\n|turn|7\n|\n|t:|1658324679\n|move|p1a: Rotom|Thunder Wave|p2a: Stunfisk\n|-immune|p2a: Stunfisk\n|move|p2a: Stunfisk|Toxic|p1a: Rotom\n|-status|p1a: Rotom|tox\n|\n|-damage|p1a: Rotom|95\/100 tox|[from] psn\n|upkeep\n|turn|8\n|\n|t:|1658324691\n|switch|p2a: Florges|Florges, F|100\/100\n|move|p1a: Rotom|Leaf Storm|p2a: Florges\n|-damage|p2a: Florges|66\/100\n|-unboost|p1a: Rotom|spa|2\n|\n|-heal|p1a: Rotom|100\/100 tox|[from] item: Leftovers\n|-heal|p2a: Florges|72\/100|[from] item: Leftovers\n|-damage|p1a: Rotom|89\/100 tox|[from] psn\n|upkeep\n|turn|9\n|\n|t:|1658324702\n|switch|p1a: Sylveon|Sylveon, M|100\/100\n|-damage|p1a: Sylveon|88\/100|[from] Stealth Rock\n|-damage|p1a: Sylveon|76\/100|[from] Spikes\n|move|p2a: Florges|Wish|p2a: Florges\n|\n|-heal|p2a: Florges|79\/100|[from] item: Leftovers\n|upkeep\n|turn|10\n|\n|t:|1658324723\n|switch|p2a: Celesteela|Celesteela|100\/100\n|move|p1a: Sylveon|Wish|p1a: Sylveon\n|\n|upkeep\n|turn|11\n|\n|t:|1658324734\n|switch|p1a: Steelix|Steelix-Mega, F|72\/100\n|-damage|p1a: Steelix|60\/100|[from] Spikes\n|-damage|p1a: Steelix|57\/100|[from] Stealth Rock\n|move|p2a: Celesteela|Leech Seed|p1a: Steelix\n|-start|p1a: Steelix|move: Leech Seed\n|\n|-heal|p1a: Steelix|100\/100|[from] move: Wish|[wisher] Sylveon\n|-damage|p1a: Steelix|88\/100|[from] Leech Seed|[of] p2a: Celesteela\n|upkeep\n|turn|12\n|\n|t:|1658324752\n|switch|p1a: Stunfisk|Stunfisk, M|100\/100\n|-damage|p1a: Stunfisk|88\/100|[from] Spikes\n|-damage|p1a: Stunfisk|82\/100|[from] Stealth Rock\n|move|p2a: Celesteela|Heavy Slam|p1a: Stunfisk\n|-resisted|p1a: Stunfisk\n|-damage|p1a: Stunfisk|62\/100\n|-status|p2a: Celesteela|par|[from] ability: Static|[of] p1a: Stunfisk\n|\n|-heal|p1a: Stunfisk|69\/100|[from] item: Leftovers\n|upkeep\n|turn|13\n|c|\u2606Elon Musk Rusk|Wrong team is perfect\n|c|\u2606Elon Musk Rusk|no defog\n|\n|t:|1658324766\n|move|p1a: Stunfisk|Stealth Rock|p2a: Celesteela\n|-sidestart|p2: babyhuey75|move: Stealth Rock\n|move|p2a: Celesteela|Toxic|p1a: Stunfisk\n|-status|p1a: Stunfisk|tox\n|\n|-heal|p1a: Stunfisk|75\/100 tox|[from] item: Leftovers\n|-damage|p1a: Stunfisk|69\/100 tox|[from] psn\n|upkeep\n|turn|14\n|\n|t:|1658324781\n|move|p1a: Stunfisk|Discharge|p2a: Celesteela\n|-supereffective|p2a: Celesteela\n|-damage|p2a: Celesteela|59\/100 par\n|move|p2a: Celesteela|Heavy Slam|p1a: Stunfisk\n|-resisted|p1a: Stunfisk\n|-damage|p1a: Stunfisk|49\/100 tox\n|\n|-heal|p1a: Stunfisk|56\/100 tox|[from] item: Leftovers\n|-heal|p2a: Celesteela|65\/100 par|[from] item: Leftovers\n|-damage|p1a: Stunfisk|43\/100 tox|[from] psn\n|upkeep\n|turn|15\n|\n|t:|1658324796\n|switch|p2a: Stunfisk|Stunfisk, F|100\/100\n|-damage|p2a: Stunfisk|94\/100|[from] Stealth Rock\n|move|p1a: Stunfisk|Discharge|p2a: Stunfisk\n|-immune|p2a: Stunfisk\n|\n|-heal|p2a: Stunfisk|100\/100|[from] item: Leftovers\n|-heal|p1a: Stunfisk|49\/100 tox|[from] item: Leftovers\n|-damage|p1a: Stunfisk|31\/100 tox|[from] psn\n|upkeep\n|turn|16\n|\n|t:|1658324805\n|switch|p2a: Florges|Florges, F|79\/100\n|-damage|p2a: Florges|66\/100|[from] Stealth Rock\n|move|p1a: Stunfisk|Earth Power|p2a: Florges\n|-damage|p2a: Florges|48\/100\n|\n|-heal|p2a: Florges|54\/100|[from] item: Leftovers\n|-heal|p1a: Stunfisk|37\/100 tox|[from] item: Leftovers\n|-damage|p1a: Stunfisk|12\/100 tox|[from] psn\n|upkeep\n|turn|17\n|\n|t:|1658324814\n|move|p2a: Florges|Wish|p2a: Florges\n|move|p1a: Stunfisk|Pain Split|p2a: Florges\n|-sethp|p2a: Florges|34\/100|[from] move: Pain Split|[silent]\n|-sethp|p1a: Stunfisk|29\/100 tox|[from] move: Pain Split\n|\n|-heal|p2a: Florges|40\/100|[from] item: Leftovers\n|-heal|p1a: Stunfisk|35\/100 tox|[from] item: Leftovers\n|-damage|p1a: Stunfisk|5\/100 tox|[from] psn\n|upkeep\n|turn|18\n|\n|t:|1658324824\n|switch|p2a: Celesteela|Celesteela|65\/100 par\n|-damage|p2a: Celesteela|53\/100 par|[from] Stealth Rock\n|move|p1a: Stunfisk|Pain Split|p2a: Celesteela\n|-sethp|p2a: Celesteela|29\/100 par|[from] move: Pain Split|[silent]\n|-sethp|p1a: Stunfisk|27\/100 tox|[from] move: Pain Split\n|\n|-heal|p2a: Celesteela|74\/100 par|[from] move: Wish|[wisher] Florges\n|-heal|p1a: Stunfisk|34\/100 tox|[from] item: Leftovers\n|-heal|p2a: Celesteela|80\/100 par|[from] item: Leftovers\n|-damage|p1a: Stunfisk|0 fnt|[from] psn\n|faint|p1a: Stunfisk\n|upkeep\n|\n|t:|1658324833\n|switch|p1a: Rotom|Rotom-Mow|89\/100 tox\n|-damage|p1a: Rotom|76\/100 tox|[from] Stealth Rock\n|turn|19\n|\n|t:|1658324850\n|switch|p1a: Steelix|Steelix-Mega, F|88\/100\n|-damage|p1a: Steelix|85\/100|[from] Stealth Rock\n|-damage|p1a: Steelix|72\/100|[from] Spikes\n|switch|p2a: Froslass|Froslass, F|1\/100\n|-damage|p2a: Froslass|0 fnt|[from] Stealth Rock\n|faint|p2a: Froslass\n|\n|upkeep\n|\n|t:|1658324904\n|switch|p2a: Celesteela|Celesteela|80\/100 par\n|-damage|p2a: Celesteela|68\/100 par|[from] Stealth Rock\n|turn|20\n|\n|t:|1658324909\n|cant|p2a: Celesteela|par\n|move|p1a: Steelix|Fire Fang|p2a: Celesteela\n|-supereffective|p2a: Celesteela\n|-crit|p2a: Celesteela\n|-damage|p2a: Celesteela|37\/100 par\n|\n|-heal|p2a: Celesteela|43\/100 par|[from] item: Leftovers\n|upkeep\n|turn|21\n|\n|t:|1658324918\n|switch|p1a: Rotom|Rotom-Mow|76\/100 tox\n|-damage|p1a: Rotom|64\/100 tox|[from] Stealth Rock\n|move|p2a: Celesteela|Leech Seed|p1a: Rotom\n|-immune|p1a: Rotom\n|\n|-heal|p1a: Rotom|70\/100 tox|[from] item: Leftovers\n|-heal|p2a: Celesteela|49\/100 par|[from] item: Leftovers\n|-damage|p1a: Rotom|64\/100 tox|[from] psn\n|upkeep\n|turn|22\n|\n|t:|1658324935\n|move|p2a: Celesteela|Protect|p2a: Celesteela\n|-singleturn|p2a: Celesteela|Protect\n|move|p1a: Rotom|Thunderbolt|p2a: Celesteela\n|-activate|p2a: Celesteela|move: Protect\n|\n|-heal|p1a: Rotom|70\/100 tox|[from] item: Leftovers\n|-heal|p2a: Celesteela|55\/100 par|[from] item: Leftovers\n|-damage|p1a: Rotom|58\/100 tox|[from] psn\n|upkeep\n|turn|23\n|\n|t:|1658324945\n|switch|p2a: Stunfisk|Stunfisk, F|100\/100\n|-damage|p2a: Stunfisk|94\/100|[from] Stealth Rock\n|move|p1a: Rotom|Pain Split|p2a: Stunfisk\n|-sethp|p2a: Stunfisk|68\/100|[from] move: Pain Split|[silent]\n|-sethp|p1a: Rotom|95\/100 tox|[from] move: Pain Split\n|\n|-heal|p1a: Rotom|100\/100 tox|[from] item: Leftovers\n|-heal|p2a: Stunfisk|74\/100|[from] item: Leftovers\n|-damage|p1a: Rotom|83\/100 tox|[from] psn\n|upkeep\n|turn|24\n|\n|t:|1658324956\n|switch|p2a: Florges|Florges, F|40\/100\n|-damage|p2a: Florges|28\/100|[from] Stealth Rock\n|move|p1a: Rotom|Leaf Storm|p2a: Florges\n|-damage|p2a: Florges|0 fnt\n|-unboost|p1a: Rotom|spa|2\n|faint|p2a: Florges\n|\n|-heal|p1a: Rotom|89\/100 tox|[from] item: Leftovers\n|-damage|p1a: Rotom|65\/100 tox|[from] psn\n|upkeep\n|\n|t:|1658324967\n|switch|p2a: Gallade|Gallade, M|100\/100\n|-damage|p2a: Gallade|94\/100|[from] Stealth Rock\n|turn|25\n|\n|t:|1658324970\n|move|p2a: Gallade|Swords Dance|p2a: Gallade\n|-boost|p2a: Gallade|atk|2\n|move|p1a: Rotom|Thunder Wave|p2a: Gallade\n|-status|p2a: Gallade|par\n|\n|-heal|p1a: Rotom|71\/100 tox|[from] item: Leftovers\n|-damage|p1a: Rotom|41\/100 tox|[from] psn\n|upkeep\n|turn|26\n|\n|t:|1658324985\n|detailschange|p2a: Gallade|Gallade-Mega, M\n|-mega|p2a: Gallade|Gallade|Galladite\n|move|p1a: Rotom|Thunderbolt|p2a: Gallade\n|-damage|p2a: Gallade|75\/100 par\n|move|p2a: Gallade|Swords Dance|p2a: Gallade\n|-boost|p2a: Gallade|atk|2\n|\n|-heal|p1a: Rotom|47\/100 tox|[from] item: Leftovers\n|-damage|p1a: Rotom|11\/100 tox|[from] psn\n|upkeep\n|turn|27\n|\n|t:|1658324995\n|move|p2a: Gallade|Vacuum Wave|p1a: Rotom\n|-damage|p1a: Rotom|0 fnt\n|faint|p1a: Rotom\n|\n|upkeep\n|\n|t:|1658325005\n|switch|p1a: Zapdos|Zapdos-Galar|100\/100\n|-damage|p1a: Zapdos|88\/100|[from] Stealth Rock\n|turn|28\n|\n|t:|1658325011\n|switch|p2a: Stunfisk|Stunfisk, F|74\/100\n|-damage|p2a: Stunfisk|68\/100|[from] Stealth Rock\n|move|p1a: Zapdos|Brave Bird|p2a: Stunfisk\n|-resisted|p2a: Stunfisk\n|-damage|p2a: Stunfisk|41\/100\n|-damage|p1a: Zapdos|77\/100|[from] Recoil\n|\n|-heal|p2a: Stunfisk|47\/100|[from] item: Leftovers\n|upkeep\n|turn|29\n|\n|t:|1658325020\n|switch|p1a: Drapion|Drapion, F|100\/100\n|-damage|p1a: Drapion|88\/100|[from] Stealth Rock\n|-damage|p1a: Drapion|76\/100|[from] Spikes\n|move|p2a: Stunfisk|Scald|p1a: Drapion\n|-damage|p1a: Drapion|55\/100\n|-status|p1a: Drapion|brn\n|\n|-heal|p2a: Stunfisk|53\/100|[from] item: Leftovers\n|-damage|p1a: Drapion|49\/100 brn|[from] brn\n|upkeep\n|turn|30\n|\n|t:|1658325044\n|move|p1a: Drapion|Night Slash|p2a: Stunfisk\n|-damage|p2a: Stunfisk|42\/100\n|move|p2a: Stunfisk|Discharge|p1a: Drapion\n|-damage|p1a: Drapion|16\/100 brn\n|\n|-heal|p2a: Stunfisk|48\/100|[from] item: Leftovers\n|-damage|p1a: Drapion|10\/100 brn|[from] brn\n|upkeep\n|turn|31\n|\n|t:|1658325052\n|move|p1a: Drapion|Night Slash|p2a: Stunfisk\n|-crit|p2a: Stunfisk\n|-damage|p2a: Stunfisk|21\/100\n|move|p2a: Stunfisk|Discharge|p1a: Drapion\n|-damage|p1a: Drapion|0 fnt\n|faint|p1a: Drapion\n|\n|-heal|p2a: Stunfisk|27\/100|[from] item: Leftovers\n|upkeep\n|\n|t:|1658325062\n|switch|p1a: Sylveon|Sylveon, M|76\/100\n|-damage|p1a: Sylveon|63\/100|[from] Stealth Rock\n|-damage|p1a: Sylveon|51\/100|[from] Spikes\n|turn|32\n|\n|t:|1658325075\n|move|p1a: Sylveon|Hyper Voice|p2a: Stunfisk\n|-damage|p2a: Stunfisk|0 fnt\n|faint|p2a: Stunfisk\n|\n|upkeep\n|\n|t:|1658325081\n|switch|p2a: Scolipede|Scolipede, M|100\/100\n|-damage|p2a: Scolipede|76\/100|[from] Stealth Rock\n|turn|33\n|\n|t:|1658325087\n|move|p2a: Scolipede|Toxic Spikes|p1a: Sylveon\n|-sidestart|p1: Elon Musk Rusk|move: Toxic Spikes\n|move|p1a: Sylveon|Mystical Fire|p2a: Scolipede\n|-supereffective|p2a: Scolipede\n|-damage|p2a: Scolipede|20\/100\n|-unboost|p2a: Scolipede|spa|1\n|\n|-ability|p2a: Scolipede|Speed Boost|boost\n|-boost|p2a: Scolipede|spe|1\n|upkeep\n|turn|34\n|\n|t:|1658325093\n|switch|p1a: Steelix|Steelix-Mega, F|72\/100\n|-damage|p1a: Steelix|60\/100|[from] Spikes\n|-damage|p1a: Steelix|57\/100|[from] Stealth Rock\n|move|p2a: Scolipede|Poison Jab|p1a: Steelix\n|-immune|p1a: Steelix\n|\n|-ability|p2a: Scolipede|Speed Boost|boost\n|-boost|p2a: Scolipede|spe|1\n|upkeep\n|turn|35\n|\n|t:|1658325110\n|move|p2a: Scolipede|Endure|p2a: Scolipede\n|-singleturn|p2a: Scolipede|move: Endure\n|move|p1a: Steelix|Fire Fang|p2a: Scolipede\n|-supereffective|p2a: Scolipede\n|-activate|p2a: Scolipede|move: Endure\n|-damage|p2a: Scolipede|1\/100\n|\n|-ability|p2a: Scolipede|Speed Boost|boost\n|-boost|p2a: Scolipede|spe|1\n|upkeep\n|turn|36\n|\n|t:|1658325118\n|move|p2a: Scolipede|Endeavor|p1a: Steelix\n|-damage|p1a: Steelix|1\/100\n|move|p1a: Steelix|Fire Fang|p2a: Scolipede\n|-supereffective|p2a: Scolipede\n|-crit|p2a: Scolipede\n|-damage|p2a: Scolipede|0 fnt\n|faint|p2a: Scolipede\n|\n|upkeep\n|\n|t:|1658325131\n|switch|p2a: Gallade|Gallade-Mega, M|75\/100 par\n|-damage|p2a: Gallade|69\/100 par|[from] Stealth Rock\n|turn|37\n|\n|t:|1658325136\n|move|p2a: Gallade|Vacuum Wave|p1a: Steelix\n|-supereffective|p1a: Steelix\n|-damage|p1a: Steelix|0 fnt\n|faint|p1a: Steelix\n|\n|upkeep\n|\n|t:|1658325139\n|switch|p1a: Sylveon|Sylveon, M|51\/100\n|-damage|p1a: Sylveon|38\/100|[from] Spikes\n|-damage|p1a: Sylveon|26\/100|[from] Stealth Rock\n|-status|p1a: Sylveon|psn\n|turn|38\n|\n|t:|1658325153\n|move|p2a: Gallade|Zen Headbutt|p1a: Sylveon\n|-damage|p1a: Sylveon|0 fnt\n|faint|p1a: Sylveon\n|\n|upkeep\n|\n|t:|1658325156\n|switch|p1a: Zapdos|Zapdos-Galar|77\/100\n|-damage|p1a: Zapdos|64\/100|[from] Stealth Rock\n|turn|39\n|\n|t:|1658325237\n|move|p1a: Zapdos|Brave Bird|p2a: Gallade\n|-supereffective|p2a: Gallade\n|-damage|p2a: Gallade|0 fnt\n|faint|p2a: Gallade\n|-damage|p1a: Zapdos|45\/100|[from] Recoil\n|\n|upkeep\n|\n|t:|1658325243\n|switch|p2a: Celesteela|Celesteela|55\/100 par\n|-damage|p2a: Celesteela|43\/100 par|[from] Stealth Rock\n|turn|40\n|c|\u2606Elon Musk Rusk|pls para\n|\n|t:|1658325247\n|move|p1a: Zapdos|Brave Bird|p2a: Celesteela\n|-resisted|p2a: Celesteela\n|-damage|p2a: Celesteela|22\/100 par\n|-damage|p1a: Zapdos|37\/100|[from] Recoil\n|move|p2a: Celesteela|Heavy Slam|p1a: Zapdos\n|-damage|p1a: Zapdos|0 fnt\n|faint|p1a: Zapdos\n|\n|win|babyhuey75\n|c|\u2606babyhuey75|gg\n|l|\u2606Elon Musk Rusk\n","uploadtime":1658325262,"views":23,"p1id":"elonmuskrusk","p2id":"babyhuey75","formatid":"gen8nationaldexlegacy","rating":0,"private":0,"password":null}