{"id":"sports-gen8nationaldexleakslegacy-487174","p1":"UnviaSlick","p2":"TehranTyphlosions","format":"gen8nationaldexleakslegacy","log":"|j|\u2606UnviaSlick\n|j|\u2606TehranTyphlosions\n|t:|1630025048\n|gametype|singles\n|player|p1|UnviaSlick|unviaslick.png|\n|player|p2|TehranTyphlosions|clair|\n|teamsize|p1|6\n|teamsize|p2|6\n|gen|8\n|tier|[Gen 8] National Dex Leaks Legacy\n|rule|Sleep Clause Mod: Limit one foe put to sleep\n|rule|OHKO Clause: OHKO moves are banned\n|rule|Evasion Moves Clause: Evasion moves are banned\n|rule|Endless Battle Clause: Forcing endless battles is banned\n|rule|HP Percentage Mod: HP is shown in percentages\n|rule|Dynamax Clause: You cannot dynamax\n|clearpoke\n|poke|p1|Tapu Koko|\n|poke|p1|Aegislash, F|\n|poke|p1|Nidoking, M|\n|poke|p1|Zarude|\n|poke|p1|Altaria, F|\n|poke|p1|Conkeldurr, M|\n|poke|p2|Ferrothorn, M|\n|poke|p2|Latios, M|\n|poke|p2|Volcarona, F|\n|poke|p2|Gliscor, M|\n|poke|p2|Toxapex, F|\n|poke|p2|Pidgeot, M|\n|teampreview\n|html|<button name=\"send\" class=\"button\" value=\"\/timer ds\"><i class=\"fa fa-hourglass-start\"><\/i> DS Timer<\/button> <button name=\"send\" class=\"button\" value=\"\/timer smogon\"><i class=\"fa fa-hourglass-start\"><\/i> Smogon Timer<\/button>\n|c|\u2606TehranTyphlosions|aight gl gl\n|c|\u2606UnviaSlick|thanks man\n|c|\u2606TehranTyphlosions|youre good\n|j| UCL Tales\n|c|\u2606UnviaSlick|hf\n|c|\u2606TehranTyphlosions|you too\n|\n|t:|1630025084\n|start\n|switch|p1a: Tapu Koko|Tapu Koko|100\/100\n|switch|p2a: Pidgeot|Pidgeot, M|100\/100\n|-fieldstart|move: Electric Terrain|[from] ability: Electric Surge|[of] p1a: Tapu Koko\n|turn|1\n|\n|t:|1630025088\n|switch|p2a: Gliscor|Gliscor, M|100\/100\n|move|p1a: Tapu Koko|Nature's Madness|p2a: Gliscor\n|-damage|p2a: Gliscor|51\/100\n|\n|-status|p2a: Gliscor|tox|[from] item: Toxic Orb\n|upkeep\n|turn|2\n|\n|t:|1630025093\n|switch|p1a: Conkeldurr|Conkeldurr, M|100\/100\n|move|p2a: Gliscor|U-turn|p1a: Conkeldurr\n|-resisted|p1a: Conkeldurr\n|-damage|p1a: Conkeldurr|95\/100\n|\n|t:|1630025095\n|switch|p2a: Pidgeot|Pidgeot, M|100\/100|[from]move: U-turn\n|\n|-status|p1a: Conkeldurr|brn|[from] item: Flame Orb\n|upkeep\n|turn|3\n|\n|t:|1630025099\n|switch|p1a: Tapu Koko|Tapu Koko|100\/100\n|detailschange|p2a: Pidgeot|Pidgeot-Mega, M\n|-mega|p2a: Pidgeot|Pidgeot|Pidgeotite\n|move|p2a: Pidgeot|U-turn|p1a: Tapu Koko\n|-resisted|p1a: Tapu Koko\n|-damage|p1a: Tapu Koko|93\/100\n|\n|t:|1630025102\n|switch|p2a: Gliscor|Gliscor, M|51\/100 tox|[from]move: U-turn\n|\n|-heal|p2a: Gliscor|63\/100 tox|[from] ability: Poison Heal\n|upkeep\n|turn|4\n|\n|t:|1630025104\n|switch|p1a: Conkeldurr|Conkeldurr, M|95\/100 brn\n|move|p2a: Gliscor|Earthquake|p1a: Conkeldurr\n|-damage|p1a: Conkeldurr|68\/100 brn\n|\n|-heal|p2a: Gliscor|75\/100 tox|[from] ability: Poison Heal\n|-damage|p1a: Conkeldurr|62\/100 brn|[from] brn\n|upkeep\n|turn|5\n|\n|t:|1630025113\n|move|p2a: Gliscor|U-turn|p1a: Conkeldurr\n|-resisted|p1a: Conkeldurr\n|-damage|p1a: Conkeldurr|56\/100 brn\n|\n|t:|1630025119\n|switch|p2a: Toxapex|Toxapex, F|100\/100|[from]move: U-turn\n|move|p1a: Conkeldurr|Earthquake|p2a: Toxapex\n|-supereffective|p2a: Toxapex\n|-damage|p2a: Toxapex|37\/100\n|\n|-heal|p2a: Toxapex|43\/100|[from] item: Black Sludge\n|-damage|p1a: Conkeldurr|50\/100 brn|[from] brn\n|-fieldend|move: Electric Terrain\n|upkeep\n|turn|6\n|j| Padnadnad\n|\n|t:|1630025127\n|move|p1a: Conkeldurr|Drain Punch|p2a: Toxapex\n|-resisted|p2a: Toxapex\n|-damage|p2a: Toxapex|25\/100\n|-heal|p1a: Conkeldurr|57\/100 brn|[from] drain|[of] p2a: Toxapex\n|move|p2a: Toxapex|Recover|p2a: Toxapex\n|-heal|p2a: Toxapex|75\/100\n|\n|-heal|p2a: Toxapex|81\/100|[from] item: Black Sludge\n|-damage|p1a: Conkeldurr|51\/100 brn|[from] brn\n|upkeep\n|turn|7\n|\n|t:|1630025134\n|switch|p2a: Pidgeot|Pidgeot-Mega, M|100\/100\n|move|p1a: Conkeldurr|Ice Punch|p2a: Pidgeot\n|-supereffective|p2a: Pidgeot\n|-damage|p2a: Pidgeot|0 fnt\n|faint|p2a: Pidgeot\n|\n|-damage|p1a: Conkeldurr|45\/100 brn|[from] brn\n|upkeep\n|c|\u2606TehranTyphlosions|riiiip\n|c|\u2606TehranTyphlosions|wp wp\n|\n|t:|1630025180\n|switch|p2a: Volcarona|Volcarona, F|100\/100\n|turn|8\n|\n|t:|1630025227\n|switch|p1a: Tapu Koko|Tapu Koko|93\/100\n|-fieldstart|move: Electric Terrain|[from] ability: Electric Surge|[of] p1a: Tapu Koko\n|move|p2a: Volcarona|Flamethrower|p1a: Tapu Koko\n|-damage|p1a: Tapu Koko|29\/100\n|\n|upkeep\n|turn|9\n|\n|t:|1630025235\n|move|p1a: Tapu Koko|Volt Switch|p2a: Volcarona\n|-damage|p2a: Volcarona|68\/100\n|\n|t:|1630025243\n|switch|p1a: Nidoking|Nidoking, M|100\/100|[from]move: Volt Switch\n|move|p2a: Volcarona|Flamethrower|p1a: Nidoking\n|-damage|p1a: Nidoking|23\/100\n|\n|upkeep\n|turn|10\n|\n|t:|1630025261\n|switch|p2a: Latios|Latios, M|100\/100\n|move|p1a: Nidoking|Rock Slide|p2a: Latios|[miss]\n|-miss|p1a: Nidoking|p2a: Latios\n|\n|upkeep\n|turn|11\n|\n|t:|1630025270\n|switch|p1a: Aegislash|Aegislash, F, shiny|100\/100\n|move|p2a: Latios|Calm Mind|p2a: Latios\n|-boost|p2a: Latios|spa|1\n|-boost|p2a: Latios|spd|1\n|\n|upkeep\n|turn|12\n|j| Shuckle15\n|\n|t:|1630025293\n|switch|p1a: Altaria|Altaria, F|100\/100\n|move|p2a: Latios|Mystical Fire|p1a: Altaria\n|-resisted|p1a: Altaria\n|-damage|p1a: Altaria|84\/100\n|-unboost|p1a: Altaria|spa|1\n|\n|-fieldend|move: Electric Terrain\n|upkeep\n|turn|13\n|\n|t:|1630025298\n|detailschange|p1a: Altaria|Altaria-Mega, F\n|-mega|p1a: Altaria|Altaria|Altarianite\n|move|p2a: Latios|Calm Mind|p2a: Latios\n|-boost|p2a: Latios|spa|1\n|-boost|p2a: Latios|spd|1\n|move|p1a: Altaria|Body Slam|p2a: Latios\n|-supereffective|p2a: Latios\n|-damage|p2a: Latios|0 fnt\n|faint|p2a: Latios\n|\n|upkeep\n|c|\u2606TehranTyphlosions|damn i think i calced wrong\n|\n|t:|1630025315\n|switch|p2a: Toxapex|Toxapex, F|100\/100\n|turn|14\n|\n|t:|1630025325\n|switch|p1a: Aegislash|Aegislash, F, shiny|100\/100\n|move|p2a: Toxapex|Gunk Shot|p1a: Aegislash\n|-immune|p1a: Aegislash\n|\n|upkeep\n|turn|15\n|\n|t:|1630025331\n|move|p1a: Aegislash|Substitute|p1a: Aegislash\n|-start|p1a: Aegislash|Substitute\n|-damage|p1a: Aegislash|75\/100\n|move|p2a: Toxapex|Scald|p1a: Aegislash\n|-activate|p1a: Aegislash|move: Substitute|[damage]\n|\n|-heal|p1a: Aegislash|82\/100|[from] item: Leftovers\n|upkeep\n|turn|16\n|\n|t:|1630025335\n|-formechange|p1a: Aegislash|Aegislash-Blade||[from] ability: Stance Change\n|move|p1a: Aegislash|Shadow Ball|p2a: Toxapex\n|-crit|p2a: Toxapex\n|-damage|p2a: Toxapex|44\/100\n|-unboost|p2a: Toxapex|spd|1\n|move|p2a: Toxapex|Scald|p1a: Aegislash\n|-end|p1a: Aegislash|Substitute\n|\n|-heal|p1a: Aegislash|88\/100|[from] item: Leftovers\n|-heal|p2a: Toxapex|50\/100|[from] item: Black Sludge\n|upkeep\n|turn|17\n|\n|t:|1630025340\n|switch|p2a: Ferrothorn|Ferrothorn, M|100\/100\n|move|p1a: Aegislash|Shadow Ball|p2a: Ferrothorn\n|-damage|p2a: Ferrothorn|73\/100\n|-unboost|p2a: Ferrothorn|spd|1\n|\n|-heal|p1a: Aegislash|94\/100|[from] item: Leftovers\n|-heal|p2a: Ferrothorn|79\/100|[from] item: Leftovers\n|upkeep\n|turn|18\n|\n|t:|1630025348\n|-formechange|p1a: Aegislash|Aegislash||[from] ability: Stance Change\n|move|p1a: Aegislash|King's Shield|p1a: Aegislash\n|-singleturn|p1a: Aegislash|Protect\n|move|p2a: Ferrothorn|Leech Seed|p1a: Aegislash\n|-start|p1a: Aegislash|move: Leech Seed\n|\n|-heal|p1a: Aegislash|99\/100|[from] item: Leftovers\n|-heal|p2a: Ferrothorn|85\/100|[from] item: Leftovers\n|-damage|p1a: Aegislash|88\/100|[from] Leech Seed|[of] p2a: Ferrothorn\n|-heal|p2a: Ferrothorn|97\/100|[silent]\n|upkeep\n|turn|19\n|\n|t:|1630025354\n|switch|p1a: Conkeldurr|Conkeldurr, M|45\/100 brn\n|move|p2a: Ferrothorn|Stealth Rock|p1a: Conkeldurr\n|-sidestart|p1: UnviaSlick|move: Stealth Rock\n|\n|-heal|p2a: Ferrothorn|100\/100|[from] item: Leftovers\n|-damage|p1a: Conkeldurr|39\/100 brn|[from] brn\n|upkeep\n|turn|20\n|\n|t:|1630025366\n|switch|p2a: Toxapex|Toxapex, F|84\/100\n|move|p1a: Conkeldurr|Drain Punch|p2a: Toxapex\n|-resisted|p2a: Toxapex\n|-damage|p2a: Toxapex|65\/100\n|-heal|p1a: Conkeldurr|47\/100 brn|[from] drain|[of] p2a: Toxapex\n|\n|-heal|p2a: Toxapex|71\/100|[from] item: Black Sludge\n|-damage|p1a: Conkeldurr|41\/100 brn|[from] brn\n|upkeep\n|turn|21\n|\n|t:|1630025379\n|move|p1a: Conkeldurr|Earthquake|p2a: Toxapex\n|-supereffective|p2a: Toxapex\n|-damage|p2a: Toxapex|5\/100\n|move|p2a: Toxapex|Scald|p1a: Conkeldurr\n|-damage|p1a: Conkeldurr|23\/100 brn\n|\n|-heal|p2a: Toxapex|11\/100|[from] item: Black Sludge\n|-damage|p1a: Conkeldurr|17\/100 brn|[from] brn\n|upkeep\n|turn|22\n|\n|t:|1630025385\n|move|p1a: Conkeldurr|Drain Punch|p2a: Toxapex\n|-resisted|p2a: Toxapex\n|-damage|p2a: Toxapex|0 fnt\n|-heal|p1a: Conkeldurr|21\/100 brn|[from] drain|[of] p2a: Toxapex\n|faint|p2a: Toxapex\n|\n|-damage|p1a: Conkeldurr|15\/100 brn|[from] brn\n|upkeep\n|\n|t:|1630025386\n|switch|p2a: Gliscor|Gliscor, M|75\/100 tox\n|turn|23\n|\n|t:|1630025397\n|move|p2a: Gliscor|Earthquake|p1a: Conkeldurr\n|-damage|p1a: Conkeldurr|0 fnt\n|faint|p1a: Conkeldurr\n|\n|-heal|p2a: Gliscor|87\/100 tox|[from] ability: Poison Heal\n|upkeep\n|\n|t:|1630025400\n|switch|p1a: Altaria|Altaria-Mega, F|84\/100\n|-damage|p1a: Altaria|72\/100|[from] Stealth Rock\n|turn|24\n|j| EGADrifblims\n|\n|t:|1630025405\n|move|p2a: Gliscor|Earthquake|p1a: Altaria\n|-damage|p1a: Altaria|41\/100\n|move|p1a: Altaria|Body Slam|p2a: Gliscor\n|-damage|p2a: Gliscor|48\/100 tox\n|\n|-heal|p2a: Gliscor|60\/100 tox|[from] ability: Poison Heal\n|upkeep\n|turn|25\n|\n|t:|1630025410\n|move|p2a: Gliscor|Earthquake|p1a: Altaria\n|-damage|p1a: Altaria|10\/100\n|move|p1a: Altaria|Roost|p1a: Altaria\n|-heal|p1a: Altaria|60\/100\n|-singleturn|p1a: Altaria|move: Roost\n|\n|-heal|p2a: Gliscor|72\/100 tox|[from] ability: Poison Heal\n|upkeep\n|turn|26\n|\n|t:|1630025415\n|move|p2a: Gliscor|Earthquake|p1a: Altaria\n|-damage|p1a: Altaria|26\/100\n|move|p1a: Altaria|Roost|p1a: Altaria\n|-heal|p1a: Altaria|76\/100\n|-singleturn|p1a: Altaria|move: Roost\n|\n|-heal|p2a: Gliscor|84\/100 tox|[from] ability: Poison Heal\n|upkeep\n|turn|27\n|\n|t:|1630025422\n|move|p2a: Gliscor|Earthquake|p1a: Altaria\n|-damage|p1a: Altaria|46\/100\n|move|p1a: Altaria|Body Slam|p2a: Gliscor\n|-damage|p2a: Gliscor|49\/100 tox\n|\n|-heal|p2a: Gliscor|62\/100 tox|[from] ability: Poison Heal\n|upkeep\n|turn|28\n|\n|t:|1630025425\n|move|p2a: Gliscor|U-turn|p1a: Altaria\n|-resisted|p1a: Altaria\n|-damage|p1a: Altaria|38\/100\n|\n|t:|1630025443\n|switch|p2a: Ferrothorn|Ferrothorn, M|100\/100|[from]move: U-turn\n|move|p1a: Altaria|Roost|p1a: Altaria\n|-heal|p1a: Altaria|88\/100\n|-singleturn|p1a: Altaria|move: Roost\n|\n|upkeep\n|turn|29\n|\n|t:|1630025446\n|move|p1a: Altaria|Fire Blast|p2a: Ferrothorn|[miss]\n|-miss|p1a: Altaria|p2a: Ferrothorn\n|move|p2a: Ferrothorn|Gyro Ball|p1a: Altaria\n|-supereffective|p1a: Altaria\n|-damage|p1a: Altaria|22\/100\n|\n|upkeep\n|turn|30\n|c|\u2606TehranTyphlosions|sry\n|\n|t:|1630025452\n|switch|p1a: Aegislash|Aegislash, F, shiny|88\/100\n|-damage|p1a: Aegislash|82\/100|[from] Stealth Rock\n|move|p2a: Ferrothorn|Gyro Ball|p1a: Aegislash\n|-resisted|p1a: Aegislash\n|-damage|p1a: Aegislash|69\/100\n|\n|-heal|p1a: Aegislash|75\/100|[from] item: Leftovers\n|upkeep\n|turn|31\n|\n|t:|1630025454\n|move|p1a: Aegislash|Substitute|p1a: Aegislash\n|-start|p1a: Aegislash|Substitute\n|-damage|p1a: Aegislash|50\/100\n|move|p2a: Ferrothorn|Leech Seed||[still]\n|-fail|p2a: Ferrothorn\n|\n|-heal|p1a: Aegislash|57\/100|[from] item: Leftovers\n|upkeep\n|turn|32\n|\n|t:|1630025461\n|-formechange|p1a: Aegislash|Aegislash-Blade||[from] ability: Stance Change\n|move|p1a: Aegislash|Shadow Ball|p2a: Ferrothorn\n|-damage|p2a: Ferrothorn|70\/100\n|move|p2a: Ferrothorn|Knock Off|p1a: Aegislash\n|-supereffective|p1a: Aegislash\n|-end|p1a: Aegislash|Substitute\n|\n|-heal|p1a: Aegislash|63\/100|[from] item: Leftovers\n|-heal|p2a: Ferrothorn|76\/100|[from] item: Leftovers\n|upkeep\n|turn|33\n|\n|t:|1630025468\n|-formechange|p1a: Aegislash|Aegislash||[from] ability: Stance Change\n|move|p1a: Aegislash|King's Shield|p1a: Aegislash\n|-singleturn|p1a: Aegislash|Protect\n|move|p2a: Ferrothorn|Leech Seed|p1a: Aegislash\n|-start|p1a: Aegislash|move: Leech Seed\n|\n|-heal|p1a: Aegislash|69\/100|[from] item: Leftovers\n|-heal|p2a: Ferrothorn|82\/100|[from] item: Leftovers\n|-damage|p1a: Aegislash|57\/100|[from] Leech Seed|[of] p2a: Ferrothorn\n|-heal|p2a: Ferrothorn|94\/100|[silent]\n|upkeep\n|turn|34\n|\n|t:|1630025478\n|switch|p1a: Zarude|Zarude|100\/100\n|-damage|p1a: Zarude|88\/100|[from] Stealth Rock\n|move|p2a: Ferrothorn|Knock Off|p1a: Zarude\n|-resisted|p1a: Zarude\n|-damage|p1a: Zarude|79\/100\n|-enditem|p1a: Zarude|Leftovers|[from] move: Knock Off|[of] p2a: Ferrothorn\n|\n|-heal|p2a: Ferrothorn|99\/100|[from] item: Leftovers\n|upkeep\n|turn|35\n|j| Diviniya\n|\n|t:|1630025507\n|move|p1a: Zarude|Bulk Up|p1a: Zarude\n|-boost|p1a: Zarude|atk|1\n|-boost|p1a: Zarude|def|1\n|move|p2a: Ferrothorn|Gyro Ball|p1a: Zarude\n|-damage|p1a: Zarude|50\/100\n|\n|-heal|p2a: Ferrothorn|100\/100|[from] item: Leftovers\n|upkeep\n|turn|36\n|\n|t:|1630025511\n|move|p1a: Zarude|Bulk Up|p1a: Zarude\n|-boost|p1a: Zarude|atk|1\n|-boost|p1a: Zarude|def|1\n|move|p2a: Ferrothorn|Gyro Ball|p1a: Zarude\n|-damage|p1a: Zarude|28\/100\n|\n|upkeep\n|turn|37\n|\n|t:|1630025516\n|move|p1a: Zarude|Darkest Lariat|p2a: Ferrothorn\n|-damage|p2a: Ferrothorn|49\/100\n|-damage|p1a: Zarude|16\/100|[from] ability: Iron Barbs|[of] p2a: Ferrothorn\n|move|p2a: Ferrothorn|Gyro Ball|p1a: Zarude\n|-damage|p1a: Zarude|0 fnt\n|faint|p1a: Zarude\n|\n|-heal|p2a: Ferrothorn|56\/100|[from] item: Leftovers\n|upkeep\n|\n|t:|1630025519\n|switch|p1a: Aegislash|Aegislash, F, shiny|57\/100\n|-damage|p1a: Aegislash|50\/100|[from] Stealth Rock\n|turn|38\n|\n|t:|1630025523\n|-formechange|p1a: Aegislash|Aegislash-Blade||[from] ability: Stance Change\n|move|p1a: Aegislash|Shadow Ball|p2a: Ferrothorn\n|-damage|p2a: Ferrothorn|25\/100\n|move|p2a: Ferrothorn|Leech Seed|p1a: Aegislash\n|-start|p1a: Aegislash|move: Leech Seed\n|\n|-heal|p1a: Aegislash|57\/100|[from] item: Leftovers\n|-heal|p2a: Ferrothorn|31\/100|[from] item: Leftovers\n|-damage|p1a: Aegislash|44\/100|[from] Leech Seed|[of] p2a: Ferrothorn\n|-heal|p2a: Ferrothorn|43\/100|[silent]\n|upkeep\n|turn|39\n|\n|t:|1630025544\n|move|p1a: Aegislash|Shadow Ball|p2a: Ferrothorn\n|-damage|p2a: Ferrothorn|11\/100\n|move|p2a: Ferrothorn|Knock Off|p1a: Aegislash\n|-supereffective|p1a: Aegislash\n|-damage|p1a: Aegislash|0 fnt\n|-enditem|p1a: Aegislash|Leftovers|[from] move: Knock Off|[of] p2a: Ferrothorn\n|faint|p1a: Aegislash\n|\n|-heal|p2a: Ferrothorn|17\/100|[from] item: Leftovers\n|upkeep\n|\n|t:|1630025547\n|switch|p1a: Nidoking|Nidoking, M|23\/100\n|-damage|p1a: Nidoking|17\/100|[from] Stealth Rock\n|turn|40\n|\n|t:|1630025553\n|move|p1a: Nidoking|Flamethrower|p2a: Ferrothorn\n|-supereffective|p2a: Ferrothorn\n|-damage|p2a: Ferrothorn|0 fnt\n|faint|p2a: Ferrothorn\n|\n|upkeep\n|l| Shuckle15\n|\n|t:|1630025572\n|switch|p2a: Volcarona|Volcarona, F|68\/100\n|turn|41\n|\n|t:|1630025574\n|move|p2a: Volcarona|Quiver Dance|p2a: Volcarona\n|-boost|p2a: Volcarona|spa|1\n|-boost|p2a: Volcarona|spd|1\n|-boost|p2a: Volcarona|spe|1\n|move|p1a: Nidoking|Rock Slide|p2a: Volcarona\n|-supereffective|p2a: Volcarona\n|-damage|p2a: Volcarona|0 fnt\n|faint|p2a: Volcarona\n|\n|upkeep\n|\n|t:|1630025576\n|switch|p2a: Gliscor|Gliscor, M|62\/100 tox\n|turn|42\n|\n|t:|1630025578\n|move|p2a: Gliscor|Earthquake|p1a: Nidoking\n|-supereffective|p1a: Nidoking\n|-damage|p1a: Nidoking|0 fnt\n|faint|p1a: Nidoking\n|\n|-heal|p2a: Gliscor|74\/100 tox|[from] ability: Poison Heal\n|upkeep\n|\n|t:|1630025580\n|switch|p1a: Altaria|Altaria-Mega, F|22\/100\n|-damage|p1a: Altaria|10\/100|[from] Stealth Rock\n|turn|43\n|\n|t:|1630025582\n|move|p2a: Gliscor|Earthquake|p1a: Altaria\n|-damage|p1a: Altaria|0 fnt\n|faint|p1a: Altaria\n|\n|-heal|p2a: Gliscor|86\/100 tox|[from] ability: Poison Heal\n|upkeep\n|\n|t:|1630025583\n|switch|p1a: Tapu Koko|Tapu Koko|29\/100\n|-fieldstart|move: Electric Terrain|[from] ability: Electric Surge|[of] p1a: Tapu Koko\n|turn|44\n|c|\u2606TehranTyphlosions|gg\n|\n|t:|1630025586\n|move|p1a: Tapu Koko|Roost|p1a: Tapu Koko\n|-heal|p1a: Tapu Koko|79\/100\n|-singleturn|p1a: Tapu Koko|move: Roost\n|move|p2a: Gliscor|Earthquake|p1a: Tapu Koko\n|-supereffective|p1a: Tapu Koko\n|-damage|p1a: Tapu Koko|0 fnt\n|faint|p1a: Tapu Koko\n|\n|win|TehranTyphlosions\n|c|\u2606UnviaSlick|gg\n|l| Padnadnad\n","uploadtime":1630025592,"views":35,"p1id":"unviaslick","p2id":"tehrantyphlosions","formatid":"gen8nationaldexleakslegacy","rating":0,"private":0,"password":null}