{"id":"sports-gen8nationaldexdlclegacy-353190","p1":"DjezzeMwoan","p2":"DJColdCut","format":"gen8nationaldexdlclegacy","log":"|j|\u2606DjezzeMwoan\n|j|\u2606DJColdCut\n|t:|1614462467\n|player|p1|DjezzeMwoan|52|\n|player|p2|DJColdCut|elesa|\n|teamsize|p1|6\n|teamsize|p2|6\n|gametype|singles\n|gen|8\n|tier|[Gen 8] National Dex DLC Legacy\n|rule|Sleep Clause Mod: Limit one foe put to sleep\n|rule|OHKO Clause: OHKO moves are banned\n|rule|Evasion Moves Clause: Evasion moves are banned\n|rule|Endless Battle Clause: Forcing endless battles is banned\n|rule|HP Percentage Mod: HP is shown in percentages\n|clearpoke\n|poke|p1|Weezing, M|\n|poke|p1|Bronzong|\n|poke|p1|Cryogonal|\n|poke|p1|Hydreigon, F|\n|poke|p1|Cresselia, F|\n|poke|p1|Vikavolt, M|\n|poke|p2|Spectrier|\n|poke|p2|Raticate-Alola, F|\n|poke|p2|Togekiss, M|\n|poke|p2|Umbreon, F|\n|poke|p2|Alakazam, M|\n|poke|p2|Landorus, M|\n|rule|Dynamax Clause: You cannot dynamax\n|teampreview\n|html|<button name=\"send\" class=\"button\" value=\"\/timer ds\"><i class=\"fa fa-hourglass-start\"><\/i> DS Timer<\/button> <button name=\"send\" class=\"button\" value=\"\/timer smogon\"><i class=\"fa fa-hourglass-start\"><\/i> Smogon Timer<\/button>\n|c|\u2606DJColdCut|sorry about that!\n|c|\u2606DjezzeMwoan|np lol\n|c|\u2606DJColdCut|gl hf\n|c|\u2606DjezzeMwoan|hmmm\n|c|\u2606DjezzeMwoan|i mihgt have a problem lo\n|\n|t:|1614462510\n|start\n|switch|p1a: Vikavolt|Vikavolt, M|100\/100\n|switch|p2a: Landorus|Landorus, M|100\/100\n|turn|1\n|\n|t:|1614462526\n|move|p2a: Landorus|Gravity|p2a: Landorus\n|-fieldstart|move: Gravity\n|move|p1a: Vikavolt|Sticky Web|p2a: Landorus\n|-sidestart|p2: DJColdCut|move: Sticky Web\n|\n|upkeep\n|turn|2\n|c|\u2606DjezzeMwoan|this man do be staying in tho\n|\n|t:|1614462552\n|switch|p1a: Cryogonal|Cryogonal|100\/100\n|move|p2a: Landorus|Earthquake|p1a: Cryogonal\n|-damage|p1a: Cryogonal|19\/100\n|\n|upkeep\n|turn|3\n|\n|t:|1614462563\n|switch|p2a: Alakazam|Alakazam, M|100\/100\n|-activate|p2a: Alakazam|move: Sticky Web\n|-unboost|p2a: Alakazam|spe|1\n|switch|p1a: Cresselia|Cresselia, F|100\/100\n|\n|upkeep\n|turn|4\n|c|\u2606DjezzeMwoan|o fuck me\n|\n|t:|1614462588\n|switch|p1a: Bronzong|Bronzong|100\/100\n|detailschange|p2a: Alakazam|Alakazam-Mega, M\n|-mega|p2a: Alakazam|Alakazam|Alakazite\n|-ability|p2a: Alakazam|Heavy Metal|[from] ability: Trace|[of] p1a: Bronzong\n|move|p2a: Alakazam|Calm Mind|p2a: Alakazam\n|-boost|p2a: Alakazam|spa|1\n|-boost|p2a: Alakazam|spd|1\n|\n|upkeep\n|turn|5\n|c|\u2606DjezzeMwoan|i took the wrong team lmao\n|c|\u2606DjezzeMwoan|this is my team vs ice\n|c|\u2606DJColdCut|shit\n|c|\u2606DjezzeMwoan|im fucked hahahaha\n|c|\u2606DJColdCut|that sucks\n|\n|t:|1614462618\n|move|p2a: Alakazam|Shadow Ball|p1a: Bronzong\n|-supereffective|p1a: Bronzong\n|-damage|p1a: Bronzong|0 fnt\n|faint|p1a: Bronzong\n|\n|-fieldend|move: Gravity\n|upkeep\n|c|\u2606DjezzeMwoan|ok\n|c|\u2606DjezzeMwoan|well umm\n|c|\u2606DjezzeMwoan|gg\n|\n|t:|1614462627\n|switch|p1a: Vikavolt|Vikavolt, M|100\/100\n|turn|6\n|\n|t:|1614462642\n|move|p2a: Alakazam|Shadow Ball|p1a: Vikavolt\n|-damage|p1a: Vikavolt|54\/100\n|move|p1a: Vikavolt|Bug Buzz|p2a: Alakazam\n|-supereffective|p2a: Alakazam\n|-damage|p2a: Alakazam|34\/100\n|\n|upkeep\n|turn|7\n|\n|t:|1614462684\n|move|p2a: Alakazam|Shadow Ball|p1a: Vikavolt\n|-damage|p1a: Vikavolt|5\/100\n|-unboost|p1a: Vikavolt|spd|1\n|move|p1a: Vikavolt|Bug Buzz|p2a: Alakazam\n|-supereffective|p2a: Alakazam\n|-damage|p2a: Alakazam|0 fnt\n|faint|p2a: Alakazam\n|\n|upkeep\n|\n|t:|1614462697\n|switch|p2a: Landorus|Landorus, M|100\/100\n|turn|8\n|\n|t:|1614462702\n|switch|p1a: Cryogonal|Cryogonal|19\/100\n|move|p2a: Landorus|U-turn|p1a: Cryogonal\n|-damage|p1a: Cryogonal|0 fnt\n|faint|p1a: Cryogonal\n|\n|t:|1614462722\n|switch|p2a: Raticate|Raticate-Alola, F|100\/100|[from]move: U-turn\n|-activate|p2a: Raticate|move: Sticky Web\n|-unboost|p2a: Raticate|spe|1\n|\n|upkeep\n|\n|t:|1614462730\n|switch|p1a: Weezing|Weezing, M|100\/100\n|turn|9\n|\n|t:|1614462740\n|move|p1a: Weezing|Toxic Spikes|p2a: Raticate\n|-sidestart|p2: DJColdCut|move: Toxic Spikes\n|move|p2a: Raticate|Knock Off|p1a: Weezing\n|-damage|p1a: Weezing|55\/100\n|-enditem|p1a: Weezing|Black Sludge|[from] move: Knock Off|[of] p2a: Raticate\n|-damage|p2a: Raticate|91\/100|[from] item: Life Orb\n|\n|upkeep\n|turn|10\n|\n|t:|1614462750\n|switch|p2a: Landorus|Landorus, M|100\/100\n|move|p1a: Weezing|Sludge Bomb|p2a: Landorus\n|-resisted|p2a: Landorus\n|-damage|p2a: Landorus|83\/100\n|-status|p2a: Landorus|psn\n|\n|-damage|p2a: Landorus|70\/100 psn|[from] psn\n|upkeep\n|turn|11\n|\n|t:|1614462759\n|switch|p1a: Cresselia|Cresselia, F|100\/100\n|move|p2a: Landorus|Gravity|p2a: Landorus\n|-fieldstart|move: Gravity\n|\n|-damage|p2a: Landorus|58\/100 psn|[from] psn\n|upkeep\n|turn|12\n|\n|t:|1614462765\n|move|p2a: Landorus|Knock Off|p1a: Cresselia\n|-supereffective|p1a: Cresselia\n|-damage|p1a: Cresselia|70\/100\n|-damage|p2a: Landorus|41\/100 psn|[from] item: Rocky Helmet|[of] p1a: Cresselia\n|-enditem|p1a: Cresselia|Rocky Helmet|[from] move: Knock Off|[of] p2a: Landorus\n|move|p1a: Cresselia|Moonlight|p1a: Cresselia\n|-heal|p1a: Cresselia|100\/100\n|\n|-damage|p2a: Landorus|29\/100 psn|[from] psn\n|upkeep\n|turn|13\n|\n|t:|1614462780\n|move|p2a: Landorus|U-turn|p1a: Cresselia\n|-supereffective|p1a: Cresselia\n|-damage|p1a: Cresselia|75\/100\n|\n|t:|1614462807\n|switch|p2a: Umbreon|Umbreon, F|100\/100|[from]move: U-turn\n|-activate|p2a: Umbreon|move: Sticky Web\n|-unboost|p2a: Umbreon|spe|1\n|-status|p2a: Umbreon|psn\n|move|p1a: Cresselia|Psychic|p2a: Umbreon\n|-immune|p2a: Umbreon\n|\n|-damage|p2a: Umbreon|88\/100 psn|[from] psn\n|upkeep\n|turn|14\n|\n|t:|1614462818\n|switch|p1a: Weezing|Weezing, M|55\/100\n|move|p2a: Umbreon|Heal Bell|p2a: Umbreon\n|-activate|p2a: Umbreon|move: Heal Bell\n|-curestatus|p2a: Umbreon|psn|[msg]\n|-curestatus|p2: Landorus|psn|[msg]\n|\n|-heal|p2a: Umbreon|94\/100|[from] item: Leftovers\n|upkeep\n|turn|15\n|c|\u2606DjezzeMwoan|hey\n|c|\u2606DjezzeMwoan|dont\n|\n|t:|1614462829\n|move|p1a: Weezing|Sludge Bomb|p2a: Umbreon\n|-crit|p2a: Umbreon\n|-damage|p2a: Umbreon|74\/100\n|move|p2a: Umbreon|Wish|p2a: Umbreon\n|\n|-heal|p2a: Umbreon|80\/100|[from] item: Leftovers\n|-fieldend|move: Gravity\n|upkeep\n|turn|16\n|\n|t:|1614462837\n|switch|p2a: Landorus|Landorus, M|29\/100\n|move|p1a: Weezing|Flamethrower|p2a: Landorus\n|-damage|p2a: Landorus|4\/100\n|\n|-heal|p2a: Landorus|65\/100|[from] move: Wish|[wisher] Umbreon\n|upkeep\n|turn|17\n|c|\u2606DjezzeMwoan|nooooo\n|\n|t:|1614462851\n|switch|p1a: Cresselia|Cresselia, F|75\/100\n|move|p2a: Landorus|U-turn|p1a: Cresselia\n|-supereffective|p1a: Cresselia\n|-damage|p1a: Cresselia|53\/100\n|\n|t:|1614462858\n|switch|p2a: Spectrier|Spectrier|100\/100|[from]move: U-turn\n|-status|p2a: Spectrier|psn\n|-activate|p2a: Spectrier|move: Sticky Web\n|-unboost|p2a: Spectrier|spe|1\n|\n|-damage|p2a: Spectrier|88\/100 psn|[from] psn\n|upkeep\n|turn|18\n|\n|t:|1614462868\n|switch|p1a: Hydreigon|Hydreigon, F|100\/100\n|move|p2a: Spectrier|Shadow Ball|p1a: Hydreigon\n|-resisted|p1a: Hydreigon\n|-damage|p1a: Hydreigon|78\/100\n|\n|-heal|p2a: Spectrier|94\/100 psn|[from] item: Leftovers\n|-heal|p1a: Hydreigon|84\/100|[from] item: Leftovers\n|-damage|p2a: Spectrier|82\/100 psn|[from] psn\n|upkeep\n|turn|19\n|\n|t:|1614462878\n|switch|p2a: Togekiss|Togekiss, M|100\/100\n|move|p1a: Hydreigon|Flamethrower|p2a: Togekiss\n|-damage|p2a: Togekiss|85\/100\n|\n|-heal|p1a: Hydreigon|90\/100|[from] item: Leftovers\n|upkeep\n|turn|20\n|\n|t:|1614462891\n|switch|p1a: Cresselia|Cresselia, F|53\/100\n|move|p2a: Togekiss|Shadow Ball|p1a: Cresselia\n|-supereffective|p1a: Cresselia\n|-damage|p1a: Cresselia|24\/100\n|-unboost|p1a: Cresselia|spd|1\n|\n|upkeep\n|turn|21\n|\n|t:|1614462900\n|move|p1a: Cresselia|Psychic|p2a: Togekiss\n|-damage|p2a: Togekiss|70\/100\n|move|p2a: Togekiss|Shadow Ball|p1a: Cresselia\n|-supereffective|p1a: Cresselia\n|-damage|p1a: Cresselia|0 fnt\n|faint|p1a: Cresselia\n|\n|upkeep\n|\n|t:|1614462909\n|switch|p1a: Weezing|Weezing, M|55\/100\n|turn|22\n|\n|t:|1614462917\n|switch|p2a: Landorus|Landorus, M|65\/100\n|move|p1a: Weezing|Sludge Bomb|p2a: Landorus\n|-resisted|p2a: Landorus\n|-damage|p2a: Landorus|47\/100\n|-status|p2a: Landorus|psn\n|\n|-damage|p2a: Landorus|35\/100 psn|[from] psn\n|upkeep\n|turn|23\n|c|\u2606DJColdCut|now you stop\n|\n|t:|1614462930\n|move|p2a: Landorus|Gravity|p2a: Landorus\n|-fieldstart|move: Gravity\n|move|p1a: Weezing|Flamethrower|p2a: Landorus\n|-crit|p2a: Landorus\n|-damage|p2a: Landorus|1\/100 psn\n|\n|-damage|p2a: Landorus|0 fnt|[from] psn\n|faint|p2a: Landorus\n|upkeep\n|c|\u2606DjezzeMwoan|i need all the hax\n|c|\u2606DjezzeMwoan|i can get\n|c|\u2606DjezzeMwoan|bro ngl\n|\n|t:|1614462943\n|switch|p2a: Spectrier|Spectrier|82\/100 psn\n|-activate|p2a: Spectrier|move: Sticky Web\n|-unboost|p2a: Spectrier|spe|1\n|turn|24\n|c|\u2606DjezzeMwoan|that hustle combo with raticate\n|c|\u2606DjezzeMwoan|i based af\n|\n|t:|1614462953\n|switch|p1a: Vikavolt|Vikavolt, M|5\/100\n|move|p2a: Spectrier|Shadow Ball|p1a: Vikavolt\n|-damage|p1a: Vikavolt|0 fnt\n|faint|p1a: Vikavolt\n|-ability|p2a: Spectrier|Grim Neigh|boost\n|-boost|p2a: Spectrier|spa|1\n|\n|-heal|p2a: Spectrier|88\/100 psn|[from] item: Leftovers\n|-damage|p2a: Spectrier|76\/100 psn|[from] psn\n|upkeep\n|c|\u2606DJColdCut|thanks haha!\n|\n|t:|1614462957\n|switch|p1a: Hydreigon|Hydreigon, F|90\/100\n|turn|25\n|\n|t:|1614462968\n|switch|p2a: Umbreon|Umbreon, F|80\/100\n|-status|p2a: Umbreon|psn\n|-activate|p2a: Umbreon|move: Sticky Web\n|-unboost|p2a: Umbreon|spe|1\n|switch|p1a: Weezing|Weezing, M|55\/100\n|\n|-heal|p2a: Umbreon|86\/100 psn|[from] item: Leftovers\n|-damage|p2a: Umbreon|73\/100 psn|[from] psn\n|upkeep\n|turn|26\n|\n|t:|1614462980\n|switch|p1a: Hydreigon|Hydreigon, F|90\/100\n|move|p2a: Umbreon|Heal Bell|p2a: Umbreon\n|-activate|p2a: Umbreon|move: Heal Bell\n|-curestatus|p2a: Umbreon|psn|[msg]\n|-curestatus|p2: Spectrier|psn|[msg]\n|\n|-heal|p1a: Hydreigon|96\/100|[from] item: Leftovers\n|-heal|p2a: Umbreon|79\/100|[from] item: Leftovers\n|upkeep\n|turn|27\n|\n|t:|1614462989\n|move|p1a: Hydreigon|Taunt|p2a: Umbreon\n|-start|p2a: Umbreon|move: Taunt\n|cant|p2a: Umbreon|move: Taunt|Toxic\n|\n|-heal|p1a: Hydreigon|100\/100|[from] item: Leftovers\n|-heal|p2a: Umbreon|85\/100|[from] item: Leftovers\n|-fieldend|move: Gravity\n|upkeep\n|turn|28\n|\n|t:|1614462997\n|switch|p2a: Togekiss|Togekiss, M|70\/100\n|move|p1a: Hydreigon|Flamethrower|p2a: Togekiss\n|-damage|p2a: Togekiss|53\/100\n|-status|p2a: Togekiss|brn\n|\n|-damage|p2a: Togekiss|47\/100 brn|[from] brn\n|upkeep\n|turn|29\n|\n|t:|1614463006\n|switch|p1a: Weezing|Weezing, M|55\/100\n|move|p2a: Togekiss|Roost|p2a: Togekiss\n|-heal|p2a: Togekiss|97\/100 brn\n|-singleturn|p2a: Togekiss|move: Roost\n|\n|-damage|p2a: Togekiss|91\/100 brn|[from] brn\n|upkeep\n|turn|30\n|\n|t:|1614463015\n|move|p2a: Togekiss|Shadow Ball|p1a: Weezing\n|-damage|p1a: Weezing|25\/100\n|-unboost|p1a: Weezing|spd|1\n|move|p1a: Weezing|Sludge Bomb|p2a: Togekiss\n|-supereffective|p2a: Togekiss\n|-damage|p2a: Togekiss|59\/100 brn\n|\n|-damage|p2a: Togekiss|53\/100 brn|[from] brn\n|upkeep\n|turn|31\n|c|\u2606DjezzeMwoan|bro\n|c|\u2606DjezzeMwoan|how does that do 32 lmfao\n|\n|t:|1614463027\n|move|p2a: Togekiss|Shadow Ball|p1a: Weezing\n|-damage|p1a: Weezing|0 fnt\n|faint|p1a: Weezing\n|\n|-damage|p2a: Togekiss|47\/100 brn|[from] brn\n|upkeep\n|\n|t:|1614463029\n|switch|p1a: Hydreigon|Hydreigon, F|100\/100\n|turn|32\n|\n|t:|1614463035\n|move|p1a: Hydreigon|Taunt|p2a: Togekiss\n|-start|p2a: Togekiss|move: Taunt\n|cant|p2a: Togekiss|move: Taunt|Roost\n|\n|-damage|p2a: Togekiss|41\/100 brn|[from] brn\n|upkeep\n|turn|33\n|\n|t:|1614463040\n|move|p1a: Hydreigon|Flamethrower|p2a: Togekiss\n|-crit|p2a: Togekiss\n|-damage|p2a: Togekiss|19\/100 brn\n|move|p2a: Togekiss|Dazzling Gleam|p1a: Hydreigon\n|-supereffective|p1a: Hydreigon\n|-crit|p1a: Hydreigon\n|-damage|p1a: Hydreigon|0 fnt\n|faint|p1a: Hydreigon\n|\n|win|DJColdCut\n|c|\u2606DJColdCut|sorry about that\n|c|\u2606DjezzeMwoan|man really about to roost just in case dazzling doesnt kill lmfoa\n|c|\u2606DjezzeMwoan|no problem haha\n|c|\u2606DjezzeMwoan|it happens\n|c|\u2606DjezzeMwoan|i got close tho\n|c|\u2606DJColdCut|I still wasn't sure if you had flash\n|c|\u2606DJColdCut|canoon\n|c|\u2606DjezzeMwoan|still lol\n|c|\u2606DJColdCut|Crits and all that\n|j| PorygonTheBot\n|c| PorygonTheBot|Porygon has digitalized into the match... booting up... successfully calibrating stats!\n|c|\u2606DJColdCut|got me paranoid\n|l| PorygonTheBot\n|c|\u2606DjezzeMwoan|but like\n|c|\u2606DjezzeMwoan|if you are faster \n|c|\u2606DjezzeMwoan|you ohko\n|c|\u2606DjezzeMwoan|if you are slower you die\n|c|\u2606DjezzeMwoan|or you ohko lmao\n|c|\u2606DJColdCut|I was max sp def\n|c|\u2606DjezzeMwoan|anyways gg wp\n|c|\u2606DjezzeMwoan|i came close haha\n|c|\u2606DJColdCut|and wasn't running calcs\n|c|\u2606DjezzeMwoan|flash cannon mightve done it\n|c|\u2606DjezzeMwoan|me neither lol\n|c|\u2606DjezzeMwoan|calcs be big cringe\n","uploadtime":1614463070,"views":5,"p1id":"djezzemwoan","p2id":"djcoldcut","formatid":"gen8nationaldexdlclegacy","rating":0,"private":0,"password":null}