{"id":"sports-gen8nationaldexlegacy-612367","p1":"LudwigFrog","p2":"dalord96","format":"gen8nationaldexlegacy","log":"|j|\u2606LudwigFrog\n|j|\u2606dalord96\n|t:|1647210452\n|gametype|singles\n|player|p1|LudwigFrog|hilbert-wonderlauncher|\n|player|p2|dalord96|1|\n|teamsize|p1|6\n|teamsize|p2|6\n|gen|8\n|tier|[Gen 8] National Dex Legacy\n|rule|Sleep Clause Mod: Limit one foe put to sleep\n|rule|OHKO Clause: OHKO moves are banned\n|rule|Evasion Moves Clause: Evasion moves are banned\n|rule|Endless Battle Clause: Forcing endless battles is banned\n|rule|HP Percentage Mod: HP is shown in percentages\n|rule|Dynamax Clause: You cannot dynamax\n|clearpoke\n|poke|p1|Ferrothorn, M|\n|poke|p1|Weezing-Galar, M|\n|poke|p1|Toxapex, M|\n|poke|p1|Lucario, F|\n|poke|p1|Mew|\n|poke|p1|Moltres-Galar|\n|poke|p2|Necrozma-Dusk-Mane|\n|poke|p2|Tapu Lele|\n|poke|p2|Alomomola, F|\n|poke|p2|Landorus-Therian, M|\n|poke|p2|Charizard, F|\n|poke|p2|Forretress, M|\n|teampreview\n|html|<button name=\"send\" class=\"button\" value=\"\/timer ds\"><i class=\"fa fa-hourglass-start\"><\/i> DS Timer<\/button> <button name=\"send\" class=\"button\" value=\"\/timer smogon\"><i class=\"fa fa-hourglass-start\"><\/i> Smogon Timer<\/button>\n|inactive|Battle timer is ON: inactive players will automatically lose when time's up. (requested by LudwigFrog)\n|inactiveoff|Battle timer is now OFF.\n|c|\u2606dalord96|glhf\n|c|\u2606LudwigFrog|u2\n|\n|t:|1647210487\n|start\n|switch|p1a: Mew|Mew|100\/100\n|switch|p2a: Landorus|Landorus-Therian, M|100\/100\n|-ability|p2a: Landorus|Intimidate|boost\n|-unboost|p1a: Mew|atk|1\n|turn|1\n|\n|t:|1647210527\n|move|p2a: Landorus|U-turn|p1a: Mew\n|-supereffective|p1a: Mew\n|-damage|p1a: Mew|45\/100\n|\n|t:|1647210531\n|switch|p2a: Necrozma|Necrozma-Dusk-Mane|100\/100|[from]move: U-turn\n|move|p1a: Mew|Ice Beam|p2a: Necrozma\n|-resisted|p2a: Necrozma\n|-damage|p2a: Necrozma|89\/100\n|-status|p2a: Necrozma|frz\n|\n|-heal|p1a: Mew|52\/100|[from] item: Leftovers\n|-heal|p2a: Necrozma|95\/100 frz|[from] item: Leftovers\n|upkeep\n|turn|2\n|\n|t:|1647210546\n|switch|p1a: Ferrothorn|Ferrothorn, M|100\/100\n|-curestatus|p2a: Necrozma|frz|[msg]\n|move|p2a: Necrozma|Dragon Dance|p2a: Necrozma\n|-boost|p2a: Necrozma|atk|1\n|-boost|p2a: Necrozma|spe|1\n|\n|-heal|p2a: Necrozma|100\/100|[from] item: Leftovers\n|upkeep\n|turn|3\n|\n|t:|1647210553\n|switch|p1a: Moltres|Moltres-Galar|100\/100\n|move|p2a: Necrozma|Dragon Dance|p2a: Necrozma\n|-boost|p2a: Necrozma|atk|1\n|-boost|p2a: Necrozma|spe|1\n|\n|upkeep\n|turn|4\n|\n|t:|1647210560\n|move|p2a: Necrozma|Sunsteel Strike|p1a: Moltres\n|-damage|p1a: Moltres|12\/100\n|-ability|p1a: Moltres|Berserk|boost\n|-boost|p1a: Moltres|spa|1\n|move|p1a: Moltres|Foul Play|p2a: Necrozma\n|-supereffective|p2a: Necrozma\n|-damage|p2a: Necrozma|0 fnt\n|faint|p2a: Necrozma\n|\n|upkeep\n|\n|t:|1647210570\n|switch|p2a: Landorus|Landorus-Therian, M|100\/100\n|-ability|p2a: Landorus|Intimidate|boost\n|-unboost|p1a: Moltres|atk|1\n|turn|5\n|\n|t:|1647210575\n|switch|p1a: Weezing|Weezing-Galar, M|100\/100\n|move|p2a: Landorus|U-turn|p1a: Weezing\n|-resisted|p1a: Weezing\n|-damage|p1a: Weezing|96\/100\n|-damage|p2a: Landorus|84\/100|[from] item: Rocky Helmet|[of] p1a: Weezing\n|\n|t:|1647210595\n|switch|p2a: Forretress|Forretress, M|100\/100|[from]move: U-turn\n|\n|upkeep\n|turn|6\n|\n|t:|1647210599\n|switch|p1a: Moltres|Moltres-Galar|12\/100\n|move|p2a: Forretress|Stealth Rock|p1a: Moltres\n|-sidestart|p1: LudwigFrog|move: Stealth Rock\n|\n|upkeep\n|turn|7\n|\n|t:|1647210604\n|move|p1a: Moltres|Rest|p1a: Moltres\n|-status|p1a: Moltres|slp|[from] move: Rest\n|-heal|p1a: Moltres|100\/100 slp|[silent]\n|-enditem|p1a: Moltres|Chesto Berry|[eat]\n|-curestatus|p1a: Moltres|slp|[msg]\n|move|p2a: Forretress|Volt Switch|p1a: Moltres\n|-supereffective|p1a: Moltres\n|-damage|p1a: Moltres|84\/100\n|\n|t:|1647210614\n|switch|p2a: Landorus|Landorus-Therian, M|84\/100|[from]move: Volt Switch\n|-ability|p2a: Landorus|Intimidate|boost\n|-unboost|p1a: Moltres|atk|1\n|\n|upkeep\n|turn|8\n|\n|t:|1647210620\n|switch|p1a: Weezing|Weezing-Galar, M|96\/100\n|-damage|p1a: Weezing|84\/100|[from] Stealth Rock\n|move|p2a: Landorus|Stone Edge|p1a: Weezing\n|-damage|p1a: Weezing|54\/100\n|\n|upkeep\n|turn|9\n|\n|t:|1647210633\n|switch|p2a: Tapu Lele|Tapu Lele|100\/100\n|-fieldstart|move: Psychic Terrain|[from] ability: Psychic Surge|[of] p2a: Tapu Lele\n|move|p1a: Weezing|Defog|p2a: Tapu Lele\n|-unboost|p2a: Tapu Lele|evasion|1\n|-sideend|p1: LudwigFrog|Stealth Rock|[from] move: Defog|[of] p1a: Weezing\n|-fieldend|move: Psychic Terrain\n|\n|upkeep\n|turn|10\n|\n|t:|1647210646\n|switch|p1a: Ferrothorn|Ferrothorn, M|100\/100\n|move|p2a: Tapu Lele|Moonblast|p1a: Ferrothorn\n|-resisted|p1a: Ferrothorn\n|-damage|p1a: Ferrothorn|85\/100\n|\n|-heal|p1a: Ferrothorn|91\/100|[from] item: Leftovers\n|upkeep\n|turn|11\n|\n|t:|1647210659\n|switch|p2a: Forretress|Forretress, M|100\/100\n|move|p1a: Ferrothorn|Stealth Rock|p2a: Forretress\n|-sidestart|p2: dalord96|move: Stealth Rock\n|\n|-heal|p1a: Ferrothorn|98\/100|[from] item: Leftovers\n|upkeep\n|turn|12\n|\n|t:|1647210666\n|move|p2a: Forretress|Rapid Spin|p1a: Ferrothorn\n|-resisted|p1a: Ferrothorn\n|-damage|p1a: Ferrothorn|93\/100\n|-boost|p2a: Forretress|spe|1\n|-damage|p2a: Forretress|88\/100|[from] ability: Iron Barbs|[of] p1a: Ferrothorn\n|-sideend|p2: dalord96|Stealth Rock|[from] move: Rapid Spin|[of] p2a: Forretress\n|move|p1a: Ferrothorn|Knock Off|p2a: Forretress\n|-damage|p2a: Forretress|76\/100\n|-enditem|p2a: Forretress|Leftovers|[from] move: Knock Off|[of] p1a: Ferrothorn\n|\n|-heal|p1a: Ferrothorn|99\/100|[from] item: Leftovers\n|upkeep\n|turn|13\n|\n|t:|1647210677\n|move|p2a: Forretress|Stealth Rock|p1a: Ferrothorn\n|-sidestart|p1: LudwigFrog|move: Stealth Rock\n|move|p1a: Ferrothorn|Stealth Rock|p2a: Forretress\n|-sidestart|p2: dalord96|move: Stealth Rock\n|\n|-heal|p1a: Ferrothorn|100\/100|[from] item: Leftovers\n|upkeep\n|turn|14\n|\n|t:|1647210686\n|move|p2a: Forretress|Rapid Spin|p1a: Ferrothorn\n|-resisted|p1a: Ferrothorn\n|-damage|p1a: Ferrothorn|97\/100\n|-boost|p2a: Forretress|spe|1\n|-damage|p2a: Forretress|63\/100|[from] ability: Iron Barbs|[of] p1a: Ferrothorn\n|-sideend|p2: dalord96|Stealth Rock|[from] move: Rapid Spin|[of] p2a: Forretress\n|move|p1a: Ferrothorn|Leech Seed|p2a: Forretress\n|-start|p2a: Forretress|move: Leech Seed\n|\n|-heal|p1a: Ferrothorn|100\/100|[from] item: Leftovers\n|-damage|p2a: Forretress|51\/100|[from] Leech Seed|[of] p1a: Ferrothorn\n|upkeep\n|turn|15\n|\n|t:|1647210696\n|switch|p2a: Charizard|Charizard, F|100\/100\n|switch|p1a: Moltres|Moltres-Galar|84\/100\n|-damage|p1a: Moltres|60\/100|[from] Stealth Rock\n|\n|upkeep\n|turn|16\n|\n|t:|1647210707\n|detailschange|p2a: Charizard|Charizard-Mega-X, F\n|-mega|p2a: Charizard|Charizard|Charizardite X\n|move|p2a: Charizard|Flare Blitz|p1a: Moltres\n|-damage|p1a: Moltres|7\/100\n|-damage|p2a: Charizard|79\/100|[from] Recoil\n|-ability|p1a: Moltres|Berserk|boost\n|-boost|p1a: Moltres|spa|1\n|move|p1a: Moltres|Foul Play|p2a: Charizard\n|-damage|p2a: Charizard|32\/100\n|\n|upkeep\n|turn|17\n|\n|t:|1647210723\n|move|p2a: Charizard|Roost|p2a: Charizard\n|-heal|p2a: Charizard|82\/100\n|-singleturn|p2a: Charizard|move: Roost\n|move|p1a: Moltres|U-turn|p2a: Charizard\n|-resisted|p2a: Charizard\n|-damage|p2a: Charizard|75\/100\n|\n|t:|1647210729\n|switch|p1a: Weezing|Weezing-Galar, M|54\/100|[from]move: U-turn\n|-damage|p1a: Weezing|42\/100|[from] Stealth Rock\n|\n|upkeep\n|turn|18\n|\n|t:|1647210755\n|switch|p2a: Alomomola|Alomomola, F|100\/100\n|move|p1a: Weezing|Toxic|p2a: Alomomola\n|-status|p2a: Alomomola|tox\n|\n|-damage|p2a: Alomomola|94\/100 tox|[from] psn\n|upkeep\n|turn|19\n|\n|t:|1647210780\n|move|p2a: Alomomola|Wish|p2a: Alomomola\n|move|p1a: Weezing|Pain Split|p2a: Alomomola\n|-sethp|p2a: Alomomola|60\/100 tox|[from] move: Pain Split|[silent]\n|-sethp|p1a: Weezing|96\/100|[from] move: Pain Split\n|\n|-heal|p2a: Alomomola|67\/100 tox|[from] item: Leftovers\n|-damage|p2a: Alomomola|54\/100 tox|[from] psn\n|upkeep\n|turn|20\n|\n|t:|1647210793\n|switch|p2a: Landorus|Landorus-Therian, M|84\/100\n|-ability|p2a: Landorus|Intimidate|boost\n|-unboost|p1a: Weezing|atk|1\n|move|p1a: Weezing|Defog|p2a: Landorus\n|-unboost|p2a: Landorus|evasion|1\n|-sideend|p1: LudwigFrog|Stealth Rock|[from] move: Defog|[of] p1a: Weezing\n|\n|-heal|p2a: Landorus|100\/100|[from] move: Wish|[wisher] Alomomola\n|upkeep\n|turn|21\n|j| DJSen\n|\n|t:|1647210811\n|move|p2a: Landorus|U-turn|p1a: Weezing\n|-resisted|p1a: Weezing\n|-damage|p1a: Weezing|92\/100\n|-damage|p2a: Landorus|84\/100|[from] item: Rocky Helmet|[of] p1a: Weezing\n|\n|t:|1647210816\n|switch|p2a: Tapu Lele|Tapu Lele|100\/100|[from]move: U-turn\n|-fieldstart|move: Psychic Terrain|[from] ability: Psychic Surge|[of] p2a: Tapu Lele\n|move|p1a: Weezing|Toxic|p2a: Tapu Lele\n|-status|p2a: Tapu Lele|tox\n|\n|-damage|p2a: Tapu Lele|94\/100 tox|[from] psn\n|upkeep\n|turn|22\n|\n|t:|1647210826\n|switch|p2a: Charizard|Charizard-Mega-X, F|75\/100\n|switch|p1a: Mew|Mew|52\/100\n|\n|-heal|p1a: Mew|58\/100|[from] item: Leftovers\n|upkeep\n|turn|23\n|\n|t:|1647210834\n|switch|p1a: Weezing|Weezing-Galar, M|92\/100\n|move|p2a: Charizard|Dragon Dance|p2a: Charizard\n|-boost|p2a: Charizard|atk|1\n|-boost|p2a: Charizard|spe|1\n|\n|upkeep\n|turn|24\n|\n|t:|1647210841\n|move|p2a: Charizard|Dragon Dance|p2a: Charizard\n|-boost|p2a: Charizard|atk|1\n|-boost|p2a: Charizard|spe|1\n|move|p1a: Weezing|Toxic|p2a: Charizard\n|-status|p2a: Charizard|tox\n|\n|-damage|p2a: Charizard|69\/100 tox|[from] psn\n|upkeep\n|turn|25\n|\n|t:|1647210849\n|switch|p1a: Toxapex|Toxapex, M|100\/100\n|move|p2a: Charizard|Flare Blitz|p1a: Toxapex\n|-resisted|p1a: Toxapex\n|-damage|p1a: Toxapex|53\/100\n|-damage|p2a: Charizard|54\/100 tox|[from] Recoil\n|\n|-heal|p1a: Toxapex|59\/100|[from] item: Black Sludge\n|-damage|p2a: Charizard|42\/100 tox|[from] psn\n|-fieldend|move: Psychic Terrain\n|upkeep\n|turn|26\n|\n|t:|1647210858\n|switch|p1a: Weezing|Weezing-Galar, M|92\/100\n|move|p2a: Charizard|Roost|p2a: Charizard\n|-heal|p2a: Charizard|92\/100 tox\n|-singleturn|p2a: Charizard|move: Roost\n|\n|-damage|p2a: Charizard|74\/100 tox|[from] psn\n|upkeep\n|turn|27\n|\n|t:|1647210865\n|switch|p1a: Moltres|Moltres-Galar|7\/100\n|move|p2a: Charizard|Dragon Claw|p1a: Moltres\n|-damage|p1a: Moltres|0 fnt\n|faint|p1a: Moltres\n|\n|-damage|p2a: Charizard|50\/100 tox|[from] psn\n|upkeep\n|\n|t:|1647210868\n|switch|p1a: Toxapex|Toxapex, M|93\/100\n|turn|28\n|\n|t:|1647210900\n|switch|p2a: Tapu Lele|Tapu Lele|94\/100 tox\n|-fieldstart|move: Psychic Terrain|[from] ability: Psychic Surge|[of] p2a: Tapu Lele\n|move|p1a: Toxapex|Recover|p1a: Toxapex\n|-heal|p1a: Toxapex|100\/100\n|\n|-damage|p2a: Tapu Lele|88\/100 tox|[from] psn\n|upkeep\n|turn|29\n|\n|t:|1647210909\n|switch|p1a: Ferrothorn|Ferrothorn, M|100\/100\n|move|p2a: Tapu Lele|Psychic|p1a: Ferrothorn\n|-resisted|p1a: Ferrothorn\n|-damage|p1a: Ferrothorn|83\/100\n|\n|-heal|p1a: Ferrothorn|89\/100|[from] item: Leftovers\n|-damage|p2a: Tapu Lele|76\/100 tox|[from] psn\n|upkeep\n|turn|30\n|\n|t:|1647210918\n|switch|p2a: Alomomola|Alomomola, F|54\/100 tox\n|move|p1a: Ferrothorn|Stealth Rock|p2a: Alomomola\n|-sidestart|p2: dalord96|move: Stealth Rock\n|\n|-heal|p2a: Alomomola|60\/100 tox|[from] item: Leftovers\n|-heal|p1a: Ferrothorn|95\/100|[from] item: Leftovers\n|-damage|p2a: Alomomola|54\/100 tox|[from] psn\n|upkeep\n|turn|31\n|\n|t:|1647210926\n|switch|p1a: Lucario|Lucario, F|100\/100\n|move|p2a: Alomomola|Wish|p2a: Alomomola\n|\n|-heal|p2a: Alomomola|60\/100 tox|[from] item: Leftovers\n|-damage|p2a: Alomomola|48\/100 tox|[from] psn\n|upkeep\n|turn|32\n|\n|t:|1647210934\n|detailschange|p1a: Lucario|Lucario-Mega, F\n|-mega|p1a: Lucario|Lucario|Lucarionite\n|move|p2a: Alomomola|Protect|p2a: Alomomola\n|-singleturn|p2a: Alomomola|Protect\n|move|p1a: Lucario|Flash Cannon|p2a: Alomomola\n|-activate|p2a: Alomomola|move: Protect\n|\n|-heal|p2a: Alomomola|98\/100 tox|[from] move: Wish|[wisher] Alomomola\n|-heal|p2a: Alomomola|100\/100 tox|[from] item: Leftovers\n|-damage|p2a: Alomomola|82\/100 tox|[from] psn\n|-fieldend|move: Psychic Terrain\n|upkeep\n|turn|33\n|\n|t:|1647210949\n|switch|p2a: Forretress|Forretress, M|51\/100\n|-damage|p2a: Forretress|39\/100|[from] Stealth Rock\n|move|p1a: Lucario|Aura Sphere|p2a: Forretress\n|-damage|p2a: Forretress|0 fnt\n|faint|p2a: Forretress\n|\n|upkeep\n|\n|t:|1647210957\n|switch|p2a: Landorus|Landorus-Therian, M|84\/100\n|-damage|p2a: Landorus|71\/100|[from] Stealth Rock\n|-ability|p2a: Landorus|Intimidate|boost\n|-unboost|p1a: Lucario|atk|1\n|turn|34\n|\n|t:|1647210962\n|switch|p1a: Weezing|Weezing-Galar, M|92\/100\n|move|p2a: Landorus|U-turn|p1a: Weezing\n|-resisted|p1a: Weezing\n|-damage|p1a: Weezing|87\/100\n|-damage|p2a: Landorus|55\/100|[from] item: Rocky Helmet|[of] p1a: Weezing\n|\n|t:|1647210973\n|switch|p2a: Alomomola|Alomomola, F|82\/100 tox|[from]move: U-turn\n|-damage|p2a: Alomomola|70\/100 tox|[from] Stealth Rock\n|\n|-heal|p2a: Alomomola|76\/100 tox|[from] item: Leftovers\n|-damage|p2a: Alomomola|70\/100 tox|[from] psn\n|upkeep\n|turn|35\n|\n|t:|1647210980\n|move|p2a: Alomomola|Wish|p2a: Alomomola\n|move|p1a: Weezing|Strange Steam|p2a: Alomomola\n|-damage|p2a: Alomomola|43\/100 tox\n|\n|-heal|p2a: Alomomola|49\/100 tox|[from] item: Leftovers\n|-damage|p2a: Alomomola|37\/100 tox|[from] psn\n|upkeep\n|turn|36\n|\n|t:|1647210990\n|switch|p2a: Landorus|Landorus-Therian, M|55\/100\n|-damage|p2a: Landorus|42\/100|[from] Stealth Rock\n|-ability|p2a: Landorus|Intimidate|boost\n|-unboost|p1a: Weezing|atk|1\n|move|p1a: Weezing|Strange Steam|p2a: Landorus\n|-damage|p2a: Landorus|10\/100\n|\n|-heal|p2a: Landorus|94\/100|[from] move: Wish|[wisher] Alomomola\n|upkeep\n|turn|37\n|\n|t:|1647211003\n|move|p2a: Landorus|Defog|p1a: Weezing\n|-unboost|p1a: Weezing|evasion|1\n|-sideend|p2: dalord96|Stealth Rock|[from] move: Defog|[of] p2a: Landorus\n|move|p1a: Weezing|Strange Steam|p2a: Landorus\n|-damage|p2a: Landorus|58\/100\n|\n|upkeep\n|turn|38\n|\n|t:|1647211011\n|switch|p2a: Tapu Lele|Tapu Lele|76\/100 tox\n|-fieldstart|move: Psychic Terrain|[from] ability: Psychic Surge|[of] p2a: Tapu Lele\n|switch|p1a: Lucario|Lucario-Mega, F|100\/100\n|\n|-damage|p2a: Tapu Lele|70\/100 tox|[from] psn\n|upkeep\n|turn|39\n|\n|t:|1647211032\n|move|p2a: Tapu Lele|Psychic|p1a: Lucario\n|-damage|p1a: Lucario|14\/100\n|move|p1a: Lucario|Flash Cannon|p2a: Tapu Lele\n|-supereffective|p2a: Tapu Lele\n|-damage|p2a: Tapu Lele|0 fnt\n|faint|p2a: Tapu Lele\n|\n|upkeep\n|\n|t:|1647211039\n|switch|p2a: Landorus|Landorus-Therian, M|58\/100\n|-ability|p2a: Landorus|Intimidate|boost\n|-unboost|p1a: Lucario|atk|1\n|turn|40\n|\n|t:|1647211045\n|switch|p1a: Weezing|Weezing-Galar, M|87\/100\n|move|p2a: Landorus|Stone Edge|p1a: Weezing|[miss]\n|-miss|p2a: Landorus|p1a: Weezing\n|\n|upkeep\n|turn|41\n|\n|t:|1647211051\n|switch|p2a: Alomomola|Alomomola, F|37\/100 tox\n|switch|p1a: Ferrothorn|Ferrothorn, M|95\/100\n|\n|-heal|p2a: Alomomola|43\/100 tox|[from] item: Leftovers\n|-heal|p1a: Ferrothorn|100\/100|[from] item: Leftovers\n|-damage|p2a: Alomomola|37\/100 tox|[from] psn\n|upkeep\n|turn|42\n|\n|t:|1647211060\n|switch|p1a: Lucario|Lucario-Mega, F|14\/100\n|move|p2a: Alomomola|Wish|p2a: Alomomola\n|\n|-heal|p2a: Alomomola|43\/100 tox|[from] item: Leftovers\n|-damage|p2a: Alomomola|31\/100 tox|[from] psn\n|-fieldend|move: Psychic Terrain\n|upkeep\n|turn|43\n|\n|t:|1647211067\n|move|p2a: Alomomola|Protect|p2a: Alomomola\n|-singleturn|p2a: Alomomola|Protect\n|move|p1a: Lucario|Aura Sphere|p2a: Alomomola\n|-activate|p2a: Alomomola|move: Protect\n|\n|-heal|p2a: Alomomola|81\/100 tox|[from] move: Wish|[wisher] Alomomola\n|-heal|p2a: Alomomola|87\/100 tox|[from] item: Leftovers\n|-damage|p2a: Alomomola|68\/100 tox|[from] psn\n|upkeep\n|turn|44\n|\n|t:|1647211107\n|switch|p1a: Ferrothorn|Ferrothorn, M|100\/100\n|switch|p2a: Landorus|Landorus-Therian, M|58\/100\n|-ability|p2a: Landorus|Intimidate|boost\n|-unboost|p1a: Ferrothorn|atk|1\n|\n|upkeep\n|turn|45\n|\n|t:|1647211115\n|move|p2a: Landorus|Earthquake|p1a: Ferrothorn\n|-damage|p1a: Ferrothorn|50\/100\n|move|p1a: Ferrothorn|Stealth Rock|p2a: Landorus\n|-sidestart|p2: dalord96|move: Stealth Rock\n|\n|-heal|p1a: Ferrothorn|56\/100|[from] item: Leftovers\n|upkeep\n|turn|46\n|\n|t:|1647211120\n|switch|p1a: Weezing|Weezing-Galar, M|87\/100\n|move|p2a: Landorus|Earthquake|p1a: Weezing\n|-immune|p1a: Weezing|[from] ability: Levitate\n|\n|upkeep\n|turn|47\n|\n|t:|1647211128\n|switch|p2a: Alomomola|Alomomola, F|68\/100 tox\n|-damage|p2a: Alomomola|56\/100 tox|[from] Stealth Rock\n|move|p1a: Weezing|Strange Steam|p2a: Alomomola\n|-damage|p2a: Alomomola|29\/100 tox\n|\n|-heal|p2a: Alomomola|36\/100 tox|[from] item: Leftovers\n|-damage|p2a: Alomomola|29\/100 tox|[from] psn\n|upkeep\n|turn|48\n|\n|t:|1647211137\n|move|p2a: Alomomola|Wish|p2a: Alomomola\n|move|p1a: Weezing|Strange Steam|p2a: Alomomola\n|-damage|p2a: Alomomola|3\/100 tox\n|\n|-heal|p2a: Alomomola|9\/100 tox|[from] item: Leftovers\n|-damage|p2a: Alomomola|0 fnt|[from] psn\n|faint|p2a: Alomomola\n|upkeep\n|\n|t:|1647211149\n|switch|p2a: Charizard|Charizard-Mega-X, F|50\/100 tox\n|-damage|p2a: Charizard|25\/100 tox|[from] Stealth Rock\n|turn|49\n|\n|t:|1647211156\n|move|p2a: Charizard|Roost|p2a: Charizard\n|-heal|p2a: Charizard|76\/100 tox\n|-singleturn|p2a: Charizard|move: Roost\n|move|p1a: Weezing|Strange Steam|p2a: Charizard\n|-damage|p2a: Charizard|43\/100 tox\n|\n|-heal|p2a: Charizard|100\/100 tox|[from] move: Wish|[wisher] Alomomola\n|-damage|p2a: Charizard|95\/100 tox|[from] psn\n|upkeep\n|turn|50\n|\n|t:|1647211166\n|move|p2a: Charizard|Dragon Dance|p2a: Charizard\n|-boost|p2a: Charizard|atk|1\n|-boost|p2a: Charizard|spe|1\n|move|p1a: Weezing|Strange Steam|p2a: Charizard\n|-damage|p2a: Charizard|63\/100 tox\n|\n|-damage|p2a: Charizard|51\/100 tox|[from] psn\n|upkeep\n|turn|51\n|\n|t:|1647211173\n|switch|p1a: Toxapex|Toxapex, M|100\/100\n|move|p2a: Charizard|Flare Blitz|p1a: Toxapex\n|-resisted|p1a: Toxapex\n|-damage|p1a: Toxapex|65\/100\n|-damage|p2a: Charizard|40\/100 tox|[from] Recoil\n|\n|-heal|p1a: Toxapex|71\/100|[from] item: Black Sludge\n|-damage|p2a: Charizard|22\/100 tox|[from] psn\n|upkeep\n|turn|52\n|\n|t:|1647211183\n|move|p2a: Charizard|Dragon Claw|p1a: Toxapex\n|-damage|p1a: Toxapex|22\/100\n|move|p1a: Toxapex|Recover|p1a: Toxapex\n|-heal|p1a: Toxapex|72\/100\n|\n|-heal|p1a: Toxapex|78\/100|[from] item: Black Sludge\n|-damage|p2a: Charizard|0 fnt|[from] psn\n|faint|p2a: Charizard\n|upkeep\n|\n|t:|1647211191\n|switch|p2a: Landorus|Landorus-Therian, M|58\/100\n|-damage|p2a: Landorus|45\/100|[from] Stealth Rock\n|-ability|p2a: Landorus|Intimidate|boost\n|-unboost|p1a: Toxapex|atk|1\n|turn|53\n|\n|t:|1647211196\n|switch|p1a: Weezing|Weezing-Galar, M|87\/100\n|move|p2a: Landorus|Earthquake|p1a: Weezing\n|-immune|p1a: Weezing|[from] ability: Levitate\n|\n|upkeep\n|turn|54\n|\n|t:|1647211202\n|move|p2a: Landorus|Earthquake|p1a: Weezing\n|-immune|p1a: Weezing|[from] ability: Levitate\n|move|p1a: Weezing|Toxic|p2a: Landorus\n|-status|p2a: Landorus|tox\n|\n|-damage|p2a: Landorus|39\/100 tox|[from] psn\n|upkeep\n|turn|55\n|c|\u2606LudwigFrog|gg\n|\n|t:|1647211208\n|move|p2a: Landorus|Earthquake|p1a: Weezing\n|-immune|p1a: Weezing|[from] ability: Levitate\n|move|p1a: Weezing|Strange Steam|p2a: Landorus\n|-damage|p2a: Landorus|4\/100 tox\n|\n|-damage|p2a: Landorus|0 fnt|[from] psn\n|faint|p2a: Landorus\n|\n|win|LudwigFrog\n|upkeep\n|c|\u2606dalord96|gg\n|l|\u2606dalord96\n|l|\u2606LudwigFrog\n","uploadtime":1647211216,"views":54,"p1id":"ludwigfrog","p2id":"dalord96","formatid":"gen8nationaldexlegacy","rating":0,"private":0,"password":null}