{"id":"sports-gen6ubers-689551","p1":"Unviabriel","p2":"Ollitoed","format":"gen6ubers","log":"|j|\u2606Unviabriel\n|j|\u2606Ollitoed\n|t:|1658070258\n|gametype|singles\n|player|p1|Unviabriel|unviabriel.png|\n|player|p2|Ollitoed|ollitoed.png|\n|teamsize|p1|6\n|teamsize|p2|6\n|gen|6\n|tier|[Gen 6] Ubers\n|rule|Sleep Clause Mod: Limit one foe put to sleep\n|rule|Species Clause: Limit one of each Pok\u00e9mon\n|rule|OHKO Clause: OHKO moves are banned\n|rule|Moody Clause: Moody is banned\n|rule|Evasion Moves Clause: Evasion moves are banned\n|rule|Endless Battle Clause: Forcing endless battles is banned\n|rule|HP Percentage Mod: HP is shown in percentages\n|rule|Swagger Clause: Swagger is banned\n|rule|Mega Rayquaza Clause: You cannot mega evolve Rayquaza\n|clearpoke\n|poke|p1|Garchomp, F|item\n|poke|p1|Keldeo|item\n|poke|p1|Tornadus-Therian, M|item\n|poke|p1|Roserade, M|item\n|poke|p1|Jirachi|item\n|poke|p1|Diancie|item\n|poke|p2|Latios, M|item\n|poke|p2|Scizor, F|item\n|poke|p2|Azumarill, M|item\n|poke|p2|Rotom-Wash|item\n|poke|p2|Uxie|item\n|poke|p2|Nidoking, M|item\n|teampreview\n|html|<button name=\"send\" class=\"button\" value=\"\/timer ds\"><i class=\"fa fa-hourglass-start\"><\/i> DS Timer<\/button> <button name=\"send\" class=\"button\" value=\"\/timer smogon\"><i class=\"fa fa-hourglass-start\"><\/i> Smogon Timer<\/button>\n|c|\u2606Ollitoed|hf\n|c|\u2606Unviabriel|glhf\n|j| UnviaSlick\n|j| Yahoodles\n|j| EGAWalreins\n|\n|t:|1658070296\n|start\n|switch|p1a: Jirachi|Jirachi, shiny|100\/100\n|switch|p2a: Family Line|Uxie|100\/100\n|turn|1\n|\n|t:|1658070316\n|move|p1a: Jirachi|Stealth Rock|p2a: Family Line\n|-sidestart|p2: Ollitoed|move: Stealth Rock\n|move|p2a: Family Line|Stealth Rock|p1a: Jirachi\n|-sidestart|p1: Unviabriel|move: Stealth Rock\n|\n|upkeep\n|turn|2\n|\n|t:|1658070342\n|move|p1a: Jirachi|Iron Head|p2a: Family Line\n|-damage|p2a: Family Line|81\/100\n|cant|p2a: Family Line|flinch\n|\n|-heal|p2a: Family Line|87\/100|[from] item: Leftovers\n|upkeep\n|turn|3\n|\n|t:|1658070361\n|move|p1a: Jirachi|Iron Head|p2a: Family Line\n|-damage|p2a: Family Line|65\/100\n|cant|p2a: Family Line|flinch\n|\n|-heal|p2a: Family Line|71\/100|[from] item: Leftovers\n|upkeep\n|turn|4\n|\n|t:|1658070367\n|move|p1a: Jirachi|Iron Head|p2a: Family Line\n|-damage|p2a: Family Line|49\/100\n|move|p2a: Family Line|Knock Off|p1a: Jirachi\n|-supereffective|p1a: Jirachi\n|-damage|p1a: Jirachi|71\/100\n|-enditem|p1a: Jirachi|Leftovers|[from] move: Knock Off|[of] p2a: Family Line\n|\n|-heal|p2a: Family Line|55\/100|[from] item: Leftovers\n|upkeep\n|turn|5\n|\n|t:|1658070398\n|switch|p2a: Jigsaw|Scizor, F|100\/100\n|-damage|p2a: Jigsaw|88\/100|[from] Stealth Rock\n|move|p1a: Jirachi|U-turn|p2a: Jigsaw\n|-resisted|p2a: Jigsaw\n|-damage|p2a: Jigsaw|82\/100\n|\n|t:|1658070444\n|switch|p1a: Keldeo|Keldeo|100\/100|[from]move: U-turn\n|-damage|p1a: Keldeo|95\/100|[from] Stealth Rock\n|\n|upkeep\n|turn|6\n|l| Yahoodles\n|\n|t:|1658070471\n|switch|p2a: Memories|Rotom-Wash|100\/100\n|-damage|p2a: Memories|88\/100|[from] Stealth Rock\n|move|p1a: Keldeo|Scald|p2a: Memories\n|-resisted|p2a: Memories\n|-damage|p2a: Memories|63\/100\n|\n|-heal|p2a: Memories|69\/100|[from] item: Leftovers\n|upkeep\n|turn|7\n|\n|t:|1658070493\n|switch|p1a: Roserade|Roserade, M|100\/100\n|-damage|p1a: Roserade|88\/100|[from] Stealth Rock\n|move|p2a: Memories|Volt Switch|p1a: Roserade\n|-resisted|p1a: Roserade\n|-damage|p1a: Roserade|73\/100\n|\n|t:|1658070521\n|switch|p2a: Astronomy|Latios, M|100\/100|[from]move: Volt Switch\n|-damage|p2a: Astronomy|88\/100|[from] Stealth Rock\n|\n|-heal|p1a: Roserade|79\/100|[from] item: Black Sludge\n|upkeep\n|turn|8\n|\n|t:|1658070540\n|switch|p1a: Jirachi|Jirachi, shiny|71\/100\n|-damage|p1a: Jirachi|65\/100|[from] Stealth Rock\n|move|p2a: Astronomy|Shadow Ball|p1a: Jirachi\n|-supereffective|p1a: Jirachi\n|-damage|p1a: Jirachi|29\/100\n|\n|upkeep\n|turn|9\n|\n|t:|1658070559\n|move|p2a: Astronomy|Shadow Ball|p1a: Jirachi\n|-supereffective|p1a: Jirachi\n|-damage|p1a: Jirachi|0 fnt\n|faint|p1a: Jirachi\n|\n|upkeep\n|\n|t:|1658070586\n|switch|p1a: Tornadus|Tornadus-Therian, M|100\/100\n|-damage|p1a: Tornadus|76\/100|[from] Stealth Rock\n|turn|10\n|\n|t:|1658070612\n|switch|p2a: Memories|Rotom-Wash|69\/100\n|-damage|p2a: Memories|57\/100|[from] Stealth Rock\n|move|p1a: Tornadus|Knock Off|p2a: Memories\n|-damage|p2a: Memories|35\/100\n|-enditem|p2a: Memories|Leftovers|[from] move: Knock Off|[of] p1a: Tornadus\n|\n|upkeep\n|turn|11\n|j| MonkeBoi\n|l| MonkeBoi\n|inactive|Battle timer is ON: inactive players will automatically lose when time's up. (requested by Ollitoed)\n|\n|t:|1658070689\n|move|p1a: Tornadus|U-turn|p2a: Memories\n|-damage|p2a: Memories|19\/100\n|\n|t:|1658070692\n|switch|p1a: Roserade|Roserade, M|79\/100|[from]move: U-turn\n|-damage|p1a: Roserade|66\/100|[from] Stealth Rock\n|move|p2a: Memories|Pain Split|p1a: Roserade\n|-sethp|p1a: Roserade|44\/100|[from] move: Pain Split|[silent]\n|-sethp|p2a: Memories|38\/100|[from] move: Pain Split\n|\n|-heal|p1a: Roserade|50\/100|[from] item: Black Sludge\n|upkeep\n|turn|12\n|\n|t:|1658070704\n|switch|p2a: Astronomy|Latios, M|88\/100\n|-damage|p2a: Astronomy|76\/100|[from] Stealth Rock\n|move|p1a: Roserade|Sleep Powder|p2a: Astronomy\n|-status|p2a: Astronomy|slp|[from] move: Sleep Powder\n|\n|-heal|p1a: Roserade|56\/100|[from] item: Black Sludge\n|upkeep\n|turn|13\n|inactive|Unviabriel has 270 seconds left.\n|\n|t:|1658070741\n|switch|p2a: Disaster|Nidoking, M|100\/100\n|-damage|p2a: Disaster|94\/100|[from] Stealth Rock\n|switch|p1a: Tornadus|Tornadus-Therian, M|100\/100\n|-damage|p1a: Tornadus|76\/100|[from] Stealth Rock\n|\n|upkeep\n|turn|14\n|inactive|Unviabriel has 270 seconds left.\n|inactive|Ollitoed has 270 seconds left.\n|\n|t:|1658070776\n|move|p2a: Disaster|Ice Punch|p1a: Tornadus\n|-supereffective|p1a: Tornadus\n|-damage|p1a: Tornadus|3\/100\n|move|p1a: Tornadus|Knock Off|p2a: Disaster\n|-damage|p2a: Disaster|68\/100\n|-enditem|p2a: Disaster|Choice Scarf|[from] move: Knock Off|[of] p1a: Tornadus\n|\n|upkeep\n|turn|15\n|inactive|Ollitoed has 270 seconds left.\n|inactive|Unviabriel has 270 seconds left.\n|inactive|Unviabriel has 240 seconds left.\n|\n|t:|1658070826\n|move|p1a: Tornadus|U-turn|p2a: Disaster\n|-resisted|p2a: Disaster\n|-damage|p2a: Disaster|58\/100\n|\n|t:|1658070848\n|switch|p1a: Keldeo|Keldeo|95\/100|[from]move: U-turn\n|-damage|p1a: Keldeo|89\/100|[from] Stealth Rock\n|move|p2a: Disaster|Poison Jab|p1a: Keldeo\n|-damage|p1a: Keldeo|35\/100\n|\n|upkeep\n|turn|16\n|inactive|Ollitoed has 270 seconds left.\n|inactive|Ollitoed has 240 seconds left.\n|inactive|Ollitoed has 210 seconds left.\n|\n|t:|1658070917\n|move|p1a: Keldeo|Scald|p2a: Disaster\n|-supereffective|p2a: Disaster\n|-crit|p2a: Disaster\n|-damage|p2a: Disaster|0 fnt\n|faint|p2a: Disaster\n|\n|upkeep\n|inactive|Ollitoed has 210 seconds left.\n|\n|t:|1658070927\n|switch|p2a: Family Line|Uxie|55\/100\n|-damage|p2a: Family Line|42\/100|[from] Stealth Rock\n|turn|17\n|inactive|Ollitoed has 210 seconds left.\n|inactive|Unviabriel has 210 seconds left.\n|\n|t:|1658070959\n|move|p1a: Keldeo|Scald|p2a: Family Line\n|-damage|p2a: Family Line|0 fnt\n|faint|p2a: Family Line\n|\n|upkeep\n|inactive|Ollitoed has 210 seconds left.\n|\n|t:|1658070970\n|switch|p2a: Best Friend|Azumarill, M|100\/100\n|-damage|p2a: Best Friend|88\/100|[from] Stealth Rock\n|turn|18\n|inactive|Ollitoed has 210 seconds left.\n|\n|t:|1658070979\n|move|p1a: Keldeo|Scald|p2a: Best Friend\n|-resisted|p2a: Best Friend\n|-damage|p2a: Best Friend|53\/100\n|move|p2a: Best Friend|Play Rough|p1a: Keldeo\n|-supereffective|p1a: Keldeo\n|-damage|p1a: Keldeo|0 fnt\n|faint|p1a: Keldeo\n|\n|upkeep\n|inactive|Unviabriel has 210 seconds left.\n|inactive|Unviabriel has 180 seconds left.\n|\n|t:|1658071037\n|switch|p1a: Roserade|Roserade, M|56\/100\n|-damage|p1a: Roserade|44\/100|[from] Stealth Rock\n|turn|19\n|inactive|Ollitoed has 210 seconds left.\n|\n|t:|1658071056\n|switch|p2a: Astronomy|Latios, M|76\/100 slp\n|-damage|p2a: Astronomy|64\/100 slp|[from] Stealth Rock\n|move|p1a: Roserade|Giga Drain|p2a: Astronomy\n|-resisted|p2a: Astronomy\n|-damage|p2a: Astronomy|43\/100 slp\n|-heal|p1a: Roserade|56\/100|[from] drain|[of] p2a: Astronomy\n|\n|-heal|p1a: Roserade|62\/100|[from] item: Black Sludge\n|upkeep\n|turn|20\n|inactive|Unviabriel has 180 seconds left.\n|\n|t:|1658071066\n|switch|p1a: Tornadus|Tornadus-Therian, M|36\/100\n|-damage|p1a: Tornadus|11\/100|[from] Stealth Rock\n|cant|p2a: Astronomy|slp\n|\n|upkeep\n|turn|21\n|inactive|Unviabriel has 180 seconds left.\n|\n|t:|1658071084\n|move|p1a: Tornadus|U-turn|p2a: Astronomy\n|-supereffective|p2a: Astronomy\n|-damage|p2a: Astronomy|2\/100 slp\n|\n|t:|1658071093\n|switch|p1a: Diancie|Diancie|100\/100|[from]move: U-turn\n|-damage|p1a: Diancie|88\/100|[from] Stealth Rock\n|cant|p2a: Astronomy|slp\n|\n|upkeep\n|turn|22\n|inactive|Unviabriel has 180 seconds left.\n|inactive|Ollitoed has 240 seconds left.\n|j| Th3Fri3dChick3n\n|inactive|Unviabriel has 150 seconds left.\n|\n|t:|1658071139\n|detailschange|p1a: Diancie|Diancie-Mega\n|-mega|p1a: Diancie|Diancie|Diancite\n|cant|p2a: Astronomy|slp\n|move|p1a: Diancie|Hidden Power|p2a: Astronomy\n|-resisted|p2a: Astronomy\n|-damage|p2a: Astronomy|0 fnt\n|faint|p2a: Astronomy\n|\n|upkeep\n|inactive|Ollitoed has 240 seconds left.\n|c|\u2606Ollitoed|lit\n|l| Th3Fri3dChick3n\n|\n|t:|1658071156\n|switch|p2a: Jigsaw|Scizor, F|82\/100\n|-damage|p2a: Jigsaw|70\/100|[from] Stealth Rock\n|turn|23\n|inactive|Unviabriel has 150 seconds left.\n|\n|t:|1658071169\n|detailschange|p2a: Jigsaw|Scizor-Mega, F\n|-mega|p2a: Jigsaw|Scizor|Scizorite\n|move|p2a: Jigsaw|Bullet Punch|p1a: Diancie\n|-supereffective|p1a: Diancie\n|-damage|p1a: Diancie|0 fnt\n|faint|p1a: Diancie\n|\n|upkeep\n|\n|t:|1658071178\n|switch|p1a: Garchomp|Garchomp, F|100\/100\n|-damage|p1a: Garchomp|94\/100|[from] Stealth Rock\n|turn|24\n|inactive|Ollitoed has 240 seconds left.\n|\n|t:|1658071202\n|move|p1a: Garchomp|Swords Dance|p1a: Garchomp\n|-boost|p1a: Garchomp|atk|2\n|move|p2a: Jigsaw|Roost|p2a: Jigsaw\n|-heal|p2a: Jigsaw|100\/100\n|-singleturn|p2a: Jigsaw|move: Roost\n|\n|-heal|p1a: Garchomp|100\/100|[from] item: Leftovers\n|upkeep\n|turn|25\n|\n|t:|1658071207\n|move|p1a: Garchomp|Earthquake|p2a: Jigsaw\n|-damage|p2a: Jigsaw|24\/100\n|move|p2a: Jigsaw|U-turn|p1a: Garchomp\n|-damage|p1a: Garchomp|69\/100\n|-damage|p2a: Jigsaw|11\/100|[from] ability: Rough Skin|[of] p1a: Garchomp\n|\n|t:|1658071210\n|switch|p2a: Best Friend|Azumarill, M|53\/100|[from]move: U-turn\n|-damage|p2a: Best Friend|40\/100|[from] Stealth Rock\n|\n|-heal|p1a: Garchomp|75\/100|[from] item: Leftovers\n|upkeep\n|turn|26\n|\n|t:|1658071214\n|move|p2a: Best Friend|Aqua Jet|p1a: Garchomp\n|-damage|p1a: Garchomp|34\/100\n|-damage|p2a: Best Friend|28\/100|[from] ability: Rough Skin|[of] p1a: Garchomp\n|move|p1a: Garchomp|Earthquake|p2a: Best Friend\n|-damage|p2a: Best Friend|0 fnt\n|faint|p2a: Best Friend\n|\n|-heal|p1a: Garchomp|40\/100|[from] item: Leftovers\n|upkeep\n|\n|t:|1658071222\n|switch|p2a: Memories|Rotom-Wash|38\/100\n|-damage|p2a: Memories|26\/100|[from] Stealth Rock\n|turn|27\n|\n|t:|1658071225\n|move|p1a: Garchomp|Dragon Claw|p2a: Memories\n|-damage|p2a: Memories|0 fnt\n|faint|p2a: Memories\n|\n|-heal|p1a: Garchomp|46\/100|[from] item: Leftovers\n|upkeep\n|\n|t:|1658071228\n|switch|p2a: Jigsaw|Scizor-Mega, F|11\/100\n|-damage|p2a: Jigsaw|0 fnt|[from] Stealth Rock\n|faint|p2a: Jigsaw\n|\n|win|Unviabriel\n|c|\u2606Unviabriel|gg\n","uploadtime":1658071234,"views":33,"p1id":"unviabriel","p2id":"ollitoed","formatid":"gen6ubers","rating":0,"private":0,"password":null}