{"id":"sports-gen8nationaldexdlclegacy-313826","p1":"EGALombres","p2":"DjezzeMwoan","format":"gen8nationaldexdlclegacy","log":"|j|\u2606EGALombres\n|j|\u2606DjezzeMwoan\n|t:|1610102769\n|player|p1|EGALombres|egalombres.png|\n|player|p2|DjezzeMwoan|52|\n|teamsize|p1|6\n|teamsize|p2|6\n|gametype|singles\n|gen|8\n|tier|[Gen 8] National Dex DLC Legacy\n|rule|Sleep Clause Mod: Limit one foe put to sleep\n|rule|OHKO Clause: OHKO moves are banned\n|rule|Evasion Moves Clause: Evasion moves are banned\n|rule|Endless Battle Clause: Forcing endless battles is banned\n|rule|HP Percentage Mod: HP is shown in percentages\n|clearpoke\n|poke|p1|Nidoking, M|\n|poke|p1|Tornadus-Therian, M|\n|poke|p1|Mew|\n|poke|p1|Vaporeon, M|\n|poke|p1|Zeraora|\n|poke|p1|Corviknight, M|\n|poke|p2|Tapu Koko|\n|poke|p2|Glalie, M|\n|poke|p2|Cradily, M|\n|poke|p2|Latias, F|\n|poke|p2|Tangrowth, F|\n|poke|p2|Melmetal|\n|rule|Dynamax Clause: You cannot dynamax\n|teampreview\n|html|<button name=\"send\" class=\"button\" value=\"\/timer ds\"><i class=\"fa fa-hourglass-start\"><\/i> DS Timer<\/button> <button name=\"send\" class=\"button\" value=\"\/timer smogon\"><i class=\"fa fa-hourglass-start\"><\/i> Smogon Timer<\/button>\n|c|\u2606DjezzeMwoan|glhf\n|c|\u2606EGALombres|u2\n|c|\u2606DjezzeMwoan|mf got mlg lombre on his pfp\n|c|\u2606DjezzeMwoan|legend\n|\n|t:|1610102812\n|start\n|switch|p1a: StrawberryLemonade|Mew|100\/100\n|switch|p2a: Koekoek jonge|Tapu Koko|100\/100\n|-fieldstart|move: Electric Terrain|[from] ability: Electric Surge|[of] p2a: Koekoek jonge\n|turn|1\n|\n|t:|1610102819\n|move|p2a: Koekoek jonge|U-turn|p1a: StrawberryLemonade\n|-supereffective|p1a: StrawberryLemonade\n|-damage|p1a: StrawberryLemonade|76\/100\n|j| John961\n|j| TehranTyphlosions\n|c| TehranTyphlosions|pogging\n|j| EGADrifblims\n|c| TehranTyphlosions|cammy support\n|\n|t:|1610102882\n|switch|p2a: David Draiman|Glalie, M|100\/100|[from]move: U-turn\n|move|p1a: StrawberryLemonade|Stealth Rock|p2a: David Draiman\n|-sidestart|p2: DjezzeMwoan|move: Stealth Rock\n|\n|-heal|p1a: StrawberryLemonade|82\/100|[from] item: Leftovers\n|upkeep\n|turn|2\n|\n|t:|1610102899\n|switch|p1a: Gin and Tonic|Vaporeon, M|100\/100\n|detailschange|p2a: David Draiman|Glalie-Mega, M\n|-mega|p2a: David Draiman|Glalie|Glalitite\n|move|p2a: David Draiman|Freeze-Dry|p1a: Gin and Tonic\n|-supereffective|p1a: Gin and Tonic\n|-damage|p1a: Gin and Tonic|60\/100\n|-status|p1a: Gin and Tonic|frz\n|\n|-heal|p1a: Gin and Tonic|66\/100 frz|[from] item: Leftovers\n|upkeep\n|turn|3\n|c|\u2606DjezzeMwoan|im so sorry\n|c|\u2606DjezzeMwoan|that sucks a lot\n|c|\u2606EGALombres|it does\n|\n|t:|1610102928\n|move|p2a: David Draiman|Freeze-Dry|p1a: Gin and Tonic\n|-supereffective|p1a: Gin and Tonic\n|-damage|p1a: Gin and Tonic|25\/100 frz\n|cant|p1a: Gin and Tonic|frz\n|\n|-heal|p1a: Gin and Tonic|31\/100 frz|[from] item: Leftovers\n|upkeep\n|turn|4\n|c|\u2606DjezzeMwoan|wait\n|c|\u2606DjezzeMwoan|you donnt have scald?\n|c|\u2606EGALombres|don't you think i'd have clicked it\n|c| John961|F\n|\n|t:|1610102961\n|switch|p1a: Live Forever|Corviknight, M|100\/100\n|-ability|p1a: Live Forever|Pressure\n|move|p2a: David Draiman|Freeze-Dry|p1a: Live Forever\n|-damage|p1a: Live Forever|70\/100\n|\n|upkeep\n|turn|5\n|\n|t:|1610102992\n|move|p2a: David Draiman|Return|p1a: Live Forever\n|-damage|p1a: Live Forever|31\/100\n|-damage|p2a: David Draiman|84\/100|[from] item: Rocky Helmet|[of] p1a: Live Forever\n|move|p1a: Live Forever|Roost|p1a: Live Forever\n|-heal|p1a: Live Forever|81\/100\n|-singleturn|p1a: Live Forever|move: Roost\n|\n|-fieldend|move: Electric Terrain\n|upkeep\n|turn|6\n|\n|t:|1610103001\n|move|p2a: David Draiman|Explosion|p1a: Live Forever\n|-damage|p1a: Live Forever|0 fnt\n|faint|p2a: David Draiman\n|faint|p1a: Live Forever\n|\n|upkeep\n|\n|t:|1610103007\n|switch|p2a: Zweefteef|Latias, F|100\/100\n|switch|p1a: Dreamer by Design|Nidoking, M|100\/100\n|-damage|p2a: Zweefteef|88\/100|[from] Stealth Rock\n|turn|7\n|\n|t:|1610103012\n|switch|p1a: StrawberryLemonade|Mew|82\/100\n|move|p2a: Zweefteef|Defog|p1a: StrawberryLemonade\n|-unboost|p1a: StrawberryLemonade|evasion|1\n|-sideend|p2: DjezzeMwoan|Stealth Rock|[from] move: Defog|[of] p2a: Zweefteef\n|\n|-heal|p2a: Zweefteef|94\/100|[from] item: Leftovers\n|-heal|p1a: StrawberryLemonade|88\/100|[from] item: Leftovers\n|upkeep\n|turn|8\n|\n|t:|1610103026\n|switch|p2a: MLG Popplio|Melmetal|100\/100\n|switch|p1a: With Acquiesce|Tornadus-Therian, M|100\/100\n|\n|upkeep\n|turn|9\n|\n|t:|1610103033\n|switch|p2a: Koekoek jonge|Tapu Koko|100\/100\n|-fieldstart|move: Electric Terrain|[from] ability: Electric Surge|[of] p2a: Koekoek jonge\n|move|p1a: With Acquiesce|Heat Wave|p2a: Koekoek jonge\n|-damage|p2a: Koekoek jonge|62\/100\n|\n|-heal|p2a: Koekoek jonge|68\/100|[from] item: Leftovers\n|upkeep\n|turn|10\n|\n|t:|1610103044\n|switch|p1a: StrawberryLemonade|Mew|88\/100\n|move|p2a: Koekoek jonge|Roost|p2a: Koekoek jonge\n|-heal|p2a: Koekoek jonge|100\/100\n|-singleturn|p2a: Koekoek jonge|move: Roost\n|\n|-heal|p1a: StrawberryLemonade|94\/100|[from] item: Leftovers\n|upkeep\n|turn|11\n|\n|t:|1610103064\n|move|p2a: Koekoek jonge|U-turn|p1a: StrawberryLemonade\n|-supereffective|p1a: StrawberryLemonade\n|-damage|p1a: StrawberryLemonade|70\/100\n|\n|t:|1610103069\n|switch|p2a: MLG Popplio|Melmetal|100\/100|[from]move: U-turn\n|move|p1a: StrawberryLemonade|Earth Power|p2a: MLG Popplio\n|-supereffective|p2a: MLG Popplio\n|-damage|p2a: MLG Popplio|57\/100\n|\n|-heal|p1a: StrawberryLemonade|76\/100|[from] item: Leftovers\n|-heal|p2a: MLG Popplio|64\/100|[from] item: Leftovers\n|upkeep\n|turn|12\n|\n|t:|1610103099\n|move|p1a: StrawberryLemonade|Earth Power|p2a: MLG Popplio\n|-supereffective|p2a: MLG Popplio\n|-damage|p2a: MLG Popplio|24\/100\n|-unboost|p2a: MLG Popplio|spd|1\n|move|p2a: MLG Popplio|Double Iron Bash|p1a: StrawberryLemonade\n|-damage|p1a: StrawberryLemonade|47\/100\n|-damage|p1a: StrawberryLemonade|22\/100\n|-hitcount|p1a: StrawberryLemonade|2\n|\n|-heal|p1a: StrawberryLemonade|28\/100|[from] item: Leftovers\n|-heal|p2a: MLG Popplio|30\/100|[from] item: Leftovers\n|upkeep\n|turn|13\n|\n|t:|1610103106\n|switch|p2a: Zweefteef|Latias, F|94\/100\n|move|p1a: StrawberryLemonade|Roost|p1a: StrawberryLemonade\n|-heal|p1a: StrawberryLemonade|78\/100\n|-singleturn|p1a: StrawberryLemonade|move: Roost\n|\n|-heal|p2a: Zweefteef|99\/100|[from] item: Leftovers\n|-heal|p1a: StrawberryLemonade|84\/100|[from] item: Leftovers\n|-fieldend|move: Electric Terrain\n|upkeep\n|turn|14\n|\n|t:|1610103115\n|switch|p2a: Zeeaugurk|Cradily, M|100\/100\n|move|p1a: StrawberryLemonade|Toxic|p2a: Zeeaugurk\n|-status|p2a: Zeeaugurk|tox\n|\n|-heal|p1a: StrawberryLemonade|91\/100|[from] item: Leftovers\n|-damage|p2a: Zeeaugurk|94\/100 tox|[from] psn\n|upkeep\n|turn|15\n|\n|t:|1610103120\n|switch|p1a: Dreamer by Design|Nidoking, M|100\/100\n|move|p2a: Zeeaugurk|Leech Seed|p1a: Dreamer by Design\n|-start|p1a: Dreamer by Design|move: Leech Seed\n|\n|-damage|p1a: Dreamer by Design|88\/100|[from] Leech Seed|[of] p2a: Zeeaugurk\n|-heal|p2a: Zeeaugurk|100\/100 tox|[silent]\n|-damage|p2a: Zeeaugurk|88\/100 tox|[from] psn\n|upkeep\n|turn|16\n|\n|t:|1610103126\n|switch|p1a: With Acquiesce|Tornadus-Therian, M|100\/100\n|switch|p2a: Zweefteef|Latias, F|99\/100\n|\n|-heal|p2a: Zweefteef|100\/100|[from] item: Leftovers\n|upkeep\n|turn|17\n|\n|t:|1610103141\n|move|p1a: With Acquiesce|U-turn|p2a: Zweefteef\n|-supereffective|p2a: Zweefteef\n|-damage|p2a: Zweefteef|71\/100\n|\n|t:|1610103145\n|switch|p1a: StrawberryLemonade|Mew|91\/100|[from]move: U-turn\n|move|p2a: Zweefteef|Mystical Fire|p1a: StrawberryLemonade\n|-damage|p1a: StrawberryLemonade|78\/100\n|-unboost|p1a: StrawberryLemonade|spa|1\n|\n|-heal|p2a: Zweefteef|77\/100|[from] item: Leftovers\n|-heal|p1a: StrawberryLemonade|84\/100|[from] item: Leftovers\n|upkeep\n|turn|18\n|c|\u2606DjezzeMwoan|bro i lost\n|c|\u2606DjezzeMwoan|lmfao\n|\n|t:|1610103155\n|switch|p2a: Zeeaugurk|Cradily, M|88\/100 tox\n|move|p1a: StrawberryLemonade|Stealth Rock|p2a: Zeeaugurk\n|-sidestart|p2: DjezzeMwoan|move: Stealth Rock\n|\n|-heal|p1a: StrawberryLemonade|91\/100|[from] item: Leftovers\n|-damage|p2a: Zeeaugurk|82\/100 tox|[from] psn\n|upkeep\n|turn|19\n|\n|t:|1610103160\n|switch|p1a: With Acquiesce|Tornadus-Therian, M|100\/100\n|move|p2a: Zeeaugurk|Stone Edge|p1a: With Acquiesce\n|-supereffective|p1a: With Acquiesce\n|-damage|p1a: With Acquiesce|32\/100\n|\n|-damage|p2a: Zeeaugurk|70\/100 tox|[from] psn\n|upkeep\n|turn|20\n|\n|t:|1610103165\n|move|p1a: With Acquiesce|U-turn|p2a: Zeeaugurk\n|-supereffective|p2a: Zeeaugurk\n|-damage|p2a: Zeeaugurk|47\/100 tox\n|\n|t:|1610103168\n|switch|p1a: StrawberryLemonade|Mew|91\/100|[from]move: U-turn\n|move|p2a: Zeeaugurk|Stone Edge|p1a: StrawberryLemonade\n|-crit|p1a: StrawberryLemonade\n|-damage|p1a: StrawberryLemonade|53\/100\n|\n|-heal|p1a: StrawberryLemonade|59\/100|[from] item: Leftovers\n|-damage|p2a: Zeeaugurk|29\/100 tox|[from] psn\n|upkeep\n|turn|21\n|\n|t:|1610103175\n|move|p1a: StrawberryLemonade|Roost|p1a: StrawberryLemonade\n|-heal|p1a: StrawberryLemonade|100\/100\n|-singleturn|p1a: StrawberryLemonade|move: Roost\n|move|p2a: Zeeaugurk|Stone Edge|p1a: StrawberryLemonade\n|-damage|p1a: StrawberryLemonade|78\/100\n|\n|-heal|p1a: StrawberryLemonade|85\/100|[from] item: Leftovers\n|-damage|p2a: Zeeaugurk|4\/100 tox|[from] psn\n|upkeep\n|turn|22\n|\n|t:|1610103182\n|move|p1a: StrawberryLemonade|Earth Power|p2a: Zeeaugurk\n|-damage|p2a: Zeeaugurk|0 fnt\n|faint|p2a: Zeeaugurk\n|\n|-heal|p1a: StrawberryLemonade|91\/100|[from] item: Leftovers\n|upkeep\n|\n|t:|1610103188\n|switch|p2a: Koekoek jonge|Tapu Koko|100\/100\n|-damage|p2a: Koekoek jonge|88\/100|[from] Stealth Rock\n|-fieldstart|move: Electric Terrain|[from] ability: Electric Surge|[of] p2a: Koekoek jonge\n|turn|23\n|\n|t:|1610103191\n|move|p2a: Koekoek jonge|Thunderbolt|p1a: StrawberryLemonade\n|-damage|p1a: StrawberryLemonade|63\/100\n|move|p1a: StrawberryLemonade|Earth Power|p2a: Koekoek jonge\n|-supereffective|p2a: Koekoek jonge\n|-damage|p2a: Koekoek jonge|38\/100\n|\n|-heal|p2a: Koekoek jonge|44\/100|[from] item: Leftovers\n|-heal|p1a: StrawberryLemonade|69\/100|[from] item: Leftovers\n|upkeep\n|turn|24\n|c|\u2606DjezzeMwoan|well this is emberassing\n|\n|t:|1610103204\n|move|p2a: Koekoek jonge|Defog|p1a: StrawberryLemonade\n|-unboost|p1a: StrawberryLemonade|evasion|1\n|-sideend|p2: DjezzeMwoan|Stealth Rock|[from] move: Defog|[of] p2a: Koekoek jonge\n|-fieldend|move: Electric Terrain\n|move|p1a: StrawberryLemonade|Toxic|p2a: Koekoek jonge\n|-status|p2a: Koekoek jonge|tox\n|\n|-heal|p2a: Koekoek jonge|50\/100 tox|[from] item: Leftovers\n|-heal|p1a: StrawberryLemonade|75\/100|[from] item: Leftovers\n|-damage|p2a: Koekoek jonge|44\/100 tox|[from] psn\n|upkeep\n|turn|25\n|\n|t:|1610103211\n|move|p2a: Koekoek jonge|U-turn|p1a: StrawberryLemonade\n|-supereffective|p1a: StrawberryLemonade\n|-damage|p1a: StrawberryLemonade|47\/100\n|\n|t:|1610103214\n|switch|p2a: Wilfred|Tangrowth, F|100\/100|[from]move: U-turn\n|move|p1a: StrawberryLemonade|Stealth Rock|p2a: Wilfred\n|-sidestart|p2: DjezzeMwoan|move: Stealth Rock\n|\n|-heal|p1a: StrawberryLemonade|54\/100|[from] item: Leftovers\n|upkeep\n|turn|26\n|\n|t:|1610103221\n|switch|p1a: With Acquiesce|Tornadus-Therian, M|65\/100\n|move|p2a: Wilfred|Giga Drain|p1a: With Acquiesce\n|-resisted|p1a: With Acquiesce\n|-damage|p1a: With Acquiesce|48\/100\n|\n|upkeep\n|turn|27\n|\n|t:|1610103228\n|move|p1a: With Acquiesce|Hurricane|p2a: Wilfred|[miss]\n|-miss|p1a: With Acquiesce|p2a: Wilfred\n|move|p2a: Wilfred|Rock Slide|p1a: With Acquiesce|[miss]\n|-miss|p2a: Wilfred|p1a: With Acquiesce\n|\n|upkeep\n|turn|28\n|\n|t:|1610103233\n|move|p1a: With Acquiesce|U-turn|p2a: Wilfred\n|-supereffective|p2a: Wilfred\n|-damage|p2a: Wilfred|83\/100\n|\n|t:|1610103236\n|switch|p1a: StrawberryLemonade|Mew|54\/100|[from]move: U-turn\n|move|p2a: Wilfred|Rock Slide|p1a: StrawberryLemonade\n|-crit|p1a: StrawberryLemonade\n|-damage|p1a: StrawberryLemonade|34\/100\n|\n|-heal|p1a: StrawberryLemonade|40\/100|[from] item: Leftovers\n|-heal|p2a: Wilfred|89\/100|[from] item: Leftovers\n|upkeep\n|turn|29\n|\n|t:|1610103242\n|move|p1a: StrawberryLemonade|Roost|p1a: StrawberryLemonade\n|-heal|p1a: StrawberryLemonade|90\/100\n|-singleturn|p1a: StrawberryLemonade|move: Roost\n|move|p2a: Wilfred|Hidden Power|p1a: StrawberryLemonade\n|-supereffective|p1a: StrawberryLemonade\n|-damage|p1a: StrawberryLemonade|72\/100\n|\n|-heal|p1a: StrawberryLemonade|78\/100|[from] item: Leftovers\n|-heal|p2a: Wilfred|95\/100|[from] item: Leftovers\n|upkeep\n|turn|30\n|\n|t:|1610103248\n|move|p1a: StrawberryLemonade|Toxic|p2a: Wilfred\n|-status|p2a: Wilfred|tox\n|move|p2a: Wilfred|Giga Drain|p1a: StrawberryLemonade\n|-damage|p1a: StrawberryLemonade|60\/100\n|-heal|p2a: Wilfred|100\/100 tox|[from] drain|[of] p1a: StrawberryLemonade\n|\n|-heal|p1a: StrawberryLemonade|67\/100|[from] item: Leftovers\n|-damage|p2a: Wilfred|94\/100 tox|[from] psn\n|upkeep\n|turn|31\n|c|\u2606DjezzeMwoan|its over\n|\n|t:|1610103266\n|move|p1a: StrawberryLemonade|Toxic|p2a: Wilfred\n|-fail|p2a: Wilfred|tox\n|move|p2a: Wilfred|Earthquake|p1a: StrawberryLemonade\n|-damage|p1a: StrawberryLemonade|46\/100\n|\n|-heal|p1a: StrawberryLemonade|53\/100|[from] item: Leftovers\n|-heal|p2a: Wilfred|100\/100 tox|[from] item: Leftovers\n|-damage|p2a: Wilfred|88\/100 tox|[from] psn\n|upkeep\n|turn|32\n|\n|t:|1610103269\n|move|p1a: StrawberryLemonade|Roost|p1a: StrawberryLemonade\n|-heal|p1a: StrawberryLemonade|100\/100\n|-singleturn|p1a: StrawberryLemonade|move: Roost\n|move|p2a: Wilfred|Giga Drain|p1a: StrawberryLemonade\n|-damage|p1a: StrawberryLemonade|82\/100\n|-heal|p2a: Wilfred|97\/100 tox|[from] drain|[of] p1a: StrawberryLemonade\n|\n|-heal|p1a: StrawberryLemonade|88\/100|[from] item: Leftovers\n|-heal|p2a: Wilfred|100\/100 tox|[from] item: Leftovers\n|-damage|p2a: Wilfred|82\/100 tox|[from] psn\n|upkeep\n|turn|33\n|\n|t:|1610103273\n|switch|p2a: Koekoek jonge|Tapu Koko|44\/100 tox\n|-damage|p2a: Koekoek jonge|32\/100 tox|[from] Stealth Rock\n|-fieldstart|move: Electric Terrain|[from] ability: Electric Surge|[of] p2a: Koekoek jonge\n|move|p1a: StrawberryLemonade|Toxic|p2a: Koekoek jonge\n|-fail|p2a: Koekoek jonge|tox\n|\n|-heal|p2a: Koekoek jonge|38\/100 tox|[from] item: Leftovers\n|-heal|p1a: StrawberryLemonade|94\/100|[from] item: Leftovers\n|-damage|p2a: Koekoek jonge|32\/100 tox|[from] psn\n|upkeep\n|turn|34\n|\n|t:|1610103277\n|move|p2a: Koekoek jonge|Thunderbolt|p1a: StrawberryLemonade\n|-damage|p1a: StrawberryLemonade|66\/100\n|move|p1a: StrawberryLemonade|Earth Power|p2a: Koekoek jonge\n|-supereffective|p2a: Koekoek jonge\n|-damage|p2a: Koekoek jonge|0 fnt\n|faint|p2a: Koekoek jonge\n|\n|-heal|p1a: StrawberryLemonade|72\/100|[from] item: Leftovers\n|upkeep\n|\n|t:|1610103283\n|switch|p2a: MLG Popplio|Melmetal|30\/100\n|-damage|p2a: MLG Popplio|24\/100|[from] Stealth Rock\n|turn|35\n|\n|t:|1610103286\n|move|p1a: StrawberryLemonade|Earth Power|p2a: MLG Popplio\n|-supereffective|p2a: MLG Popplio\n|-damage|p2a: MLG Popplio|0 fnt\n|faint|p2a: MLG Popplio\n|\n|-heal|p1a: StrawberryLemonade|78\/100|[from] item: Leftovers\n|upkeep\n|\n|t:|1610103288\n|switch|p2a: Wilfred|Tangrowth, F|100\/100 tox\n|-damage|p2a: Wilfred|88\/100 tox|[from] Stealth Rock\n|turn|36\n|\n|t:|1610103293\n|switch|p1a: Dreamer by Design|Nidoking, M|88\/100\n|move|p2a: Wilfred|Hidden Power|p1a: Dreamer by Design\n|-resisted|p1a: Dreamer by Design\n|-damage|p1a: Dreamer by Design|79\/100\n|\n|-heal|p2a: Wilfred|94\/100 tox|[from] item: Leftovers\n|-damage|p2a: Wilfred|88\/100 tox|[from] psn\n|upkeep\n|turn|37\n|\n|t:|1610103303\n|switch|p1a: With Acquiesce|Tornadus-Therian, M|81\/100\n|switch|p2a: Zweefteef|Latias, F|77\/100\n|-damage|p2a: Zweefteef|65\/100|[from] Stealth Rock\n|\n|-heal|p2a: Zweefteef|71\/100|[from] item: Leftovers\n|-fieldend|move: Electric Terrain\n|upkeep\n|turn|38\n|\n|t:|1610103307\n|move|p1a: With Acquiesce|Knock Off|p2a: Zweefteef\n|-supereffective|p2a: Zweefteef\n|-damage|p2a: Zweefteef|34\/100\n|-enditem|p2a: Zweefteef|Leftovers|[from] move: Knock Off|[of] p1a: With Acquiesce\n|move|p2a: Zweefteef|Defog|p1a: With Acquiesce\n|-unboost|p1a: With Acquiesce|evasion|1\n|-sideend|p2: DjezzeMwoan|Stealth Rock|[from] move: Defog|[of] p2a: Zweefteef\n|\n|upkeep\n|turn|39\n|\n|t:|1610103312\n|move|p1a: With Acquiesce|U-turn|p2a: Zweefteef\n|-supereffective|p2a: Zweefteef\n|-damage|p2a: Zweefteef|8\/100\n|\n|t:|1610103316\n|switch|p1a: The Midas Touch|Zeraora|100\/100|[from]move: U-turn\n|move|p2a: Zweefteef|Recover|p2a: Zweefteef\n|-heal|p2a: Zweefteef|58\/100\n|\n|upkeep\n|turn|40\n|\n|t:|1610103322\n|move|p1a: The Midas Touch|Knock Off|p2a: Zweefteef\n|-supereffective|p2a: Zweefteef\n|-damage|p2a: Zweefteef|9\/100\n|move|p2a: Zweefteef|Psychic|p1a: The Midas Touch\n|-damage|p1a: The Midas Touch|61\/100\n|\n|upkeep\n|turn|41\n|\n|t:|1610103326\n|switch|p2a: Wilfred|Tangrowth, F|100\/100 tox\n|move|p1a: The Midas Touch|Volt Switch|p2a: Wilfred\n|-resisted|p2a: Wilfred\n|-damage|p2a: Wilfred|87\/100 tox\n|\n|t:|1610103331\n|switch|p1a: With Acquiesce|Tornadus-Therian, M|100\/100|[from]move: Volt Switch\n|\n|-heal|p2a: Wilfred|93\/100 tox|[from] item: Leftovers\n|-damage|p2a: Wilfred|87\/100 tox|[from] psn\n|upkeep\n|turn|42\n|\n|t:|1610103335\n|move|p1a: With Acquiesce|Hurricane|p2a: Wilfred|[miss]\n|-miss|p1a: With Acquiesce|p2a: Wilfred\n|move|p2a: Wilfred|Rock Slide|p1a: With Acquiesce\n|-supereffective|p1a: With Acquiesce\n|-damage|p1a: With Acquiesce|57\/100\n|\n|-heal|p2a: Wilfred|93\/100 tox|[from] item: Leftovers\n|-damage|p2a: Wilfred|81\/100 tox|[from] psn\n|upkeep\n|turn|43\n|\n|t:|1610103338\n|move|p1a: With Acquiesce|U-turn|p2a: Wilfred\n|-supereffective|p2a: Wilfred\n|-damage|p2a: Wilfred|62\/100 tox\n|\n|t:|1610103341\n|switch|p1a: StrawberryLemonade|Mew|78\/100|[from]move: U-turn\n|move|p2a: Wilfred|Rock Slide|p1a: StrawberryLemonade\n|-damage|p1a: StrawberryLemonade|65\/100\n|\n|-heal|p1a: StrawberryLemonade|71\/100|[from] item: Leftovers\n|-heal|p2a: Wilfred|68\/100 tox|[from] item: Leftovers\n|-damage|p2a: Wilfred|50\/100 tox|[from] psn\n|upkeep\n|turn|44\n|\n|t:|1610103349\n|switch|p2a: Zweefteef|Latias, F|9\/100\n|move|p1a: StrawberryLemonade|Toxic|p2a: Zweefteef\n|-status|p2a: Zweefteef|tox\n|\n|-heal|p1a: StrawberryLemonade|78\/100|[from] item: Leftovers\n|-damage|p2a: Zweefteef|3\/100 tox|[from] psn\n|upkeep\n|turn|45\n|\n|t:|1610103352\n|move|p2a: Zweefteef|Recover|p2a: Zweefteef\n|-heal|p2a: Zweefteef|53\/100 tox\n|move|p1a: StrawberryLemonade|Stealth Rock|p2a: Zweefteef\n|-sidestart|p2: DjezzeMwoan|move: Stealth Rock\n|\n|-heal|p1a: StrawberryLemonade|84\/100|[from] item: Leftovers\n|-damage|p2a: Zweefteef|41\/100 tox|[from] psn\n|upkeep\n|turn|46\n|\n|t:|1610103356\n|switch|p1a: With Acquiesce|Tornadus-Therian, M|91\/100\n|move|p2a: Zweefteef|Defog|p1a: With Acquiesce\n|-unboost|p1a: With Acquiesce|evasion|1\n|-sideend|p2: DjezzeMwoan|Stealth Rock|[from] move: Defog|[of] p2a: Zweefteef\n|\n|-damage|p2a: Zweefteef|23\/100 tox|[from] psn\n|upkeep\n|turn|47\n|\n|t:|1610103361\n|switch|p2a: Wilfred|Tangrowth, F|83\/100 tox\n|move|p1a: With Acquiesce|U-turn|p2a: Wilfred\n|-supereffective|p2a: Wilfred\n|-damage|p2a: Wilfred|63\/100 tox\n|\n|t:|1610103365\n|switch|p1a: The Midas Touch|Zeraora|61\/100|[from]move: U-turn\n|\n|-heal|p2a: Wilfred|69\/100 tox|[from] item: Leftovers\n|-damage|p2a: Wilfred|63\/100 tox|[from] psn\n|upkeep\n|turn|48\n|\n|t:|1610103368\n|move|p1a: The Midas Touch|Volt Switch|p2a: Wilfred\n|-resisted|p2a: Wilfred\n|-damage|p2a: Wilfred|50\/100 tox\n|\n|t:|1610103372\n|switch|p1a: With Acquiesce|Tornadus-Therian, M|100\/100|[from]move: Volt Switch\n|move|p2a: Wilfred|Earthquake|p1a: With Acquiesce\n|-immune|p1a: With Acquiesce\n|\n|-heal|p2a: Wilfred|56\/100 tox|[from] item: Leftovers\n|-damage|p2a: Wilfred|43\/100 tox|[from] psn\n|upkeep\n|turn|49\n|\n|t:|1610103376\n|move|p1a: With Acquiesce|U-turn|p2a: Wilfred\n|-supereffective|p2a: Wilfred\n|-damage|p2a: Wilfred|24\/100 tox\n|\n|t:|1610103379\n|switch|p1a: StrawberryLemonade|Mew|84\/100|[from]move: U-turn\n|move|p2a: Wilfred|Rock Slide|p1a: StrawberryLemonade\n|-damage|p1a: StrawberryLemonade|69\/100\n|\n|-heal|p1a: StrawberryLemonade|75\/100|[from] item: Leftovers\n|-heal|p2a: Wilfred|30\/100 tox|[from] item: Leftovers\n|-damage|p2a: Wilfred|12\/100 tox|[from] psn\n|upkeep\n|turn|50\n|\n|t:|1610103383\n|switch|p2a: Zweefteef|Latias, F|23\/100 tox\n|move|p1a: StrawberryLemonade|Stealth Rock|p2a: Zweefteef\n|-sidestart|p2: DjezzeMwoan|move: Stealth Rock\n|\n|-heal|p1a: StrawberryLemonade|81\/100|[from] item: Leftovers\n|-damage|p2a: Zweefteef|17\/100 tox|[from] psn\n|upkeep\n|turn|51\n|\n|t:|1610103390\n|switch|p1a: With Acquiesce|Tornadus-Therian, M|100\/100\n|move|p2a: Zweefteef|Recover|p2a: Zweefteef\n|-heal|p2a: Zweefteef|67\/100 tox\n|\n|-damage|p2a: Zweefteef|55\/100 tox|[from] psn\n|upkeep\n|turn|52\n|\n|t:|1610103393\n|move|p1a: With Acquiesce|Hurricane|p2a: Zweefteef\n|-damage|p2a: Zweefteef|24\/100 tox\n|-start|p2a: Zweefteef|confusion\n|-activate|p2a: Zweefteef|confusion\n|move|p2a: Zweefteef|Psychic|p1a: With Acquiesce\n|-damage|p1a: With Acquiesce|65\/100\n|\n|-damage|p2a: Zweefteef|6\/100 tox|[from] psn\n|upkeep\n|turn|53\n|\n|t:|1610103401\n|move|p1a: With Acquiesce|Knock Off|p2a: Zweefteef\n|-supereffective|p2a: Zweefteef\n|-damage|p2a: Zweefteef|0 fnt\n|faint|p2a: Zweefteef\n|\n|upkeep\n|\n|t:|1610103404\n|switch|p2a: Wilfred|Tangrowth, F|45\/100 tox\n|-damage|p2a: Wilfred|32\/100 tox|[from] Stealth Rock\n|turn|54\n|\n|t:|1610103408\n|move|p1a: With Acquiesce|U-turn|p2a: Wilfred\n|-supereffective|p2a: Wilfred\n|-damage|p2a: Wilfred|14\/100 tox\n|\n|t:|1610103410\n|switch|p1a: StrawberryLemonade|Mew|81\/100|[from]move: U-turn\n|move|p2a: Wilfred|Rock Slide|p1a: StrawberryLemonade\n|-damage|p1a: StrawberryLemonade|67\/100\n|\n|-heal|p1a: StrawberryLemonade|73\/100|[from] item: Leftovers\n|-heal|p2a: Wilfred|20\/100 tox|[from] item: Leftovers\n|-damage|p2a: Wilfred|14\/100 tox|[from] psn\n|upkeep\n|turn|55\n|c|\u2606DjezzeMwoan|what was that vapeorn set?\n|\n|t:|1610103421\n|move|p1a: StrawberryLemonade|Earth Power|p2a: Wilfred\n|-resisted|p2a: Wilfred\n|-damage|p2a: Wilfred|4\/100 tox\n|move|p2a: Wilfred|Giga Drain|p1a: StrawberryLemonade\n|-damage|p1a: StrawberryLemonade|53\/100\n|-heal|p2a: Wilfred|13\/100 tox|[from] drain|[of] p1a: StrawberryLemonade\n|\n|-heal|p1a: StrawberryLemonade|60\/100|[from] item: Leftovers\n|-heal|p2a: Wilfred|19\/100 tox|[from] item: Leftovers\n|-damage|p2a: Wilfred|6\/100 tox|[from] psn\n|upkeep\n|turn|56\n|c|\u2606EGALombres|flip turn roar\n|\n|t:|1610103427\n|move|p1a: StrawberryLemonade|Earth Power|p2a: Wilfred\n|-resisted|p2a: Wilfred\n|-damage|p2a: Wilfred|0 fnt\n|faint|p2a: Wilfred\n|\n|win|EGALombres\n|c|\u2606DjezzeMwoan|i see\n|c|\u2606DjezzeMwoan|gg\n|c|\u2606EGALombres|gg\n|c|\u2606DjezzeMwoan|cna you upload replay\n|l| John961\n|l| TehranTyphlosions\n|l| EGADrifblims\n|c|\u2606EGALombres|ye\n","uploadtime":1610103442,"views":57,"p1id":"egalombres","p2id":"djezzemwoan","formatid":"gen8nationaldexdlclegacy","rating":0,"private":0,"password":null}