{"id":"sports-gen8nationaldexdlclegacy-365822","p1":"TehranTyphlosions","p2":"DevilShinra","format":"gen8nationaldexdlclegacy","log":"|j|\u2606TehranTyphlosions\n|j|\u2606DevilShinra\n|t:|1615764350\n|player|p1|TehranTyphlosions|clair|\n|player|p2|DevilShinra|devilshinra.png|\n|teamsize|p1|6\n|teamsize|p2|6\n|gametype|singles\n|gen|8\n|tier|[Gen 8] National Dex DLC Legacy\n|rule|Sleep Clause Mod: Limit one foe put to sleep\n|rule|OHKO Clause: OHKO moves are banned\n|rule|Evasion Moves Clause: Evasion moves are banned\n|rule|Endless Battle Clause: Forcing endless battles is banned\n|rule|HP Percentage Mod: HP is shown in percentages\n|clearpoke\n|poke|p1|Whimsicott, F|\n|poke|p1|Chansey, F|\n|poke|p1|Celesteela|\n|poke|p1|Zygarde|\n|poke|p1|Victini|\n|poke|p1|Beedrill, F|\n|poke|p2|Pidgeot, F|\n|poke|p2|Urshifu-*, M|\n|poke|p2|Slowbro, F|\n|poke|p2|Tsareena, F|\n|poke|p2|Registeel|\n|poke|p2|Gengar, M|\n|rule|Dynamax Clause: You cannot dynamax\n|teampreview\n|html|<button name=\"send\" class=\"button\" value=\"\/timer ds\"><i class=\"fa fa-hourglass-start\"><\/i> DS Timer<\/button> <button name=\"send\" class=\"button\" value=\"\/timer smogon\"><i class=\"fa fa-hourglass-start\"><\/i> Smogon Timer<\/button>\n|c|\u2606TehranTyphlosions|gl gl\n|c|\u2606DevilShinra|u2 u2\n|j| PorygonTheBot\n|c| PorygonTheBot|Porygon has digitalized into the match... booting up... successfully calibrating stats!\n|j| Bananacrazy111\n|j| pinorska\n|j| EGALombres\n|j| SleepyHallowRachi\n|j| ASword6\n|j| Los Amigos\n|j| CapnSlinky\n|j| MysteryCD\n|\n|t:|1615764435\n|start\n|switch|p1a: Celesteela|Celesteela, shiny|100\/100\n|switch|p2a: William Vangeance|Registeel|100\/100\n|turn|1\n|l| ASword6\n|j| AaronHatesClefable\n|c| pinorska|will have to catch the replay for this hf both\n|l| pinorska\n|j| tylerb16\n|\n|t:|1615764477\n|switch|p1a: Victini|Victini|100\/100\n|move|p2a: William Vangeance|Thunder Wave|p1a: Victini\n|-status|p1a: Victini|par\n|\n|upkeep\n|turn|2\n|\n|t:|1615764505\n|move|p1a: Victini|V-create|p2a: William Vangeance\n|-supereffective|p2a: William Vangeance\n|-crit|p2a: William Vangeance\n|-damage|p2a: William Vangeance|4\/100\n|-unboost|p1a: Victini|spe|1\n|-unboost|p1a: Victini|def|1\n|-unboost|p1a: Victini|spd|1\n|-damage|p1a: Victini|84\/100 par|[from] item: Rocky Helmet|[of] p2a: William Vangeance\n|move|p2a: William Vangeance|Stealth Rock|p1a: Victini\n|-sidestart|p1: TehranTyphlosions|move: Stealth Rock\n|\n|upkeep\n|turn|3\n|c|\u2606TehranTyphlosions|sry\n|c|\u2606DevilShinra|all g\n|j| ALPHABETB0Y\n|j| Blackxlotus\n|\n|t:|1615764530\n|switch|p1a: Celesteela|Celesteela, shiny|100\/100\n|-damage|p1a: Celesteela|88\/100|[from] Stealth Rock\n|move|p2a: William Vangeance|Rest|p2a: William Vangeance\n|-status|p2a: William Vangeance|slp|[from] move: Rest\n|-heal|p2a: William Vangeance|100\/100 slp|[silent]\n|\n|-heal|p1a: Celesteela|94\/100|[from] item: Leftovers\n|upkeep\n|turn|4\n|\n|t:|1615764563\n|switch|p1a: Zygarde|Zygarde, shiny|100\/100\n|-damage|p1a: Zygarde|94\/100|[from] Stealth Rock\n|-ability|p1a: Zygarde|Aura Break\n|switch|p2a: Zora Ideale|Gengar, M|100\/100\n|\n|-heal|p1a: Zygarde|100\/100|[from] item: Leftovers\n|upkeep\n|turn|5\n|\n|t:|1615764585\n|switch|p2a: Mimosa Vermillion|Tsareena, F|100\/100\n|move|p1a: Zygarde|Thousand Arrows|p2a: Mimosa Vermillion\n|-resisted|p2a: Mimosa Vermillion\n|-damage|p2a: Mimosa Vermillion|87\/100\n|\n|-heal|p2a: Mimosa Vermillion|93\/100|[from] item: Leftovers\n|upkeep\n|turn|6\n|\n|t:|1615764599\n|move|p1a: Zygarde|Toxic|p2a: Mimosa Vermillion\n|-status|p2a: Mimosa Vermillion|tox\n|move|p2a: Mimosa Vermillion|Knock Off|p1a: Zygarde\n|-damage|p1a: Zygarde|81\/100\n|-enditem|p1a: Zygarde|Leftovers|[from] move: Knock Off|[of] p2a: Mimosa Vermillion\n|\n|-heal|p2a: Mimosa Vermillion|99\/100 tox|[from] item: Leftovers\n|-damage|p2a: Mimosa Vermillion|93\/100 tox|[from] psn\n|upkeep\n|turn|7\n|\n|t:|1615764607\n|switch|p1a: Celesteela|Celesteela, shiny|94\/100\n|-damage|p1a: Celesteela|82\/100|[from] Stealth Rock\n|switch|p2a: Asta|Urshifu, M|100\/100\n|\n|-heal|p1a: Celesteela|88\/100|[from] item: Leftovers\n|upkeep\n|turn|8\n|\n|t:|1615764612\n|move|p2a: Asta|Poison Jab|p1a: Celesteela\n|-immune|p1a: Celesteela\n|move|p1a: Celesteela|Air Slash|p2a: Asta\n|-supereffective|p2a: Asta\n|-damage|p2a: Asta|0 fnt\n|faint|p2a: Asta\n|-ability|p1a: Celesteela|Beast Boost|boost\n|-boost|p1a: Celesteela|spa|1\n|\n|-heal|p1a: Celesteela|94\/100|[from] item: Leftovers\n|upkeep\n|\n|t:|1615764626\n|switch|p2a: Zora Ideale|Gengar, M|100\/100\n|turn|9\n|\n|t:|1615764681\n|switch|p1a: Zygarde|Zygarde, shiny|81\/100\n|-damage|p1a: Zygarde|75\/100|[from] Stealth Rock\n|-ability|p1a: Zygarde|Aura Break\n|move|p2a: Zora Ideale|Shadow Ball|p1a: Zygarde\n|-damage|p1a: Zygarde|19\/100\n|-unboost|p1a: Zygarde|spd|1\n|\n|upkeep\n|turn|10\n|\n|t:|1615764685\n|switch|p1a: Chansey|Chansey, F|100\/100\n|-damage|p1a: Chansey|88\/100|[from] Stealth Rock\n|move|p2a: Zora Ideale|Shadow Ball|p1a: Chansey\n|-immune|p1a: Chansey\n|\n|upkeep\n|turn|11\n|\n|t:|1615764689\n|switch|p2a: Mimosa Vermillion|Tsareena, F|93\/100 tox\n|move|p1a: Chansey|Toxic|p2a: Mimosa Vermillion\n|-fail|p2a: Mimosa Vermillion|tox\n|\n|-heal|p2a: Mimosa Vermillion|99\/100 tox|[from] item: Leftovers\n|-damage|p2a: Mimosa Vermillion|93\/100 tox|[from] psn\n|upkeep\n|turn|12\n|\n|t:|1615764697\n|switch|p1a: Celesteela|Celesteela, shiny|94\/100\n|-damage|p1a: Celesteela|82\/100|[from] Stealth Rock\n|move|p2a: Mimosa Vermillion|Knock Off|p1a: Celesteela\n|-damage|p1a: Celesteela|49\/100\n|-enditem|p1a: Celesteela|Leftovers|[from] move: Knock Off|[of] p2a: Mimosa Vermillion\n|\n|-heal|p2a: Mimosa Vermillion|99\/100 tox|[from] item: Leftovers\n|-damage|p2a: Mimosa Vermillion|87\/100 tox|[from] psn\n|upkeep\n|turn|13\n|\n|t:|1615764704\n|switch|p2a: Noelle Silva|Slowbro, F|100\/100\n|move|p1a: Celesteela|Autotomize|p1a: Celesteela\n|-boost|p1a: Celesteela|spe|2\n|-start|p1a: Celesteela|Autotomize\n|\n|upkeep\n|turn|14\n|j| ASword6\n|\n|t:|1615764710\n|move|p1a: Celesteela|Air Slash|p2a: Noelle Silva\n|-damage|p2a: Noelle Silva|80\/100\n|move|p2a: Noelle Silva|Scald|p1a: Celesteela\n|-damage|p1a: Celesteela|19\/100\n|\n|upkeep\n|turn|15\n|\n|t:|1615764714\n|switch|p1a: Whimsicott|Whimsicott, F, shiny|100\/100\n|-damage|p1a: Whimsicott|88\/100|[from] Stealth Rock\n|move|p2a: Noelle Silva|Scald|p1a: Whimsicott\n|-resisted|p1a: Whimsicott\n|-damage|p1a: Whimsicott|67\/100\n|-status|p1a: Whimsicott|brn\n|\n|-heal|p1a: Whimsicott|73\/100 brn|[from] item: Leftovers\n|-damage|p1a: Whimsicott|67\/100 brn|[from] brn\n|upkeep\n|turn|16\n|\n|t:|1615764717\n|move|p1a: Whimsicott|Knock Off|p2a: Noelle Silva\n|-supereffective|p2a: Noelle Silva\n|-damage|p2a: Noelle Silva|69\/100\n|-enditem|p2a: Noelle Silva|Assault Vest|[from] move: Knock Off|[of] p1a: Whimsicott\n|move|p2a: Noelle Silva|Future Sight|p1a: Whimsicott\n|-start|p2a: Noelle Silva|move: Future Sight\n|\n|-heal|p1a: Whimsicott|73\/100 brn|[from] item: Leftovers\n|-damage|p1a: Whimsicott|67\/100 brn|[from] brn\n|upkeep\n|turn|17\n|j| TeamDaniel\n|\n|t:|1615764733\n|switch|p2a: Mimosa Vermillion|Tsareena, F|87\/100 tox\n|move|p1a: Whimsicott|Knock Off|p2a: Mimosa Vermillion\n|-damage|p2a: Mimosa Vermillion|81\/100 tox\n|-enditem|p2a: Mimosa Vermillion|Leftovers|[from] move: Knock Off|[of] p1a: Whimsicott\n|\n|-heal|p1a: Whimsicott|73\/100 brn|[from] item: Leftovers\n|-damage|p1a: Whimsicott|67\/100 brn|[from] brn\n|-damage|p2a: Mimosa Vermillion|75\/100 tox|[from] psn\n|upkeep\n|turn|18\n|\n|t:|1615764740\n|move|p1a: Whimsicott|U-turn|p2a: Mimosa Vermillion\n|-supereffective|p2a: Mimosa Vermillion\n|-damage|p2a: Mimosa Vermillion|65\/100 tox\n|\n|t:|1615764759\n|switch|p1a: Celesteela|Celesteela, shiny|19\/100|[from]move: U-turn\n|-damage|p1a: Celesteela|6\/100|[from] Stealth Rock\n|move|p2a: Mimosa Vermillion|Triple Axel|p1a: Celesteela\n|-crit|p1a: Celesteela\n|-damage|p1a: Celesteela|0 fnt\n|-hitcount|p1a: Celesteela|1\n|faint|p1a: Celesteela\n|\n|-hint|Future Sight did not hit because the target is fainted.\n|-damage|p2a: Mimosa Vermillion|52\/100 tox|[from] psn\n|upkeep\n|\n|t:|1615764775\n|switch|p1a: Beedrill|Beedrill, F, shiny|100\/100\n|-damage|p1a: Beedrill|76\/100|[from] Stealth Rock\n|turn|19\n|\n|t:|1615764780\n|switch|p2a: William Vangeance|Registeel|100\/100 slp\n|detailschange|p1a: Beedrill|Beedrill-Mega, F, shiny\n|-mega|p1a: Beedrill|Beedrill|Beedrillite\n|move|p1a: Beedrill|Poison Jab|p2a: William Vangeance\n|-immune|p2a: William Vangeance\n|\n|upkeep\n|turn|20\n|\n|t:|1615764784\n|move|p1a: Beedrill|U-turn|p2a: William Vangeance\n|-resisted|p2a: William Vangeance\n|-damage|p2a: William Vangeance|83\/100 slp\n|-damage|p1a: Beedrill|59\/100|[from] item: Rocky Helmet|[of] p2a: William Vangeance\n|j| EGADrifblims\n|\n|t:|1615764788\n|switch|p1a: Victini|Victini|84\/100 par|[from]move: U-turn\n|cant|p2a: William Vangeance|slp\n|\n|upkeep\n|turn|21\n|\n|t:|1615764795\n|switch|p2a: Noelle Silva|Slowbro, F|100\/100\n|move|p1a: Victini|Energy Ball|p2a: Noelle Silva\n|-supereffective|p2a: Noelle Silva\n|-damage|p2a: Noelle Silva|55\/100\n|\n|upkeep\n|turn|22\n|\n|t:|1615764801\n|cant|p1a: Victini|par\n|move|p2a: Noelle Silva|Future Sight|p1a: Victini\n|-start|p2a: Noelle Silva|move: Future Sight\n|\n|upkeep\n|turn|23\n|\n|t:|1615764804\n|cant|p1a: Victini|par\n|move|p2a: Noelle Silva|Scald|p1a: Victini\n|-supereffective|p1a: Victini\n|-damage|p1a: Victini|27\/100 par\n|\n|upkeep\n|turn|24\n|\n|t:|1615764808\n|switch|p1a: Chansey|Chansey, F|88\/100\n|-damage|p1a: Chansey|76\/100|[from] Stealth Rock\n|move|p2a: Noelle Silva|Seismic Toss|p1a: Chansey\n|-damage|p1a: Chansey|62\/100\n|\n|-end|p1a: Chansey|move: Future Sight\n|-damage|p1a: Chansey|49\/100\n|upkeep\n|turn|25\n|\n|t:|1615764812\n|switch|p2a: Mimosa Vermillion|Tsareena, F|52\/100 tox\n|move|p1a: Chansey|Soft-Boiled|p1a: Chansey\n|-heal|p1a: Chansey|99\/100\n|\n|-damage|p2a: Mimosa Vermillion|46\/100 tox|[from] psn\n|upkeep\n|turn|26\n|\n|t:|1615764822\n|move|p2a: Mimosa Vermillion|Synthesis|p2a: Mimosa Vermillion\n|-heal|p2a: Mimosa Vermillion|96\/100 tox\n|move|p1a: Chansey|Soft-Boiled|p1a: Chansey\n|-heal|p1a: Chansey|100\/100\n|\n|-damage|p2a: Mimosa Vermillion|83\/100 tox|[from] psn\n|upkeep\n|turn|27\n|\n|t:|1615764826\n|move|p2a: Mimosa Vermillion|Knock Off|p1a: Chansey\n|-damage|p1a: Chansey|82\/100\n|-enditem|p1a: Chansey|Eviolite|[from] move: Knock Off|[of] p2a: Mimosa Vermillion\n|move|p1a: Chansey|Seismic Toss|p2a: Mimosa Vermillion\n|-damage|p2a: Mimosa Vermillion|54\/100 tox\n|\n|-damage|p2a: Mimosa Vermillion|35\/100 tox|[from] psn\n|upkeep\n|turn|28\n|j| Corona_Chan_Senpai\n|\n|t:|1615764838\n|move|p2a: Mimosa Vermillion|Synthesis|p2a: Mimosa Vermillion\n|-heal|p2a: Mimosa Vermillion|85\/100 tox\n|move|p1a: Chansey|Soft-Boiled|p1a: Chansey\n|-heal|p1a: Chansey|100\/100\n|\n|-damage|p2a: Mimosa Vermillion|60\/100 tox|[from] psn\n|upkeep\n|turn|29\n|\n|t:|1615764841\n|move|p2a: Mimosa Vermillion|Power Whip|p1a: Chansey\n|-damage|p1a: Chansey|43\/100\n|move|p1a: Chansey|Seismic Toss|p2a: Mimosa Vermillion\n|-damage|p2a: Mimosa Vermillion|31\/100 tox\n|\n|-damage|p2a: Mimosa Vermillion|0 fnt|[from] psn\n|faint|p2a: Mimosa Vermillion\n|upkeep\n|\n|t:|1615764895\n|switch|p2a: Zora Ideale|Gengar, M|100\/100\n|turn|30\n|\n|t:|1615764898\n|move|p2a: Zora Ideale|Sludge Wave|p1a: Chansey\n|-damage|p1a: Chansey|10\/100\n|move|p1a: Chansey|Soft-Boiled|p1a: Chansey\n|-heal|p1a: Chansey|61\/100\n|\n|upkeep\n|turn|31\n|\n|t:|1615764901\n|move|p2a: Zora Ideale|Sludge Wave|p1a: Chansey\n|-damage|p1a: Chansey|24\/100\n|move|p1a: Chansey|Soft-Boiled|p1a: Chansey\n|-heal|p1a: Chansey|74\/100\n|\n|upkeep\n|turn|32\n|\n|t:|1615764904\n|move|p2a: Zora Ideale|Sludge Wave|p1a: Chansey\n|-damage|p1a: Chansey|38\/100\n|move|p1a: Chansey|Shadow Ball|p2a: Zora Ideale\n|-supereffective|p2a: Zora Ideale\n|-damage|p2a: Zora Ideale|76\/100\n|\n|upkeep\n|turn|33\n|\n|t:|1615764907\n|move|p2a: Zora Ideale|Sludge Wave|p1a: Chansey\n|-damage|p1a: Chansey|1\/100\n|move|p1a: Chansey|Soft-Boiled|p1a: Chansey\n|-heal|p1a: Chansey|52\/100\n|\n|upkeep\n|turn|34\n|\n|t:|1615764909\n|move|p2a: Zora Ideale|Sludge Wave|p1a: Chansey\n|-damage|p1a: Chansey|19\/100\n|move|p1a: Chansey|Soft-Boiled|p1a: Chansey\n|-heal|p1a: Chansey|69\/100\n|\n|upkeep\n|turn|35\n|\n|t:|1615764911\n|move|p2a: Zora Ideale|Sludge Wave|p1a: Chansey\n|-damage|p1a: Chansey|33\/100\n|move|p1a: Chansey|Soft-Boiled|p1a: Chansey\n|-heal|p1a: Chansey|83\/100\n|\n|upkeep\n|turn|36\n|\n|t:|1615764913\n|move|p2a: Zora Ideale|Sludge Wave|p1a: Chansey\n|-damage|p1a: Chansey|48\/100\n|-status|p1a: Chansey|psn\n|move|p1a: Chansey|Soft-Boiled|p1a: Chansey\n|-heal|p1a: Chansey|98\/100 psn\n|\n|-damage|p1a: Chansey|85\/100 psn|[from] psn\n|upkeep\n|turn|37\n|\n|t:|1615764916\n|move|p2a: Zora Ideale|Sludge Wave|p1a: Chansey\n|-damage|p1a: Chansey|52\/100 psn\n|move|p1a: Chansey|Shadow Ball|p2a: Zora Ideale\n|-supereffective|p2a: Zora Ideale\n|-damage|p2a: Zora Ideale|49\/100\n|\n|-damage|p1a: Chansey|40\/100 psn|[from] psn\n|upkeep\n|turn|38\n|\n|t:|1615764918\n|move|p2a: Zora Ideale|Sludge Wave|p1a: Chansey\n|-damage|p1a: Chansey|4\/100 psn\n|move|p1a: Chansey|Soft-Boiled|p1a: Chansey\n|-heal|p1a: Chansey|54\/100 psn\n|\n|-damage|p1a: Chansey|42\/100 psn|[from] psn\n|upkeep\n|turn|39\n|\n|t:|1615764921\n|move|p2a: Zora Ideale|Sludge Wave|p1a: Chansey\n|-damage|p1a: Chansey|9\/100 psn\n|move|p1a: Chansey|Soft-Boiled|p1a: Chansey\n|-heal|p1a: Chansey|59\/100 psn\n|\n|-damage|p1a: Chansey|47\/100 psn|[from] psn\n|upkeep\n|turn|40\n|\n|t:|1615764925\n|move|p2a: Zora Ideale|Sludge Wave|p1a: Chansey\n|-damage|p1a: Chansey|14\/100 psn\n|move|p1a: Chansey|Soft-Boiled|p1a: Chansey\n|-heal|p1a: Chansey|64\/100 psn\n|\n|-damage|p1a: Chansey|52\/100 psn|[from] psn\n|upkeep\n|turn|41\n|\n|t:|1615764929\n|switch|p1a: Zygarde|Zygarde, shiny|19\/100\n|-damage|p1a: Zygarde|13\/100|[from] Stealth Rock\n|-ability|p1a: Zygarde|Aura Break\n|move|p2a: Zora Ideale|Sludge Wave|p1a: Zygarde\n|-resisted|p1a: Zygarde\n|-damage|p1a: Zygarde|0 fnt\n|faint|p1a: Zygarde\n|\n|upkeep\n|\n|t:|1615764934\n|switch|p1a: Beedrill|Beedrill-Mega, F, shiny|59\/100\n|-damage|p1a: Beedrill|34\/100|[from] Stealth Rock\n|turn|42\n|\n|t:|1615764943\n|switch|p2a: William Vangeance|Registeel|83\/100 slp\n|move|p1a: Beedrill|Knock Off|p2a: William Vangeance\n|-damage|p2a: William Vangeance|59\/100 slp\n|-damage|p1a: Beedrill|18\/100|[from] item: Rocky Helmet|[of] p2a: William Vangeance\n|-enditem|p2a: William Vangeance|Rocky Helmet|[from] move: Knock Off|[of] p1a: Beedrill\n|\n|upkeep\n|turn|43\n|\n|t:|1615764947\n|move|p1a: Beedrill|Drill Run|p2a: William Vangeance\n|-supereffective|p2a: William Vangeance\n|-damage|p2a: William Vangeance|24\/100 slp\n|cant|p2a: William Vangeance|slp\n|\n|upkeep\n|turn|44\n|\n|t:|1615764950\n|move|p1a: Beedrill|Drill Run|p2a: William Vangeance\n|-supereffective|p2a: William Vangeance\n|-damage|p2a: William Vangeance|0 fnt\n|faint|p2a: William Vangeance\n|\n|upkeep\n|\n|t:|1615764956\n|switch|p2a: Nero|Pidgeot, F|100\/100\n|turn|45\n|\n|t:|1615764959\n|detailschange|p2a: Nero|Pidgeot-Mega, F\n|-mega|p2a: Nero|Pidgeot|Pidgeotite\n|move|p1a: Beedrill|Poison Jab|p2a: Nero\n|-damage|p2a: Nero|13\/100\n|move|p2a: Nero|Hurricane|p1a: Beedrill\n|-supereffective|p1a: Beedrill\n|-damage|p1a: Beedrill|0 fnt\n|faint|p1a: Beedrill\n|\n|upkeep\n|\n|t:|1615764969\n|switch|p1a: Chansey|Chansey, F|52\/100\n|-damage|p1a: Chansey|39\/100|[from] Stealth Rock\n|turn|46\n|\n|t:|1615764974\n|move|p2a: Nero|Roost|p2a: Nero\n|-heal|p2a: Nero|64\/100\n|-singleturn|p2a: Nero|move: Roost\n|move|p1a: Chansey|Soft-Boiled|p1a: Chansey\n|-heal|p1a: Chansey|89\/100\n|\n|upkeep\n|turn|47\n|\n|t:|1615764978\n|switch|p2a: Zora Ideale|Gengar, M|49\/100\n|move|p1a: Chansey|Toxic|p2a: Zora Ideale\n|-immune|p2a: Zora Ideale\n|\n|upkeep\n|turn|48\n|\n|t:|1615764980\n|move|p2a: Zora Ideale|Sludge Wave|p1a: Chansey\n|-damage|p1a: Chansey|56\/100\n|move|p1a: Chansey|Shadow Ball|p2a: Zora Ideale\n|-supereffective|p2a: Zora Ideale\n|-damage|p2a: Zora Ideale|21\/100\n|-start|p1a: Chansey|Disable|Shadow Ball|[from] ability: Cursed Body|[of] p2a: Zora Ideale\n|\n|upkeep\n|turn|49\n|\n|t:|1615765004\n|switch|p1a: Whimsicott|Whimsicott, F, shiny|67\/100 brn\n|-damage|p1a: Whimsicott|55\/100 brn|[from] Stealth Rock\n|move|p2a: Zora Ideale|Sludge Wave|p1a: Whimsicott\n|-supereffective|p1a: Whimsicott\n|-damage|p1a: Whimsicott|0 fnt\n|faint|p1a: Whimsicott\n|\n|upkeep\n|\n|t:|1615765005\n|switch|p1a: Chansey|Chansey, F|56\/100\n|-damage|p1a: Chansey|43\/100|[from] Stealth Rock\n|turn|50\n|\n|t:|1615765021\n|move|p2a: Zora Ideale|Sludge Wave|p1a: Chansey\n|-damage|p1a: Chansey|11\/100\n|move|p1a: Chansey|Soft-Boiled|p1a: Chansey\n|-heal|p1a: Chansey|62\/100\n|\n|upkeep\n|turn|51\n|\n|t:|1615765028\n|switch|p2a: Noelle Silva|Slowbro, F|88\/100\n|move|p1a: Chansey|Soft-Boiled|p1a: Chansey\n|-heal|p1a: Chansey|100\/100\n|\n|upkeep\n|turn|52\n|\n|t:|1615765031\n|move|p1a: Chansey|Toxic|p2a: Noelle Silva|[miss]\n|-miss|p1a: Chansey|p2a: Noelle Silva\n|move|p2a: Noelle Silva|Future Sight|p1a: Chansey\n|-start|p2a: Noelle Silva|move: Future Sight\n|\n|upkeep\n|turn|53\n|\n|t:|1615765037\n|move|p1a: Chansey|Shadow Ball|p2a: Noelle Silva\n|-supereffective|p2a: Noelle Silva\n|-damage|p2a: Noelle Silva|75\/100\n|move|p2a: Noelle Silva|Seismic Toss|p1a: Chansey\n|-damage|p1a: Chansey|86\/100\n|\n|upkeep\n|turn|54\n|j| BigBux5\n|\n|t:|1615765040\n|switch|p2a: Zora Ideale|Gengar, M|21\/100\n|move|p1a: Chansey|Toxic|p2a: Zora Ideale\n|-immune|p2a: Zora Ideale\n|\n|-end|p1a: Chansey|move: Future Sight\n|-damage|p1a: Chansey|65\/100\n|upkeep\n|turn|55\n|\n|t:|1615765043\n|move|p2a: Zora Ideale|Destiny Bond|p2a: Zora Ideale\n|-singlemove|p2a: Zora Ideale|Destiny Bond\n|move|p1a: Chansey|Soft-Boiled|p1a: Chansey\n|-heal|p1a: Chansey|100\/100\n|\n|upkeep\n|turn|56\n|\n|t:|1615765050\n|switch|p2a: Nero|Pidgeot-Mega, F|64\/100\n|move|p1a: Chansey|Shadow Ball|p2a: Nero\n|-immune|p2a: Nero\n|\n|upkeep\n|turn|57\n|\n|t:|1615765058\n|move|p2a: Nero|Hurricane|p1a: Chansey\n|-damage|p1a: Chansey|70\/100\n|move|p1a: Chansey|Toxic|p2a: Nero\n|-status|p2a: Nero|tox\n|\n|-damage|p2a: Nero|58\/100 tox|[from] psn\n|upkeep\n|turn|58\n|\n|t:|1615765062\n|move|p2a: Nero|Hurricane|p1a: Chansey\n|-damage|p1a: Chansey|39\/100\n|-start|p1a: Chansey|confusion\n|-activate|p1a: Chansey|confusion\n|move|p1a: Chansey|Seismic Toss|p2a: Nero\n|-damage|p2a: Nero|27\/100 tox\n|\n|-damage|p2a: Nero|15\/100 tox|[from] psn\n|upkeep\n|turn|59\n|\n|t:|1615765073\n|switch|p1a: Victini|Victini|27\/100 par\n|move|p2a: Nero|Hurricane|p1a: Victini\n|-damage|p1a: Victini|0 fnt\n|faint|p1a: Victini\n|\n|-damage|p2a: Nero|0 fnt|[from] psn\n|faint|p2a: Nero\n|upkeep\n|l| Corona_Chan_Senpai\n|c|\u2606TehranTyphlosions|damn gg\n|\n|t:|1615765091\n|switch|p2a: Noelle Silva|Slowbro, F|100\/100\n|switch|p1a: Chansey|Chansey, F|39\/100\n|-damage|p1a: Chansey|27\/100|[from] Stealth Rock\n|turn|60\n|c|\u2606DevilShinra|ggs\n|\n|t:|1615765096\n|move|p1a: Chansey|Shadow Ball|p2a: Noelle Silva\n|-supereffective|p2a: Noelle Silva\n|-damage|p2a: Noelle Silva|86\/100\n|-unboost|p2a: Noelle Silva|spd|1\n|move|p2a: Noelle Silva|Future Sight|p1a: Chansey\n|-start|p2a: Noelle Silva|move: Future Sight\n|\n|upkeep\n|turn|61\n|\n|t:|1615765099\n|move|p1a: Chansey|Shadow Ball|p2a: Noelle Silva\n|-supereffective|p2a: Noelle Silva\n|-damage|p2a: Noelle Silva|66\/100\n|-unboost|p2a: Noelle Silva|spd|1\n|move|p2a: Noelle Silva|Seismic Toss|p1a: Chansey\n|-damage|p1a: Chansey|12\/100\n|\n|upkeep\n|turn|62\n|\n|t:|1615765102\n|move|p1a: Chansey|Shadow Ball|p2a: Noelle Silva\n|-supereffective|p2a: Noelle Silva\n|-damage|p2a: Noelle Silva|41\/100\n|move|p2a: Noelle Silva|Scald|p1a: Chansey\n|-damage|p1a: Chansey|0 fnt\n|faint|p1a: Chansey\n|\n|win|DevilShinra\n|l| PorygonTheBot\n|l|\u2606TehranTyphlosions\n|l| ASword6\n|l| MysteryCD\n|l| EGADrifblims\n|l| ALPHABETB0Y\n|l| AaronHatesClefable\n|c| Blackxlotus|noelle lookin kinda strange\n|l| SleepyHallowRachi\n|l| Los Amigos\n","uploadtime":1615765103,"views":45,"p1id":"tehrantyphlosions","p2id":"devilshinra","formatid":"gen8nationaldexdlclegacy","rating":0,"private":0,"password":null}