{"id":"sports-gen8nationaldexdraft-611385","p1":"AsterJ","p2":"UnviaSlick","format":"gen8nationaldexdraft","log":"|j|\u2606AsterJ\n|j|\u2606UnviaSlick\n|t:|1647124073\n|gametype|singles\n|player|p1|AsterJ|asterj.png|\n|player|p2|UnviaSlick|unviaslick.png|\n|teamsize|p1|6\n|teamsize|p2|6\n|gen|8\n|tier|[Gen 8] National Dex Draft\n|rule|Sleep Clause Mod: Limit one foe put to sleep\n|rule|OHKO Clause: OHKO moves are banned\n|rule|Evasion Moves Clause: Evasion moves are banned\n|rule|Endless Battle Clause: Forcing endless battles is banned\n|rule|HP Percentage Mod: HP is shown in percentages\n|rule|Dynamax Clause: You cannot dynamax\n|clearpoke\n|poke|p1|Uxie|\n|poke|p1|Zapdos|\n|poke|p1|Melmetal|\n|poke|p1|Vaporeon, M|\n|poke|p1|Cinderace, F|\n|poke|p1|Nidoking, M|\n|poke|p2|Landorus, M|\n|poke|p2|Victini|\n|poke|p2|Conkeldurr, M|\n|poke|p2|Tapu Lele|\n|poke|p2|Skarmory, F|\n|poke|p2|Sceptile, F|\n|teampreview\n|html|<button name=\"send\" class=\"button\" value=\"\/timer ds\"><i class=\"fa fa-hourglass-start\"><\/i> DS Timer<\/button> <button name=\"send\" class=\"button\" value=\"\/timer smogon\"><i class=\"fa fa-hourglass-start\"><\/i> Smogon Timer<\/button>\n|c|\u2606AsterJ|Gl hf man\n|l|\u2606AsterJ\n|player|p1|\n|j|\u2606AsterJ\n|player|p1|AsterJ|asterj.png\n|c|\u2606UnviaSlick|u2\n|j|^King Hot Dog W\n|j| raykzu \u266a\n|l|\u2606AsterJ\n|player|p1|\n|j|\u2606AsterJ\n|player|p1|AsterJ|asterj.png\n|j| VIG Luffy\n|j| LatiGOD\n|\n|t:|1647124146\n|start\n|switch|p1a: Uxie|Uxie|100\/100\n|switch|p2a: Skarmory|Skarmory, F|100\/100\n|turn|1\n|c|\u2606UnviaSlick|this wont go well since i didnt remember my old build but we'll see\n|\n|t:|1647124164\n|move|p2a: Skarmory|Taunt|p1a: Uxie\n|-start|p1a: Uxie|move: Taunt\n|move|p1a: Uxie|Knock Off|p2a: Skarmory\n|-damage|p2a: Skarmory|90\/100\n|-enditem|p2a: Skarmory|Leftovers|[from] move: Knock Off|[of] p1a: Uxie\n|\n|upkeep\n|turn|2\n|\n|t:|1647124178\n|switch|p1a: Zapdos|Zapdos|100\/100\n|move|p2a: Skarmory|Stealth Rock|p1a: Zapdos\n|-sidestart|p1: AsterJ|move: Stealth Rock\n|\n|upkeep\n|turn|3\n|\n|t:|1647124188\n|switch|p2a: Landorus|Landorus, M|100\/100\n|move|p1a: Zapdos|Defog|p2a: Landorus\n|-unboost|p2a: Landorus|evasion|1\n|-sideend|p1: AsterJ|Stealth Rock|[from] move: Defog|[of] p1a: Zapdos\n|\n|upkeep\n|turn|4\n|j| megaosh\n|\n|t:|1647124203\n|move|p2a: Landorus|Rock Slide|p1a: Zapdos\n|-supereffective|p1a: Zapdos\n|-damage|p1a: Zapdos|46\/100\n|move|p1a: Zapdos|Hurricane|p2a: Landorus\n|-damage|p2a: Landorus|46\/100\n|\n|upkeep\n|turn|5\n|j| AM Zer0\n|\n|t:|1647124229\n|switch|p1a: Vaporeon|Vaporeon, M|100\/100\n|move|p2a: Landorus|U-turn|p1a: Vaporeon\n|-damage|p1a: Vaporeon|80\/100\n|-damage|p2a: Landorus|36\/100|[from] item: Life Orb\n|\n|t:|1647124235\n|switch|p2a: Sceptile|Sceptile, F|100\/100|[from]move: U-turn\n|\n|-heal|p1a: Vaporeon|86\/100|[from] item: Leftovers\n|upkeep\n|turn|6\n|\n|t:|1647124240\n|switch|p1a: Melmetal|Melmetal|100\/100\n|detailschange|p2a: Sceptile|Sceptile-Mega, F\n|-mega|p2a: Sceptile|Sceptile|Sceptilite\n|move|p2a: Sceptile|Focus Blast|p1a: Melmetal\n|-supereffective|p1a: Melmetal\n|-crit|p1a: Melmetal\n|-damage|p1a: Melmetal|26\/100\n|\n|upkeep\n|turn|7\n|\n|t:|1647124275\n|switch|p1a: Uxie|Uxie|100\/100\n|move|p2a: Sceptile|Focus Blast|p1a: Uxie\n|-resisted|p1a: Uxie\n|-damage|p1a: Uxie|83\/100\n|\n|upkeep\n|turn|8\n|\n|t:|1647124326\n|move|p2a: Sceptile|Dragon Pulse|p1a: Uxie\n|-damage|p1a: Uxie|45\/100\n|move|p1a: Uxie|Yawn|p2a: Sceptile\n|-start|p2a: Sceptile|move: Yawn|[of] p1a: Uxie\n|\n|upkeep\n|turn|9\n|j| Aberforth\n|\n|t:|1647124336\n|switch|p2a: Skarmory|Skarmory, F|90\/100\n|move|p1a: Uxie|Stealth Rock|p2a: Skarmory\n|-sidestart|p2: UnviaSlick|move: Stealth Rock\n|\n|upkeep\n|turn|10\n|\n|t:|1647124350\n|switch|p1a: Nidoking|Nidoking, M|100\/100\n|move|p2a: Skarmory|Stealth Rock|p1a: Nidoking\n|-sidestart|p1: AsterJ|move: Stealth Rock\n|\n|upkeep\n|turn|11\n|\n|t:|1647124360\n|move|p2a: Skarmory|Spikes|p1a: Nidoking\n|-sidestart|p1: AsterJ|Spikes\n|move|p1a: Nidoking|Ice Beam|p2a: Skarmory\n|-damage|p2a: Skarmory|46\/100\n|\n|upkeep\n|turn|12\n|c| megaosh|naskarm\n|\n|t:|1647124403\n|move|p1a: Nidoking|Ice Beam|p2a: Skarmory\n|-damage|p2a: Skarmory|8\/100\n|move|p2a: Skarmory|Whirlwind|p1a: Nidoking\n|drag|p1a: Uxie|Uxie|45\/100\n|-damage|p1a: Uxie|32\/100|[from] Stealth Rock\n|\n|upkeep\n|turn|13\n|\n|t:|1647124457\n|switch|p1a: Zapdos|Zapdos|46\/100\n|-damage|p1a: Zapdos|21\/100|[from] Stealth Rock\n|move|p2a: Skarmory|Spikes|p1a: Zapdos\n|-sidestart|p1: AsterJ|Spikes\n|\n|upkeep\n|turn|14\n|\n|t:|1647124461\n|move|p1a: Zapdos|Defog|p2a: Skarmory\n|-unboost|p2a: Skarmory|evasion|1\n|-sideend|p2: UnviaSlick|Stealth Rock|[from] move: Defog|[of] p1a: Zapdos\n|-sideend|p1: AsterJ|Spikes|[from] move: Defog|[of] p1a: Zapdos\n|-sideend|p1: AsterJ|Stealth Rock|[from] move: Defog|[of] p1a: Zapdos\n|move|p2a: Skarmory|Whirlwind|p1a: Zapdos\n|drag|p1a: Cinderace|Cinderace, F|100\/100\n|\n|upkeep\n|turn|15\n|\n|t:|1647124478\n|move|p1a: Cinderace|Pyro Ball|p2a: Skarmory\n|-supereffective|p2a: Skarmory\n|-damage|p2a: Skarmory|0 fnt\n|faint|p2a: Skarmory\n|\n|upkeep\n|\n|t:|1647124493\n|switch|p2a: Victini|Victini|100\/100\n|turn|16\n|\n|t:|1647124501\n|switch|p1a: Vaporeon|Vaporeon, M|86\/100\n|move|p2a: Victini|Blue Flare|p1a: Vaporeon\n|-resisted|p1a: Vaporeon\n|-damage|p1a: Vaporeon|61\/100\n|\n|-heal|p1a: Vaporeon|67\/100|[from] item: Leftovers\n|upkeep\n|turn|17\n|\n|t:|1647124510\n|move|p2a: Victini|Taunt|p1a: Vaporeon\n|-start|p1a: Vaporeon|move: Taunt\n|cant|p1a: Vaporeon|move: Taunt|Wish\n|\n|-heal|p1a: Vaporeon|73\/100|[from] item: Leftovers\n|upkeep\n|turn|18\n|\n|t:|1647124516\n|move|p2a: Victini|Flame Charge|p1a: Vaporeon\n|-resisted|p1a: Vaporeon\n|-damage|p1a: Vaporeon|67\/100\n|-boost|p2a: Victini|spe|1\n|move|p1a: Vaporeon|Flip Turn|p2a: Victini\n|-supereffective|p2a: Victini\n|-crit|p2a: Victini\n|-damage|p2a: Victini|62\/100\n|-enditem|p2a: Victini|Weakness Policy\n|-boost|p2a: Victini|atk|2|[from] item: Weakness Policy\n|-boost|p2a: Victini|spa|2|[from] item: Weakness Policy\n|\n|t:|1647124525\n|switch|p1a: Nidoking|Nidoking, M|100\/100|[from]move: Flip Turn\n|\n|upkeep\n|turn|19\n|\n|t:|1647124528\n|move|p2a: Victini|Stored Power|p1a: Nidoking\n|-supereffective|p1a: Nidoking\n|-enditem|p1a: Nidoking|Focus Sash\n|-damage|p1a: Nidoking|1\/100\n|move|p1a: Nidoking|Earth Power|p2a: Victini\n|-supereffective|p2a: Victini\n|-damage|p2a: Victini|0 fnt\n|faint|p2a: Victini\n|\n|upkeep\n|\n|t:|1647124534\n|switch|p2a: Sceptile|Sceptile-Mega, F|100\/100\n|turn|20\n|\n|t:|1647124544\n|move|p2a: Sceptile|Dragon Pulse|p1a: Nidoking\n|-damage|p1a: Nidoking|0 fnt\n|faint|p1a: Nidoking\n|\n|upkeep\n|\n|t:|1647124546\n|switch|p1a: Cinderace|Cinderace, F|100\/100\n|turn|21\n|\n|t:|1647124564\n|switch|p2a: Landorus|Landorus, M|36\/100\n|move|p1a: Cinderace|Pyro Ball|p2a: Landorus\n|-damage|p2a: Landorus|0 fnt\n|faint|p2a: Landorus\n|\n|upkeep\n|\n|t:|1647124568\n|switch|p2a: Conkeldurr|Conkeldurr, M|100\/100\n|turn|22\n|\n|t:|1647124593\n|switch|p1a: Uxie|Uxie|32\/100\n|move|p2a: Conkeldurr|Knock Off|p1a: Uxie\n|-supereffective|p1a: Uxie\n|-enditem|p1a: Uxie|Colbur Berry|[eat]\n|-enditem|p1a: Uxie|Colbur Berry|[weaken]\n|-damage|p1a: Uxie|6\/100\n|\n|-status|p2a: Conkeldurr|brn|[from] item: Flame Orb\n|upkeep\n|turn|23\n|\n|t:|1647124606\n|move|p2a: Conkeldurr|Mach Punch|p1a: Uxie\n|-resisted|p1a: Uxie\n|-damage|p1a: Uxie|0 fnt\n|faint|p1a: Uxie\n|\n|-damage|p2a: Conkeldurr|94\/100 brn|[from] brn\n|upkeep\n|\n|t:|1647124619\n|switch|p1a: Zapdos|Zapdos|21\/100\n|turn|24\n|\n|t:|1647124637\n|switch|p2a: Tapu Lele|Tapu Lele|100\/100\n|-fieldstart|move: Psychic Terrain|[from] ability: Psychic Surge|[of] p2a: Tapu Lele\n|move|p1a: Zapdos|Hurricane|p2a: Tapu Lele\n|-damage|p2a: Tapu Lele|50\/100\n|\n|upkeep\n|turn|25\n|inactive|Battle timer is ON: inactive players will automatically lose when time's up. (requested by UnviaSlick)\n|\n|t:|1647124751\n|switch|p1a: Melmetal|Melmetal|26\/100\n|move|p2a: Tapu Lele|Psychic|p1a: Melmetal\n|-resisted|p1a: Melmetal\n|-damage|p1a: Melmetal|0 fnt\n|faint|p1a: Melmetal\n|\n|upkeep\n|\n|t:|1647124757\n|switch|p1a: Cinderace|Cinderace, F|100\/100\n|turn|26\n|\n|t:|1647124765\n|move|p1a: Cinderace|Pyro Ball|p2a: Tapu Lele|[miss]\n|-miss|p1a: Cinderace|p2a: Tapu Lele\n|move|p2a: Tapu Lele|Psychic|p1a: Cinderace\n|-damage|p1a: Cinderace|0 fnt\n|faint|p1a: Cinderace\n|\n|upkeep\n|j| DashingSceptile\n|l| megaosh\n|j| UnviaPuk\n|j| Schrosch\n|c|\u2606UnviaSlick|sorry\n|inactive|AsterJ has 270 seconds left.\n|\n|t:|1647124795\n|switch|p1a: Vaporeon|Vaporeon, M|67\/100\n|turn|27\n|c|\u2606UnviaSlick|what was the ace item?\n|\n|t:|1647124799\n|move|p1a: Vaporeon|Protect|p1a: Vaporeon\n|-singleturn|p1a: Vaporeon|Protect\n|move|p2a: Tapu Lele|Psychic|p1a: Vaporeon\n|-activate|p1a: Vaporeon|move: Protect\n|\n|-heal|p1a: Vaporeon|73\/100|[from] item: Leftovers\n|upkeep\n|turn|28\n|c| LatiGOD|cinderace = bad\n|c| LatiGOD|run flare blitz\n|inactive|AsterJ has 270 seconds left.\n|inactive|AsterJ has 240 seconds left.\n|c|\u2606AsterJ|Banded\n|inactive|AsterJ has 210 seconds left.\n|\n|t:|1647124887\n|move|p1a: Vaporeon|Protect|p1a: Vaporeon\n|-singleturn|p1a: Vaporeon|Protect\n|move|p2a: Tapu Lele|Psychic|p1a: Vaporeon\n|-activate|p1a: Vaporeon|move: Protect\n|\n|-heal|p1a: Vaporeon|79\/100|[from] item: Leftovers\n|-fieldend|move: Psychic Terrain\n|upkeep\n|turn|29\n|\n|t:|1647124892\n|move|p2a: Tapu Lele|Psychic|p1a: Vaporeon\n|-damage|p1a: Vaporeon|19\/100\n|move|p1a: Vaporeon|Wish|p1a: Vaporeon\n|\n|-heal|p1a: Vaporeon|25\/100|[from] item: Leftovers\n|upkeep\n|turn|30\n|\n|t:|1647124897\n|switch|p2a: Sceptile|Sceptile-Mega, F|100\/100\n|move|p1a: Vaporeon|Protect||[still]\n|-fail|p1a: Vaporeon\n|\n|-heal|p1a: Vaporeon|75\/100|[from] move: Wish|[wisher] Vaporeon\n|-heal|p1a: Vaporeon|81\/100|[from] item: Leftovers\n|upkeep\n|turn|31\n|\n|t:|1647124902\n|move|p1a: Vaporeon|Protect|p1a: Vaporeon\n|-singleturn|p1a: Vaporeon|Protect\n|move|p2a: Sceptile|Leaf Storm|p1a: Vaporeon\n|-activate|p1a: Vaporeon|move: Protect\n|\n|-heal|p1a: Vaporeon|87\/100|[from] item: Leftovers\n|upkeep\n|turn|32\n|\n|t:|1647124918\n|move|p2a: Sceptile|Dragon Pulse|p1a: Vaporeon\n|-damage|p1a: Vaporeon|48\/100\n|move|p1a: Vaporeon|Wish|p1a: Vaporeon\n|\n|-heal|p1a: Vaporeon|54\/100|[from] item: Leftovers\n|upkeep\n|turn|33\n|\n|t:|1647124924\n|move|p1a: Vaporeon|Protect|p1a: Vaporeon\n|-singleturn|p1a: Vaporeon|Protect\n|move|p2a: Sceptile|Dragon Pulse|p1a: Vaporeon\n|-activate|p1a: Vaporeon|move: Protect\n|\n|-heal|p1a: Vaporeon|100\/100|[from] move: Wish|[wisher] Vaporeon\n|upkeep\n|turn|34\n|\n|t:|1647124951\n|switch|p2a: Conkeldurr|Conkeldurr, M|94\/100 brn\n|move|p1a: Vaporeon|Wish|p1a: Vaporeon\n|\n|-damage|p2a: Conkeldurr|88\/100 brn|[from] brn\n|upkeep\n|turn|35\n|inactive|AsterJ has 240 seconds left.\n|\n|t:|1647124967\n|move|p1a: Vaporeon|Flip Turn|p2a: Conkeldurr\n|-damage|p2a: Conkeldurr|76\/100 brn\n|\n|t:|1647124970\n|switch|p1a: Zapdos|Zapdos|21\/100|[from]move: Flip Turn\n|move|p2a: Conkeldurr|Facade|p1a: Zapdos\n|-damage|p1a: Zapdos|0 fnt\n|-damage|p2a: Conkeldurr|59\/100 brn|[from] item: Rocky Helmet|[of] p1a: Zapdos\n|faint|p1a: Zapdos\n|\n|-damage|p2a: Conkeldurr|53\/100 brn|[from] brn\n|upkeep\n|c|\u2606AsterJ|Yea gg\n|\n|t:|1647124980\n|switch|p1a: Vaporeon|Vaporeon, M|100\/100\n|turn|36\n|\n|t:|1647124984\n|switch|p2a: Sceptile|Sceptile-Mega, F|100\/100\n|move|p1a: Vaporeon|Protect||[still]\n|-fail|p1a: Vaporeon\n|\n|upkeep\n|turn|37\n|\n|t:|1647124986\n|move|p2a: Sceptile|Leaf Storm|p1a: Vaporeon\n|-supereffective|p1a: Vaporeon\n|-damage|p1a: Vaporeon|0 fnt\n|-unboost|p2a: Sceptile|spa|2\n|faint|p1a: Vaporeon\n|\n|win|UnviaSlick\n|l| Aberforth\n|c|\u2606UnviaSlick|gg\n|l|\u2606AsterJ\n","uploadtime":1647125001,"views":95,"p1id":"asterj","p2id":"unviaslick","formatid":"gen8nationaldexdraft","rating":0,"private":0,"password":null}