{"id":"sports-gen6ubers-149636","p1":"thuggerrrrrrrrr","p2":"geniusx","format":"gen6ubers","log":"|j|\u2606thuggerrrrrrrrr\n|j|\u2606geniusx\n|t:|1598715953\n|player|p1|thuggerrrrrrrrr|thuggerrrrrrrrr.png|\n|player|p2|geniusx|geniusx.gif|\n|teamsize|p1|6\n|teamsize|p2|6\n|gametype|singles\n|gen|6\n|tier|[Gen 6] Ubers\n|clearpoke\n|poke|p1|Charizard, M|item\n|poke|p1|Jirachi|item\n|poke|p1|Milotic, F|item\n|poke|p1|Sylveon, M|item\n|poke|p1|Weavile, M|item\n|poke|p1|Rotom-Mow|item\n|poke|p2|Roserade, F|item\n|poke|p2|Slowbro, M|item\n|poke|p2|Stunfisk, M|item\n|poke|p2|Weavile, M|item\n|poke|p2|Klefki, M|item\n|poke|p2|Altaria, M|item\n|rule|Sleep Clause Mod: Limit one foe put to sleep\n|rule|Species Clause: Limit one of each Pok\u00e9mon\n|rule|OHKO Clause: OHKO moves are banned\n|rule|Moody Clause: Moody is banned\n|rule|Evasion Moves Clause: Evasion moves are banned\n|rule|Endless Battle Clause: Forcing endless battles is banned\n|rule|HP Percentage Mod: HP is shown in percentages\n|rule|Swagger Clause: Swagger is banned\n|rule|Mega Rayquaza Clause: You cannot mega evolve Rayquaza\n|teampreview\n|html|<button name=\"send\" class=\"button\" value=\"\/timer ds\"><i class=\"fa fa-hourglass-start\"><\/i> DS Timer<\/button> <button name=\"send\" class=\"button\" value=\"\/timer smogon\"><i class=\"fa fa-hourglass-start\"><\/i> Smogon Timer<\/button>\n|j|%mayoouran\n|c|\u2606geniusx|hf\n|c|\u2606thuggerrrrrrrrr|u2\n|j| shanipika\n|j| Shadowblast\n|\n|t:|1598715995\n|start\n|switch|p1a: Jirachi|Jirachi|100\/100\n|switch|p2a: Stunfisk|Stunfisk, M|100\/100\n|turn|1\n|j| Tni jake m\n|j| IronFlashGaming\n|j| damonsterAWS\n|\n|t:|1598716005\n|move|p1a: Jirachi|Stealth Rock|p2a: Stunfisk\n|-sidestart|p2: geniusx|move: Stealth Rock\n|move|p2a: Stunfisk|Stealth Rock|p1a: Jirachi\n|-sidestart|p1: thuggerrrrrrrrr|move: Stealth Rock\n|\n|upkeep\n|turn|2\n|j| lt74pf sac\n|j| TeamCapinTeamCapon\n|\n|t:|1598716011\n|switch|p1a: Rotom|Rotom-Mow|100\/100\n|-damage|p1a: Rotom|88\/100|[from] Stealth Rock\n|move|p2a: Stunfisk|Discharge|p1a: Rotom\n|-resisted|p1a: Rotom\n|-damage|p1a: Rotom|82\/100\n|\n|upkeep\n|turn|3\n|j| Pandarob3rt34\n|\n|t:|1598716019\n|switch|p2a: Roserade|Roserade, F|100\/100\n|-damage|p2a: Roserade|88\/100|[from] Stealth Rock\n|move|p1a: Rotom|Thunder Wave|p2a: Roserade\n|-status|p2a: Roserade|par\n|\n|-heal|p2a: Roserade|94\/100 par|[from] item: Black Sludge\n|upkeep\n|turn|4\n|\n|t:|1598716022\n|move|p1a: Rotom|Volt Switch|p2a: Roserade\n|-resisted|p2a: Roserade\n|-damage|p2a: Roserade|83\/100 par\n|\n|t:|1598716025\n|switch|p1a: Jirachi|Jirachi|100\/100|[from]move: Volt Switch\n|-damage|p1a: Jirachi|94\/100|[from] Stealth Rock\n|move|p2a: Roserade|Spikes|p1a: Jirachi\n|-sidestart|p1: thuggerrrrrrrrr|Spikes\n|\n|-heal|p2a: Roserade|90\/100 par|[from] item: Black Sludge\n|upkeep\n|turn|5\n|\n|t:|1598716033\n|switch|p2a: Stunfisk|Stunfisk, M|100\/100\n|-damage|p2a: Stunfisk|94\/100|[from] Stealth Rock\n|move|p1a: Jirachi|Psyshock|p2a: Stunfisk\n|-damage|p2a: Stunfisk|66\/100\n|\n|-heal|p2a: Stunfisk|72\/100|[from] item: Leftovers\n|upkeep\n|turn|6\n|j| CollectiveThinking\n|\n|t:|1598716049\n|switch|p1a: Rotom|Rotom-Mow|82\/100\n|-damage|p1a: Rotom|69\/100|[from] Stealth Rock\n|move|p2a: Stunfisk|Earth Power|p1a: Rotom\n|-immune|p1a: Rotom|[from] ability: Levitate\n|\n|-heal|p2a: Stunfisk|79\/100|[from] item: Leftovers\n|upkeep\n|turn|7\n|\n|t:|1598716054\n|switch|p2a: Roserade|Roserade, F|90\/100\n|-damage|p2a: Roserade|77\/100|[from] Stealth Rock\n|move|p1a: Rotom|Volt Switch|p2a: Roserade\n|-resisted|p2a: Roserade\n|-damage|p2a: Roserade|66\/100\n|\n|t:|1598716063\n|switch|p1a: Weavile|Weavile, M|100\/100|[from]move: Volt Switch\n|-damage|p1a: Weavile|88\/100|[from] Spikes\n|-damage|p1a: Weavile|63\/100|[from] Stealth Rock\n|\n|-heal|p2a: Roserade|72\/100|[from] item: Black Sludge\n|upkeep\n|turn|8\n|c| IronFlashGaming|Trading hazards when u have zard is big brain\n|\n|t:|1598716075\n|switch|p2a: Klefki|Klefki, M|100\/100\n|-damage|p2a: Klefki|95\/100|[from] Stealth Rock\n|move|p1a: Weavile|Swords Dance|p1a: Weavile\n|-boost|p1a: Weavile|atk|2\n|\n|-heal|p2a: Klefki|100\/100|[from] item: Leftovers\n|upkeep\n|turn|9\n|c| TeamCapinTeamCapon|its heavy dooty boots, dont worry\n|c|\u2606thuggerrrrrrrrr|i am a menace\n|j| DevilShinra\n|j| 3.14dgeot-Mega\n|\n|t:|1598716118\n|move|p2a: Klefki|Thunder Wave|p1a: Weavile\n|-status|p1a: Weavile|par\n|move|p1a: Weavile|Dig||[still]\n|-prepare|p1a: Weavile|Dig\n|-enditem|p1a: Weavile|Power Herb\n|-anim|p1a: Weavile|Dig|p2a: Klefki\n|-supereffective|p2a: Klefki\n|-damage|p2a: Klefki|6\/100\n|\n|-heal|p2a: Klefki|12\/100|[from] item: Leftovers\n|upkeep\n|turn|10\n|c| Tni jake m|,\n|c|\u2606thuggerrrrrrrrr|oh hell naww\n|j| Ganondorp\n|c| lt74pf sac|blitz moment\n|c| Pandarob3rt34|i\n|\n|t:|1598716151\n|move|p2a: Klefki|Protect|p2a: Klefki\n|-singleturn|p2a: Klefki|Protect\n|move|p1a: Weavile|Knock Off|p2a: Klefki\n|-activate|p2a: Klefki|move: Protect\n|\n|-heal|p2a: Klefki|18\/100|[from] item: Leftovers\n|upkeep\n|turn|11\n|\n|t:|1598716157\n|move|p2a: Klefki|Foul Play|p1a: Weavile\n|-resisted|p1a: Weavile\n|-damage|p1a: Weavile|6\/100 par\n|-enditem|p2a: Klefki|Leftovers|[silent]|[from] ability: Pickpocket|[of] p2a: Klefki\n|-item|p1a: Weavile|Leftovers|[from] ability: Pickpocket|[of] p2a: Klefki\n|move|p1a: Weavile|Knock Off|p2a: Klefki\n|-resisted|p2a: Klefki\n|-damage|p2a: Klefki|0 fnt\n|faint|p2a: Klefki\n|\n|-heal|p1a: Weavile|12\/100 par|[from] item: Leftovers\n|upkeep\n|\n|t:|1598716162\n|switch|p2a: Weavile|Weavile, M|100\/100\n|-damage|p2a: Weavile|76\/100|[from] Stealth Rock\n|-ability|p2a: Weavile|Pressure\n|turn|12\n|\n|t:|1598716186\n|move|p2a: Weavile|Knock Off|p1a: Weavile\n|-resisted|p1a: Weavile\n|-damage|p1a: Weavile|0 fnt\n|-enditem|p1a: Weavile|Leftovers|[from] move: Knock Off|[of] p2a: Weavile\n|-damage|p2a: Weavile|66\/100|[from] item: Life Orb\n|faint|p1a: Weavile\n|\n|upkeep\n|\n|t:|1598716195\n|switch|p1a: Milotic|Milotic, F|100\/100\n|-damage|p1a: Milotic|88\/100|[from] Stealth Rock\n|-damage|p1a: Milotic|76\/100|[from] Spikes\n|turn|13\n|\n|t:|1598716198\n|switch|p2a: Roserade|Roserade, F|72\/100\n|-damage|p2a: Roserade|60\/100|[from] Stealth Rock\n|move|p1a: Milotic|Recover|p1a: Milotic\n|-heal|p1a: Milotic|100\/100\n|\n|-heal|p2a: Roserade|66\/100|[from] item: Black Sludge\n|upkeep\n|turn|14\n|\n|t:|1598716203\n|move|p2a: Roserade|Spikes|p1a: Milotic\n|-sidestart|p1: thuggerrrrrrrrr|Spikes\n|move|p1a: Milotic|Ice Beam|p2a: Roserade\n|-supereffective|p2a: Roserade\n|-damage|p2a: Roserade|30\/100\n|-status|p2a: Roserade|frz\n|\n|-heal|p2a: Roserade|36\/100 frz|[from] item: Black Sludge\n|upkeep\n|turn|15\n|c| Tni jake m|:Snake:\n|c| lt74pf sac|epic\n|c|\u2606thuggerrrrrrrrr|yo im fr the goat\n|c| Tni jake m|:snake:\n|\n|t:|1598716221\n|-curestatus|p2a: Roserade|frz|[from] ability: Natural Cure\n|switch|p2a: Slowbro|Slowbro, M|100\/100\n|-damage|p2a: Slowbro|88\/100|[from] Stealth Rock\n|switch|p1a: Rotom|Rotom-Mow|69\/100\n|-damage|p1a: Rotom|57\/100|[from] Stealth Rock\n|\n|upkeep\n|turn|16\n|j| Trickno\n|\n|t:|1598716232\n|switch|p2a: Stunfisk|Stunfisk, M|79\/100\n|-damage|p2a: Stunfisk|72\/100|[from] Stealth Rock\n|move|p1a: Rotom|Thunder Wave|p2a: Stunfisk\n|-immune|p2a: Stunfisk\n|\n|-heal|p2a: Stunfisk|79\/100|[from] item: Leftovers\n|upkeep\n|turn|17\n|\n|t:|1598716237\n|move|p1a: Rotom|Leaf Storm|p2a: Stunfisk\n|-supereffective|p2a: Stunfisk\n|-damage|p2a: Stunfisk|17\/100\n|-unboost|p1a: Rotom|spa|2\n|move|p2a: Stunfisk|Toxic|p1a: Rotom\n|-status|p1a: Rotom|tox\n|\n|-heal|p2a: Stunfisk|23\/100|[from] item: Leftovers\n|-damage|p1a: Rotom|51\/100 tox|[from] psn\n|upkeep\n|turn|18\n|\n|t:|1598716252\n|switch|p2a: Altaria|Altaria, M|100\/100\n|-damage|p2a: Altaria|76\/100|[from] Stealth Rock\n|move|p1a: Rotom|Leaf Storm|p2a: Altaria\n|-resisted|p2a: Altaria\n|-damage|p2a: Altaria|70\/100\n|-unboost|p1a: Rotom|spa|2\n|\n|-damage|p1a: Rotom|39\/100 tox|[from] psn\n|upkeep\n|turn|19\n|\n|t:|1598716258\n|detailschange|p2a: Altaria|Altaria-Mega, M\n|-mega|p2a: Altaria|Altaria|Altarianite\n|move|p2a: Altaria|Return|p1a: Rotom\n|-damage|p1a: Rotom|0 fnt\n|faint|p1a: Rotom\n|\n|upkeep\n|\n|t:|1598716262\n|switch|p1a: Jirachi|Jirachi|94\/100\n|-damage|p1a: Jirachi|78\/100|[from] Spikes\n|-damage|p1a: Jirachi|72\/100|[from] Stealth Rock\n|turn|20\n|l| IronFlashGaming\n|\n|t:|1598716274\n|switch|p2a: Stunfisk|Stunfisk, M|23\/100\n|-damage|p2a: Stunfisk|17\/100|[from] Stealth Rock\n|move|p1a: Jirachi|Iron Head|p2a: Stunfisk\n|-resisted|p2a: Stunfisk\n|-damage|p2a: Stunfisk|6\/100\n|\n|-heal|p2a: Stunfisk|13\/100|[from] item: Leftovers\n|upkeep\n|turn|21\n|\n|t:|1598716280\n|move|p1a: Jirachi|Psyshock|p2a: Stunfisk\n|-damage|p2a: Stunfisk|0 fnt\n|faint|p2a: Stunfisk\n|\n|upkeep\n|\n|t:|1598716282\n|switch|p2a: Weavile|Weavile, M|66\/100\n|-damage|p2a: Weavile|41\/100|[from] Stealth Rock\n|-ability|p2a: Weavile|Pressure\n|turn|22\n|l| Pandarob3rt34\n|\n|t:|1598716319\n|move|p2a: Weavile|Knock Off|p1a: Jirachi\n|-supereffective|p1a: Jirachi\n|-enditem|p1a: Jirachi|Colbur Berry|[eat]\n|-enditem|p1a: Jirachi|Colbur Berry|[weaken]\n|-damage|p1a: Jirachi|5\/100\n|-damage|p2a: Weavile|31\/100|[from] item: Life Orb\n|move|p1a: Jirachi|Iron Head|p2a: Weavile\n|-supereffective|p2a: Weavile\n|-damage|p2a: Weavile|0 fnt\n|faint|p2a: Weavile\n|\n|upkeep\n|\n|t:|1598716327\n|switch|p2a: Slowbro|Slowbro, M|100\/100\n|-damage|p2a: Slowbro|88\/100|[from] Stealth Rock\n|turn|23\n|\n|t:|1598716337\n|move|p1a: Jirachi|Thunder|p2a: Slowbro\n|-supereffective|p2a: Slowbro\n|-damage|p2a: Slowbro|25\/100\n|move|p2a: Slowbro|Scald|p1a: Jirachi\n|-damage|p1a: Jirachi|0 fnt\n|faint|p1a: Jirachi\n|\n|upkeep\n|\n|t:|1598716350\n|switch|p1a: Charizard|Charizard, M|100\/100\n|-damage|p1a: Charizard|51\/100|[from] Stealth Rock\n|turn|24\n|\n|t:|1598716365\n|switch|p2a: Altaria|Altaria-Mega, M|70\/100\n|-damage|p2a: Altaria|57\/100|[from] Stealth Rock\n|detailschange|p1a: Charizard|Charizard-Mega-X, M\n|-mega|p1a: Charizard|Charizard|Charizardite X\n|move|p1a: Charizard|Swords Dance|p1a: Charizard\n|-boost|p1a: Charizard|atk|2\n|\n|upkeep\n|turn|25\n|j| thuggerrrrrsfather\n|c| Shadowblast|KING\n|c| lt74pf sac|how?\n|c| lt74pf sac|HOW?\n|c| lt74pf sac|BLITZ\n|c| thuggerrrrrsfather|lets go son\n|\n|t:|1598716377\n|switch|p2a: Slowbro|Slowbro, M|58\/100\n|-damage|p2a: Slowbro|46\/100|[from] Stealth Rock\n|move|p1a: Charizard|Iron Tail|p2a: Slowbro\n|-resisted|p2a: Slowbro\n|-damage|p2a: Slowbro|22\/100\n|-damage|p1a: Charizard|34\/100|[from] item: Rocky Helmet|[of] p2a: Slowbro\n|\n|upkeep\n|turn|26\n|\n|t:|1598716397\n|switch|p2a: Altaria|Altaria-Mega, M|57\/100\n|-damage|p2a: Altaria|45\/100|[from] Stealth Rock\n|move|p1a: Charizard|Thunder Punch|p2a: Altaria\n|-resisted|p2a: Altaria\n|-damage|p2a: Altaria|10\/100\n|\n|upkeep\n|turn|27\n|j| TCMTL\n|j| BasedTech\n|j| Majoras_Mask4343\n|j| The Rissoux\n|j| HTN Hacker\n|c| damonsterAWS|King\n|c| damonsterAWS|:chia hues:\n|\n|t:|1598716428\n|switch|p2a: Slowbro|Slowbro, M|55\/100\n|-damage|p2a: Slowbro|42\/100|[from] Stealth Rock\n|move|p1a: Charizard|Thunder Punch|p2a: Slowbro\n|-supereffective|p2a: Slowbro\n|-crit|p2a: Slowbro\n|-damage|p2a: Slowbro|0 fnt\n|-damage|p1a: Charizard|18\/100|[from] item: Rocky Helmet|[of] p2a: Slowbro\n|faint|p2a: Slowbro\n|\n|upkeep\n|j| TOOXIC860\n|c| The Rissoux|Go blitz go!\n|\n|t:|1598716434\n|switch|p2a: Roserade|Roserade, F|36\/100\n|-damage|p2a: Roserade|24\/100|[from] Stealth Rock\n|turn|28\n|c| damonsterAWS|:chiangyez:\n|c| lt74pf sac|KING BLITZ\n|\n|t:|1598716437\n|move|p1a: Charizard|Flame Charge|p2a: Roserade\n|-supereffective|p2a: Roserade\n|-damage|p2a: Roserade|0 fnt\n|-boost|p1a: Charizard|spe|1\n|faint|p2a: Roserade\n|\n|upkeep\n|\n|t:|1598716440\n|switch|p2a: Altaria|Altaria-Mega, M|10\/100\n|-damage|p2a: Altaria|0 fnt|[from] Stealth Rock\n|faint|p2a: Altaria\n|\n|win|thuggerrrrrrrrr\n|c|\u2606geniusx|gg\n|c|\u2606thuggerrrrrrrrr|gg\n|l| TCMTL\n|l| Majoras_Mask4343\n","uploadtime":1598716446,"views":337,"p1id":"thuggerrrrrrrrr","p2id":"geniusx","formatid":"gen6ubers","rating":0,"private":0,"password":null}