{"id":"sports-gen8nationaldexdlclegacy-364392","p1":"DjezzeMwoan","p2":"CyndaquilHQ","format":"gen8nationaldexdlclegacy","log":"|j|\u2606DjezzeMwoan\n|j|\u2606CyndaquilHQ\n|t:|1615669517\n|player|p1|DjezzeMwoan|52|\n|player|p2|CyndaquilHQ|cyndaquilhq.png|\n|teamsize|p1|6\n|teamsize|p2|6\n|gametype|singles\n|gen|8\n|tier|[Gen 8] National Dex DLC Legacy\n|rule|Sleep Clause Mod: Limit one foe put to sleep\n|rule|OHKO Clause: OHKO moves are banned\n|rule|Evasion Moves Clause: Evasion moves are banned\n|rule|Endless Battle Clause: Forcing endless battles is banned\n|rule|HP Percentage Mod: HP is shown in percentages\n|clearpoke\n|poke|p1|Blissey, F|\n|poke|p1|Infernape, F|\n|poke|p1|Glalie, F|\n|poke|p1|Hippowdon, F|\n|poke|p1|Rotom-Wash|\n|poke|p1|Vespiquen, F|\n|poke|p2|Buzzwole|\n|poke|p2|Clefable, F|\n|poke|p2|Shelmet, M|\n|poke|p2|Quilladin, F|\n|poke|p2|Ampharos, F|\n|poke|p2|Talonflame, M|\n|rule|Dynamax Clause: You cannot dynamax\n|teampreview\n|html|<button name=\"send\" class=\"button\" value=\"\/timer ds\"><i class=\"fa fa-hourglass-start\"><\/i> DS Timer<\/button> <button name=\"send\" class=\"button\" value=\"\/timer smogon\"><i class=\"fa fa-hourglass-start\"><\/i> Smogon Timer<\/button>\n|c|\u2606DjezzeMwoan|ok\n|c|\u2606CyndaquilHQ|have fun man\n|c|\u2606DjezzeMwoan|that is not at all what i thought you would bring haha\n|j| Teleport Veszprem\n|c| Teleport Veszprem|glhf\n|c|\u2606CyndaquilHQ|I am memeing\n|c|\u2606DjezzeMwoan|oof\n|c|\u2606DjezzeMwoan|i see\n|c|\u2606DjezzeMwoan|we didnt agree on a meme match did we\n|c|\u2606DjezzeMwoan|please say no lol\n|c|\u2606CyndaquilHQ|No\n|c|\u2606DjezzeMwoan|ok phew\n|\n|t:|1615669570\n|start\n|switch|p1a: Vespiquen|Vespiquen, F|100\/100\n|switch|p2a: Devil|Quilladin, F|100\/100\n|-ability|p1a: Vespiquen|Pressure\n|turn|1\n|\n|t:|1615669576\n|move|p2a: Devil|Toxic|p1a: Vespiquen\n|-status|p1a: Vespiquen|tox\n|move|p1a: Vespiquen|Toxic Spikes|p2a: Devil\n|-sidestart|p2: CyndaquilHQ|move: Toxic Spikes\n|\n|-damage|p1a: Vespiquen|94\/100 tox|[from] psn\n|upkeep\n|turn|2\n|\n|t:|1615669584\n|move|p2a: Devil|Leech Seed|p1a: Vespiquen\n|-start|p1a: Vespiquen|move: Leech Seed\n|move|p1a: Vespiquen|Air Slash|p2a: Devil\n|-supereffective|p2a: Devil\n|-damage|p2a: Devil|54\/100\n|\n|-damage|p1a: Vespiquen|82\/100 tox|[from] Leech Seed|[of] p2a: Devil\n|-heal|p2a: Devil|67\/100|[silent]\n|-damage|p1a: Vespiquen|70\/100 tox|[from] psn\n|upkeep\n|turn|3\n|\n|t:|1615669600\n|switch|p2a: Millenium|Talonflame, M|100\/100\n|switch|p1a: Glalie|Glalie, F|100\/100\n|\n|upkeep\n|turn|4\n|\n|t:|1615669613\n|switch|p1a: Rotom|Rotom-Wash|100\/100\n|move|p2a: Millenium|Flame Charge|p1a: Rotom\n|-resisted|p1a: Rotom\n|-damage|p1a: Rotom|92\/100\n|-boost|p2a: Millenium|spe|1\n|\n|upkeep\n|turn|5\n|\n|t:|1615669623\n|switch|p2a: Soufflet|Shelmet, M|100\/100\n|-status|p2a: Soufflet|psn\n|move|p1a: Rotom|Discharge|p2a: Soufflet\n|-damage|p2a: Soufflet|71\/100 psn\n|\n|-damage|p2a: Soufflet|59\/100 psn|[from] psn\n|upkeep\n|turn|6\n|\n|t:|1615669630\n|switch|p1a: Blissey|Blissey, F|100\/100\n|move|p2a: Soufflet|Toxic Spikes|p1a: Blissey\n|-sidestart|p1: DjezzeMwoan|move: Toxic Spikes\n|\n|-damage|p2a: Soufflet|47\/100 psn|[from] psn\n|upkeep\n|turn|7\n|\n|t:|1615669634\n|move|p1a: Blissey|Stealth Rock|p2a: Soufflet\n|-sidestart|p2: CyndaquilHQ|move: Stealth Rock\n|move|p2a: Soufflet|Recover|p2a: Soufflet\n|-heal|p2a: Soufflet|97\/100 psn\n|\n|-damage|p2a: Soufflet|85\/100 psn|[from] psn\n|upkeep\n|turn|8\n|\n|t:|1615669639\n|move|p1a: Blissey|Seismic Toss|p2a: Soufflet\n|-damage|p2a: Soufflet|52\/100 psn\n|move|p2a: Soufflet|Spikes|p1a: Blissey\n|-sidestart|p1: DjezzeMwoan|Spikes\n|\n|-damage|p2a: Soufflet|40\/100 psn|[from] psn\n|upkeep\n|turn|9\n|\n|t:|1615669643\n|move|p1a: Blissey|Seismic Toss|p2a: Soufflet\n|-damage|p2a: Soufflet|7\/100 psn\n|move|p2a: Soufflet|Recover|p2a: Soufflet\n|-heal|p2a: Soufflet|57\/100 psn\n|\n|-damage|p2a: Soufflet|45\/100 psn|[from] psn\n|upkeep\n|turn|10\n|\n|t:|1615669648\n|switch|p1a: Rotom|Rotom-Wash|92\/100\n|move|p2a: Soufflet|Recover|p2a: Soufflet\n|-heal|p2a: Soufflet|95\/100 psn\n|\n|-damage|p2a: Soufflet|83\/100 psn|[from] psn\n|upkeep\n|turn|11\n|\n|t:|1615669654\n|move|p1a: Rotom|Hydro Pump|p2a: Soufflet\n|-damage|p2a: Soufflet|42\/100 psn\n|move|p2a: Soufflet|Toxic Spikes|p1a: Rotom\n|-sidestart|p1: DjezzeMwoan|move: Toxic Spikes\n|\n|-damage|p2a: Soufflet|30\/100 psn|[from] psn\n|upkeep\n|turn|12\n|\n|t:|1615669659\n|move|p1a: Rotom|Defog|p2a: Soufflet\n|-unboost|p2a: Soufflet|evasion|1\n|-sideend|p2: CyndaquilHQ|Toxic Spikes|[from] move: Defog|[of] p1a: Rotom\n|-sideend|p2: CyndaquilHQ|Stealth Rock|[from] move: Defog|[of] p1a: Rotom\n|-sideend|p1: DjezzeMwoan|Spikes|[from] move: Defog|[of] p1a: Rotom\n|-sideend|p1: DjezzeMwoan|Toxic Spikes|[from] move: Defog|[of] p1a: Rotom\n|move|p2a: Soufflet|Recover|p2a: Soufflet\n|-heal|p2a: Soufflet|80\/100 psn\n|\n|-damage|p2a: Soufflet|67\/100 psn|[from] psn\n|upkeep\n|turn|13\n|\n|t:|1615669665\n|switch|p2a: Devil|Quilladin, F|67\/100\n|move|p1a: Rotom|Hydro Pump|p2a: Devil\n|-resisted|p2a: Devil\n|-damage|p2a: Devil|48\/100\n|\n|upkeep\n|turn|14\n|\n|t:|1615669672\n|switch|p1a: Infernape|Infernape, F|100\/100\n|move|p2a: Devil|Leech Seed|p1a: Infernape\n|-start|p1a: Infernape|move: Leech Seed\n|\n|-damage|p1a: Infernape|88\/100|[from] Leech Seed|[of] p2a: Devil\n|-heal|p2a: Devil|60\/100|[silent]\n|upkeep\n|turn|15\n|\n|t:|1615669682\n|switch|p2a: Millenium|Talonflame, M|100\/100\n|move|p1a: Infernape|Gunk Shot|p2a: Millenium\n|-crit|p2a: Millenium\n|-damage|p2a: Millenium|13\/100\n|\n|-damage|p1a: Infernape|76\/100|[from] Leech Seed|[of] p2a: Millenium\n|-heal|p2a: Millenium|27\/100|[silent]\n|upkeep\n|turn|16\n|c|\u2606DjezzeMwoan|sorry\n|\n|t:|1615669691\n|switch|p1a: Rotom|Rotom-Wash|92\/100\n|move|p2a: Millenium|Acrobatics|p1a: Rotom\n|-resisted|p1a: Rotom\n|-damage|p1a: Rotom|83\/100\n|\n|upkeep\n|turn|17\n|\n|t:|1615669699\n|switch|p2a: Alexis Texas|Clefable, F|100\/100\n|switch|p1a: Infernape|Infernape, F|76\/100\n|\n|upkeep\n|turn|18\n|\n|t:|1615669703\n|move|p1a: Infernape|Gunk Shot|p2a: Alexis Texas\n|-supereffective|p2a: Alexis Texas\n|-damage|p2a: Alexis Texas|3\/100\n|move|p2a: Alexis Texas|Wish|p2a: Alexis Texas\n|\n|-heal|p2a: Alexis Texas|9\/100|[from] item: Leftovers\n|upkeep\n|turn|19\n|\n|t:|1615669717\n|switch|p2a: Soufflet|Shelmet, M|67\/100 psn\n|move|p1a: Infernape|Flare Blitz|p2a: Soufflet\n|-supereffective|p2a: Soufflet\n|-damage|p2a: Soufflet|0 fnt\n|-damage|p1a: Infernape|55\/100|[from] Recoil\n|faint|p2a: Soufflet\n|\n|upkeep\n|\n|t:|1615669724\n|switch|p2a: Dwayne Johnson|Buzzwole|100\/100\n|turn|20\n|c|\u2606DjezzeMwoan|i like the nickname for clef lmao\n|c|\u2606DjezzeMwoan|and this one lol\n|\n|t:|1615669740\n|switch|p1a: Hippowdon|Hippowdon, F|100\/100\n|-weather|Sandstorm|[from] ability: Sand Stream|[of] p1a: Hippowdon\n|move|p2a: Dwayne Johnson|Drain Punch|p1a: Hippowdon\n|-damage|p1a: Hippowdon|75\/100\n|\n|-weather|Sandstorm|[upkeep]\n|-damage|p2a: Dwayne Johnson|94\/100|[from] Sandstorm\n|-heal|p1a: Hippowdon|81\/100|[from] item: Leftovers\n|upkeep\n|turn|21\n|\n|t:|1615669751\n|switch|p2a: Devil|Quilladin, F|60\/100\n|move|p1a: Hippowdon|Whirlwind|p2a: Devil\n|drag|p2a: Dwayne Johnson|Buzzwole|94\/100\n|\n|-weather|Sandstorm|[upkeep]\n|-damage|p2a: Dwayne Johnson|88\/100|[from] Sandstorm\n|-heal|p1a: Hippowdon|87\/100|[from] item: Leftovers\n|upkeep\n|turn|22\n|\n|t:|1615669757\n|switch|p1a: Vespiquen|Vespiquen, F|70\/100 tox\n|-ability|p1a: Vespiquen|Pressure\n|move|p2a: Dwayne Johnson|Drain Punch|p1a: Vespiquen\n|-resisted|p1a: Vespiquen\n|-damage|p1a: Vespiquen|63\/100 tox\n|-heal|p2a: Dwayne Johnson|91\/100|[from] drain|[of] p1a: Vespiquen\n|\n|-weather|Sandstorm|[upkeep]\n|-damage|p2a: Dwayne Johnson|85\/100|[from] Sandstorm\n|-damage|p1a: Vespiquen|56\/100 tox|[from] Sandstorm\n|-damage|p1a: Vespiquen|50\/100 tox|[from] psn\n|upkeep\n|turn|23\n|\n|t:|1615669765\n|switch|p2a: Millenium|Talonflame, M|27\/100\n|switch|p1a: Hippowdon|Hippowdon, F|87\/100\n|\n|-weather|Sandstorm|[upkeep]\n|-damage|p2a: Millenium|21\/100|[from] Sandstorm\n|-heal|p1a: Hippowdon|93\/100|[from] item: Leftovers\n|upkeep\n|turn|24\n|\n|t:|1615669771\n|switch|p1a: Rotom|Rotom-Wash|83\/100\n|move|p2a: Millenium|Will-O-Wisp|p1a: Rotom\n|-status|p1a: Rotom|brn\n|\n|-weather|none\n|-damage|p1a: Rotom|77\/100 brn|[from] brn\n|upkeep\n|turn|25\n|\n|t:|1615669777\n|switch|p2a: Devil|Quilladin, F|60\/100\n|move|p1a: Rotom|Discharge|p2a: Devil\n|-resisted|p2a: Devil\n|-damage|p2a: Devil|46\/100\n|-status|p2a: Devil|par\n|\n|-damage|p1a: Rotom|71\/100 brn|[from] brn\n|upkeep\n|turn|26\n|\n|t:|1615669782\n|switch|p1a: Vespiquen|Vespiquen, F|50\/100 tox\n|-ability|p1a: Vespiquen|Pressure\n|cant|p2a: Devil|par\n|\n|-damage|p1a: Vespiquen|44\/100 tox|[from] psn\n|upkeep\n|turn|27\n|\n|t:|1615669789\n|switch|p2a: Millenium|Talonflame, M|21\/100\n|move|p1a: Vespiquen|Toxic Spikes|p2a: Millenium\n|-sidestart|p2: CyndaquilHQ|move: Toxic Spikes\n|\n|-damage|p1a: Vespiquen|32\/100 tox|[from] psn\n|upkeep\n|turn|28\n|\n|t:|1615669795\n|switch|p1a: Rotom|Rotom-Wash|71\/100 brn\n|move|p2a: Millenium|Swords Dance|p2a: Millenium\n|-boost|p2a: Millenium|atk|2\n|\n|-damage|p1a: Rotom|64\/100 brn|[from] brn\n|upkeep\n|turn|29\n|\n|t:|1615669802\n|move|p2a: Millenium|Acrobatics|p1a: Rotom\n|-resisted|p1a: Rotom\n|-damage|p1a: Rotom|47\/100 brn\n|move|p1a: Rotom|Discharge|p2a: Millenium\n|-supereffective|p2a: Millenium\n|-damage|p2a: Millenium|0 fnt\n|faint|p2a: Millenium\n|\n|-damage|p1a: Rotom|40\/100 brn|[from] brn\n|upkeep\n|\n|t:|1615669810\n|switch|p2a: G.O.A.T.|Ampharos, F|100\/100\n|-status|p2a: G.O.A.T.|psn\n|turn|30\n|\n|t:|1615669816\n|switch|p1a: Blissey|Blissey, F|100\/100\n|detailschange|p2a: G.O.A.T.|Ampharos-Mega, F\n|-mega|p2a: G.O.A.T.|Ampharos|Ampharosite\n|-ability|p2a: G.O.A.T.|Mold Breaker\n|move|p2a: G.O.A.T.|Volt Switch|p1a: Blissey\n|-crit|p1a: Blissey\n|-damage|p1a: Blissey|75\/100\n|\n|t:|1615669824\n|switch|p2a: Dwayne Johnson|Buzzwole|85\/100|[from]move: Volt Switch\n|-status|p2a: Dwayne Johnson|psn\n|\n|-heal|p1a: Blissey|81\/100|[from] item: Leftovers\n|-damage|p2a: Dwayne Johnson|72\/100 psn|[from] psn\n|upkeep\n|turn|31\n|\n|t:|1615669828\n|switch|p1a: Hippowdon|Hippowdon, F|93\/100\n|-weather|Sandstorm|[from] ability: Sand Stream|[of] p1a: Hippowdon\n|move|p2a: Dwayne Johnson|Leech Life|p1a: Hippowdon\n|-damage|p1a: Hippowdon|66\/100\n|-heal|p2a: Dwayne Johnson|86\/100 psn|[from] drain|[of] p1a: Hippowdon\n|\n|-weather|Sandstorm|[upkeep]\n|-damage|p2a: Dwayne Johnson|80\/100 psn|[from] Sandstorm\n|-heal|p1a: Hippowdon|72\/100|[from] item: Leftovers\n|-damage|p2a: Dwayne Johnson|67\/100 psn|[from] psn\n|upkeep\n|turn|32\n|\n|t:|1615669836\n|move|p2a: Dwayne Johnson|Leech Life|p1a: Hippowdon\n|-damage|p1a: Hippowdon|44\/100\n|-heal|p2a: Dwayne Johnson|81\/100 psn|[from] drain|[of] p1a: Hippowdon\n|move|p1a: Hippowdon|Fire Fang|p2a: Dwayne Johnson\n|-supereffective|p2a: Dwayne Johnson\n|-damage|p2a: Dwayne Johnson|64\/100 psn\n|-damage|p1a: Hippowdon|27\/100|[from] item: Rocky Helmet|[of] p2a: Dwayne Johnson\n|\n|-weather|Sandstorm|[upkeep]\n|-damage|p2a: Dwayne Johnson|57\/100 psn|[from] Sandstorm\n|-heal|p1a: Hippowdon|33\/100|[from] item: Leftovers\n|-damage|p2a: Dwayne Johnson|45\/100 psn|[from] psn\n|upkeep\n|turn|33\n|\n|t:|1615669840\n|move|p2a: Dwayne Johnson|Leech Life|p1a: Hippowdon\n|-damage|p1a: Hippowdon|4\/100\n|-heal|p2a: Dwayne Johnson|59\/100 psn|[from] drain|[of] p1a: Hippowdon\n|move|p1a: Hippowdon|Slack Off|p1a: Hippowdon\n|-heal|p1a: Hippowdon|54\/100\n|\n|-weather|Sandstorm|[upkeep]\n|-damage|p2a: Dwayne Johnson|53\/100 psn|[from] Sandstorm\n|-heal|p1a: Hippowdon|60\/100|[from] item: Leftovers\n|-damage|p2a: Dwayne Johnson|41\/100 psn|[from] psn\n|upkeep\n|turn|34\n|\n|t:|1615669845\n|move|p2a: Dwayne Johnson|Leech Life|p1a: Hippowdon\n|-damage|p1a: Hippowdon|30\/100\n|-heal|p2a: Dwayne Johnson|56\/100 psn|[from] drain|[of] p1a: Hippowdon\n|move|p1a: Hippowdon|Slack Off|p1a: Hippowdon\n|-heal|p1a: Hippowdon|80\/100\n|\n|-weather|Sandstorm|[upkeep]\n|-damage|p2a: Dwayne Johnson|49\/100 psn|[from] Sandstorm\n|-heal|p1a: Hippowdon|86\/100|[from] item: Leftovers\n|-damage|p2a: Dwayne Johnson|37\/100 psn|[from] psn\n|upkeep\n|turn|35\n|\n|t:|1615669855\n|move|p2a: Dwayne Johnson|Leech Life|p1a: Hippowdon\n|-damage|p1a: Hippowdon|58\/100\n|-heal|p2a: Dwayne Johnson|51\/100 psn|[from] drain|[of] p1a: Hippowdon\n|move|p1a: Hippowdon|Slack Off|p1a: Hippowdon\n|-heal|p1a: Hippowdon|100\/100\n|\n|-weather|none\n|-damage|p2a: Dwayne Johnson|38\/100 psn|[from] psn\n|upkeep\n|turn|36\n|\n|t:|1615669862\n|move|p2a: Dwayne Johnson|Leech Life|p1a: Hippowdon\n|-damage|p1a: Hippowdon|71\/100\n|-heal|p2a: Dwayne Johnson|53\/100 psn|[from] drain|[of] p1a: Hippowdon\n|move|p1a: Hippowdon|Whirlwind|p2a: Dwayne Johnson\n|drag|p2a: Devil|Quilladin, F|46\/100 par\n|\n|-heal|p1a: Hippowdon|77\/100|[from] item: Leftovers\n|upkeep\n|turn|37\n|\n|t:|1615669868\n|switch|p1a: Infernape|Infernape, F|55\/100\n|move|p2a: Devil|Leech Seed|p1a: Infernape\n|-start|p1a: Infernape|move: Leech Seed\n|\n|-damage|p1a: Infernape|43\/100|[from] Leech Seed|[of] p2a: Devil\n|-heal|p2a: Devil|58\/100 par|[silent]\n|upkeep\n|turn|38\n|\n|t:|1615669875\n|move|p1a: Infernape|Slack Off|p1a: Infernape\n|-heal|p1a: Infernape|93\/100\n|move|p2a: Devil|Synthesis|p2a: Devil\n|-heal|p2a: Devil|100\/100 par\n|\n|-damage|p1a: Infernape|81\/100|[from] Leech Seed|[of] p2a: Devil\n|upkeep\n|turn|39\n|\n|t:|1615669883\n|switch|p1a: Glalie|Glalie, F|100\/100\n|move|p2a: Devil|Toxic|p1a: Glalie\n|-status|p1a: Glalie|tox\n|\n|-damage|p1a: Glalie|95\/100 tox|[from] psn\n|upkeep\n|turn|40\n|\n|t:|1615669887\n|detailschange|p1a: Glalie|Glalie-Mega, F\n|-mega|p1a: Glalie|Glalie|Glalitite\n|move|p1a: Glalie|Ice Beam|p2a: Devil\n|-supereffective|p2a: Devil\n|-damage|p2a: Devil|11\/100 par\n|move|p2a: Devil|Leech Seed|p1a: Glalie\n|-start|p1a: Glalie|move: Leech Seed\n|\n|-damage|p1a: Glalie|82\/100 tox|[from] Leech Seed|[of] p2a: Devil\n|-heal|p2a: Devil|23\/100 par|[silent]\n|-damage|p1a: Glalie|70\/100 tox|[from] psn\n|upkeep\n|turn|41\n|\n|t:|1615669897\n|switch|p2a: Alexis Texas|Clefable, F|9\/100\n|-status|p2a: Alexis Texas|psn\n|move|p1a: Glalie|Ice Beam|p2a: Alexis Texas\n|-damage|p2a: Alexis Texas|0 fnt\n|faint|p2a: Alexis Texas\n|\n|-damage|p1a: Glalie|52\/100 tox|[from] psn\n|upkeep\n|\n|t:|1615669905\n|switch|p2a: Dwayne Johnson|Buzzwole|53\/100 psn\n|turn|42\n|\n|t:|1615669908\n|switch|p1a: Hippowdon|Hippowdon, F|77\/100\n|-weather|Sandstorm|[from] ability: Sand Stream|[of] p1a: Hippowdon\n|move|p2a: Dwayne Johnson|Drain Punch|p1a: Hippowdon\n|-damage|p1a: Hippowdon|50\/100\n|-heal|p2a: Dwayne Johnson|66\/100 psn|[from] drain|[of] p1a: Hippowdon\n|\n|-weather|Sandstorm|[upkeep]\n|-damage|p2a: Dwayne Johnson|60\/100 psn|[from] Sandstorm\n|-heal|p1a: Hippowdon|57\/100|[from] item: Leftovers\n|-damage|p2a: Dwayne Johnson|48\/100 psn|[from] psn\n|upkeep\n|turn|43\n|\n|t:|1615669916\n|move|p2a: Dwayne Johnson|Drain Punch|p1a: Hippowdon\n|-damage|p1a: Hippowdon|30\/100\n|-heal|p2a: Dwayne Johnson|60\/100 psn|[from] drain|[of] p1a: Hippowdon\n|move|p1a: Hippowdon|Slack Off|p1a: Hippowdon\n|-heal|p1a: Hippowdon|80\/100\n|\n|-weather|Sandstorm|[upkeep]\n|-damage|p2a: Dwayne Johnson|54\/100 psn|[from] Sandstorm\n|-heal|p1a: Hippowdon|86\/100|[from] item: Leftovers\n|-damage|p2a: Dwayne Johnson|42\/100 psn|[from] psn\n|upkeep\n|turn|44\n|\n|t:|1615669924\n|move|p2a: Dwayne Johnson|Drain Punch|p1a: Hippowdon\n|-damage|p1a: Hippowdon|60\/100\n|-heal|p2a: Dwayne Johnson|55\/100 psn|[from] drain|[of] p1a: Hippowdon\n|move|p1a: Hippowdon|Earthquake|p2a: Dwayne Johnson\n|-resisted|p2a: Dwayne Johnson\n|-crit|p2a: Dwayne Johnson\n|-damage|p2a: Dwayne Johnson|40\/100 psn\n|\n|-weather|Sandstorm|[upkeep]\n|-damage|p2a: Dwayne Johnson|33\/100 psn|[from] Sandstorm\n|-heal|p1a: Hippowdon|66\/100|[from] item: Leftovers\n|-damage|p2a: Dwayne Johnson|21\/100 psn|[from] psn\n|upkeep\n|turn|45\n|\n|t:|1615669933\n|move|p2a: Dwayne Johnson|Roost|p2a: Dwayne Johnson\n|-heal|p2a: Dwayne Johnson|71\/100 psn\n|-singleturn|p2a: Dwayne Johnson|move: Roost\n|move|p1a: Hippowdon|Fire Fang|p2a: Dwayne Johnson|[miss]\n|-miss|p1a: Hippowdon|p2a: Dwayne Johnson\n|\n|-weather|Sandstorm|[upkeep]\n|-damage|p2a: Dwayne Johnson|65\/100 psn|[from] Sandstorm\n|-heal|p1a: Hippowdon|72\/100|[from] item: Leftovers\n|-damage|p2a: Dwayne Johnson|52\/100 psn|[from] psn\n|upkeep\n|turn|46\n|\n|t:|1615669943\n|switch|p2a: Devil|Quilladin, F|23\/100 par\n|move|p1a: Hippowdon|Whirlwind|p2a: Devil\n|drag|p2a: G.O.A.T.|Ampharos-Mega, F|100\/100 psn\n|-ability|p2a: G.O.A.T.|Mold Breaker\n|\n|-weather|none\n|-heal|p1a: Hippowdon|79\/100|[from] item: Leftovers\n|-damage|p2a: G.O.A.T.|88\/100 psn|[from] psn\n|upkeep\n|turn|47\n|\n|t:|1615669952\n|switch|p1a: Blissey|Blissey, F|81\/100\n|move|p2a: G.O.A.T.|Discharge|p1a: Blissey\n|-damage|p1a: Blissey|61\/100\n|-status|p1a: Blissey|par\n|\n|-heal|p1a: Blissey|67\/100 par|[from] item: Leftovers\n|-damage|p2a: G.O.A.T.|76\/100 psn|[from] psn\n|upkeep\n|turn|48\n|\n|t:|1615669957\n|move|p2a: G.O.A.T.|Focus Blast|p1a: Blissey\n|-supereffective|p1a: Blissey\n|-damage|p1a: Blissey|27\/100 par\n|move|p1a: Blissey|Stealth Rock|p2a: G.O.A.T.\n|-sidestart|p2: CyndaquilHQ|move: Stealth Rock\n|\n|-heal|p1a: Blissey|34\/100 par|[from] item: Leftovers\n|-damage|p2a: G.O.A.T.|64\/100 psn|[from] psn\n|upkeep\n|turn|49\n|\n|t:|1615669962\n|switch|p1a: Hippowdon|Hippowdon, F|79\/100\n|-weather|Sandstorm|[from] ability: Sand Stream|[of] p1a: Hippowdon\n|move|p2a: G.O.A.T.|Focus Blast|p1a: Hippowdon\n|-damage|p1a: Hippowdon|38\/100\n|\n|-weather|Sandstorm|[upkeep]\n|-damage|p2a: G.O.A.T.|58\/100 psn|[from] Sandstorm\n|-heal|p1a: Hippowdon|44\/100|[from] item: Leftovers\n|-damage|p2a: G.O.A.T.|45\/100 psn|[from] psn\n|upkeep\n|turn|50\n|\n|t:|1615669975\n|move|p1a: Hippowdon|Slack Off|p1a: Hippowdon\n|-heal|p1a: Hippowdon|94\/100\n|move|p2a: G.O.A.T.|Dragon Pulse|p1a: Hippowdon\n|-crit|p1a: Hippowdon\n|-damage|p1a: Hippowdon|31\/100\n|\n|-weather|Sandstorm|[upkeep]\n|-damage|p2a: G.O.A.T.|39\/100 psn|[from] Sandstorm\n|-heal|p1a: Hippowdon|37\/100|[from] item: Leftovers\n|-damage|p2a: G.O.A.T.|27\/100 psn|[from] psn\n|upkeep\n|turn|51\n|\n|t:|1615669980\n|move|p1a: Hippowdon|Slack Off|p1a: Hippowdon\n|-heal|p1a: Hippowdon|87\/100\n|move|p2a: G.O.A.T.|Volt Switch|p1a: Hippowdon\n|-immune|p1a: Hippowdon\n|\n|-weather|Sandstorm|[upkeep]\n|-damage|p2a: G.O.A.T.|21\/100 psn|[from] Sandstorm\n|-heal|p1a: Hippowdon|93\/100|[from] item: Leftovers\n|-damage|p2a: G.O.A.T.|9\/100 psn|[from] psn\n|upkeep\n|turn|52\n|\n|t:|1615669986\n|move|p1a: Hippowdon|Fire Fang|p2a: G.O.A.T.|[miss]\n|-miss|p1a: Hippowdon|p2a: G.O.A.T.\n|move|p2a: G.O.A.T.|Volt Switch|p1a: Hippowdon\n|-immune|p1a: Hippowdon\n|\n|-weather|Sandstorm|[upkeep]\n|-damage|p2a: G.O.A.T.|3\/100 psn|[from] Sandstorm\n|-heal|p1a: Hippowdon|99\/100|[from] item: Leftovers\n|-damage|p2a: G.O.A.T.|0 fnt|[from] psn\n|faint|p2a: G.O.A.T.\n|upkeep\n|\n|t:|1615669993\n|switch|p2a: Devil|Quilladin, F|23\/100 par\n|-damage|p2a: Devil|10\/100 par|[from] Stealth Rock\n|turn|53\n|\n|t:|1615669999\n|switch|p1a: Infernape|Infernape, F|81\/100\n|move|p2a: Devil|Leech Seed|p1a: Infernape\n|-start|p1a: Infernape|move: Leech Seed\n|\n|-weather|none\n|-damage|p1a: Infernape|68\/100|[from] Leech Seed|[of] p2a: Devil\n|-heal|p2a: Devil|23\/100 par|[silent]\n|upkeep\n|turn|54\n|\n|t:|1615670006\n|move|p1a: Infernape|Flare Blitz|p2a: Devil\n|-supereffective|p2a: Devil\n|-damage|p2a: Devil|0 fnt\n|-damage|p1a: Infernape|61\/100|[from] Recoil\n|faint|p2a: Devil\n|\n|upkeep\n|\n|t:|1615670008\n|switch|p2a: Dwayne Johnson|Buzzwole|52\/100 psn\n|-damage|p2a: Dwayne Johnson|40\/100 psn|[from] Stealth Rock\n|turn|55\n|c|\u2606DjezzeMwoan|gg man\n|\n|t:|1615670011\n|move|p1a: Infernape|Flare Blitz|p2a: Dwayne Johnson\n|-supereffective|p2a: Dwayne Johnson\n|-damage|p2a: Dwayne Johnson|0 fnt\n|-damage|p1a: Infernape|44\/100|[from] item: Rocky Helmet|[of] p2a: Dwayne Johnson\n|-damage|p1a: Infernape|28\/100|[from] Recoil\n|faint|p2a: Dwayne Johnson\n|\n|win|DjezzeMwoan\n|c|\u2606DjezzeMwoan|wp\n|c|\u2606DjezzeMwoan|can you upload reaply?\n|l| Teleport Veszprem\n|c|\u2606CyndaquilHQ|yeah\n|c|\u2606CyndaquilHQ|np\n","uploadtime":1615670031,"views":17,"p1id":"djezzemwoan","p2id":"cyndaquilhq","formatid":"gen8nationaldexdlclegacy","rating":0,"private":0,"password":null}