{"id":"sports-gen7draftleague-163763","p1":"geniusx","p2":"mayoouran","format":"gen7draftleague","log":"|j|\u2606geniusx\n|j|\u2606mayoouran\n|t:|1600072825\n|player|p1|geniusx|geniusx.gif|\n|player|p2|mayoouran|winona-gen6|\n|teamsize|p1|6\n|teamsize|p2|6\n|gametype|singles\n|gen|7\n|tier|[Gen 7] Draft League\n|rule|Sleep Clause Mod: Limit one foe put to sleep\n|rule|OHKO Clause: OHKO moves are banned\n|rule|Evasion Moves Clause: Evasion moves are banned\n|rule|Endless Battle Clause: Forcing endless battles is banned\n|rule|HP Percentage Mod: HP is shown in percentages\n|clearpoke\n|poke|p1|Cacturne, M|item\n|poke|p1|Landorus-Therian, M|item\n|poke|p1|Infernape, F|item\n|poke|p1|Uxie|item\n|poke|p1|Snorlax, F|item\n|poke|p1|Manectric, M|item\n|poke|p2|Gallade, M|item\n|poke|p2|Tapu Fini|item\n|poke|p2|Krookodile, M|item\n|poke|p2|Raikou|item\n|poke|p2|Uxie|item\n|poke|p2|Roserade, M|item\n|teampreview\n|html|<button name=\"send\" class=\"button\" value=\"\/timer ds\"><i class=\"fa fa-hourglass-start\"><\/i> DS Timer<\/button> <button name=\"send\" class=\"button\" value=\"\/timer smogon\"><i class=\"fa fa-hourglass-start\"><\/i> Smogon Timer<\/button>\n|c|\u2606mayoouran|glhf\n|c|\u2606geniusx|hf\n|inactive|Battle timer is ON: inactive players will automatically lose when time's up. (requested by geniusx)\n|inactiveoff|Battle timer is now OFF.\n|inactive|Battle timer is ON: inactive players will automatically lose when time's up. (requested by geniusx)\n|\n|t:|1600072878\n|start\n|switch|p1a: Uxie|Uxie|100\/100\n|switch|p2a: Krookodile|Krookodile, M|100\/100\n|-ability|p2a: Krookodile|Intimidate|boost\n|-unboost|p1a: Uxie|atk|1\n|turn|1\n|\n|t:|1600072889\n|move|p2a: Krookodile|Stealth Rock|p1a: Uxie\n|-sidestart|p1: geniusx|move: Stealth Rock\n|move|p1a: Uxie|Stealth Rock|p2a: Krookodile\n|-sidestart|p2: mayoouran|move: Stealth Rock\n|\n|upkeep\n|turn|2\n|\n|t:|1600072893\n|move|p2a: Krookodile|Knock Off|p1a: Uxie\n|-supereffective|p1a: Uxie\n|-enditem|p1a: Uxie|Colbur Berry|[eat]\n|-enditem|p1a: Uxie|Colbur Berry|[weaken]\n|-damage|p1a: Uxie|78\/100\n|move|p1a: Uxie|U-turn|p2a: Krookodile\n|-supereffective|p2a: Krookodile\n|-damage|p2a: Krookodile|86\/100\n|\n|t:|1600072897\n|switch|p1a: Cacturne|Cacturne, M|100\/100|[from]move: U-turn\n|-damage|p1a: Cacturne|88\/100|[from] Stealth Rock\n|\n|-heal|p2a: Krookodile|92\/100|[from] item: Leftovers\n|upkeep\n|turn|3\n|\n|t:|1600072901\n|move|p2a: Krookodile|Toxic|p1a: Cacturne\n|-status|p1a: Cacturne|tox\n|move|p1a: Cacturne|Swords Dance|p1a: Cacturne\n|-boost|p1a: Cacturne|atk|2\n|\n|-heal|p2a: Krookodile|98\/100|[from] item: Leftovers\n|-damage|p1a: Cacturne|82\/100 tox|[from] psn\n|upkeep\n|turn|4\n|\n|t:|1600072915\n|switch|p2a: Roserade|Roserade, M, shiny|100\/100\n|-damage|p2a: Roserade|88\/100|[from] Stealth Rock\n|move|p1a: Cacturne|Seed Bomb|p2a: Roserade\n|-resisted|p2a: Roserade\n|-damage|p2a: Roserade|63\/100\n|\n|-damage|p1a: Cacturne|70\/100 tox|[from] psn\n|upkeep\n|turn|5\n|\n|t:|1600072922\n|move|p1a: Cacturne|Sucker Punch||[still]\n|-fail|p1a: Cacturne\n|move|p2a: Roserade|Toxic Spikes|p1a: Cacturne\n|-sidestart|p1: geniusx|move: Toxic Spikes\n|\n|-damage|p1a: Cacturne|52\/100 tox|[from] psn\n|upkeep\n|turn|6\n|inactive|mayoouran has 270 seconds left.\n|\n|t:|1600072975\n|switch|p1a: Snorlax|Snorlax, F|100\/100\n|-damage|p1a: Snorlax|88\/100|[from] Stealth Rock\n|move|p2a: Roserade|Synthesis|p2a: Roserade\n|-heal|p2a: Roserade|100\/100\n|\n|upkeep\n|turn|7\n|\n|t:|1600072985\n|switch|p2a: Krookodile|Krookodile, M|98\/100\n|-damage|p2a: Krookodile|92\/100|[from] Stealth Rock\n|-ability|p2a: Krookodile|Intimidate|boost\n|-unboost|p1a: Snorlax|atk|1\n|move|p1a: Snorlax|Return|p2a: Krookodile\n|-damage|p2a: Krookodile|56\/100\n|\n|-heal|p2a: Krookodile|62\/100|[from] item: Leftovers\n|upkeep\n|turn|8\n|\n|t:|1600072997\n|switch|p1a: Cacturne|Cacturne, M|52\/100 tox\n|-damage|p1a: Cacturne|39\/100 tox|[from] Stealth Rock\n|move|p2a: Krookodile|Knock Off|p1a: Cacturne\n|-resisted|p1a: Cacturne\n|-damage|p1a: Cacturne|9\/100 tox\n|-enditem|p1a: Cacturne|Roseli Berry|[from] move: Knock Off|[of] p2a: Krookodile\n|\n|-heal|p2a: Krookodile|68\/100|[from] item: Leftovers\n|-damage|p1a: Cacturne|3\/100 tox|[from] psn\n|upkeep\n|turn|9\n|\n|t:|1600073004\n|move|p1a: Cacturne|Spiky Shield|p1a: Cacturne\n|-singleturn|p1a: Cacturne|move: Protect\n|move|p2a: Krookodile|Knock Off|p1a: Cacturne\n|-activate|p1a: Cacturne|move: Protect\n|-damage|p2a: Krookodile|55\/100|[from] Spiky Shield|[of] p1a: Cacturne\n|\n|-heal|p2a: Krookodile|62\/100|[from] item: Leftovers\n|-damage|p1a: Cacturne|0 fnt|[from] psn\n|faint|p1a: Cacturne\n|upkeep\n|\n|t:|1600073008\n|switch|p1a: Landorus|Landorus-Therian, M|100\/100\n|-damage|p1a: Landorus|88\/100|[from] Stealth Rock\n|-ability|p1a: Landorus|Intimidate|boost\n|-unboost|p2a: Krookodile|atk|1\n|turn|10\n|\n|t:|1600073021\n|switch|p2a: Uxie|Uxie, shiny|100\/100\n|-damage|p2a: Uxie|88\/100|[from] Stealth Rock\n|move|p1a: Landorus|U-turn|p2a: Uxie\n|-supereffective|p2a: Uxie\n|-damage|p2a: Uxie|46\/100\n|\n|t:|1600073031\n|switch|p1a: Infernape|Infernape, F|100\/100|[from]move: U-turn\n|-damage|p1a: Infernape|88\/100|[from] Stealth Rock\n|-status|p1a: Infernape|psn\n|\n|-damage|p1a: Infernape|76\/100 psn|[from] psn\n|upkeep\n|turn|11\n|\n|t:|1600073034\n|move|p2a: Uxie|Psychic|p1a: Infernape\n|-supereffective|p1a: Infernape\n|-damage|p1a: Infernape|0 fnt\n|faint|p1a: Infernape\n|\n|upkeep\n|\n|t:|1600073041\n|switch|p1a: Snorlax|Snorlax, F|88\/100\n|-damage|p1a: Snorlax|76\/100|[from] Stealth Rock\n|turn|12\n|inactive|mayoouran has 270 seconds left.\n|\n|t:|1600073083\n|switch|p2a: Krookodile|Krookodile, M|62\/100\n|-damage|p2a: Krookodile|55\/100|[from] Stealth Rock\n|-ability|p2a: Krookodile|Intimidate|boost\n|-unboost|p1a: Snorlax|atk|1\n|move|p1a: Snorlax|Seed Bomb|p2a: Krookodile\n|-supereffective|p2a: Krookodile\n|-damage|p2a: Krookodile|11\/100\n|\n|-heal|p2a: Krookodile|17\/100|[from] item: Leftovers\n|upkeep\n|turn|13\n|inactive|geniusx has 270 seconds left.\n|\n|t:|1600073118\n|switch|p1a: Manectric|Manectric, M|100\/100\n|-status|p1a: Manectric|psn\n|-damage|p1a: Manectric|88\/100 psn|[from] Stealth Rock\n|move|p2a: Krookodile|Knock Off|p1a: Manectric\n|-damage|p1a: Manectric|42\/100 psn\n|\n|-heal|p2a: Krookodile|23\/100|[from] item: Leftovers\n|-damage|p1a: Manectric|30\/100 psn|[from] psn\n|upkeep\n|turn|14\n|\n|t:|1600073122\n|switch|p2a: Roserade|Roserade, M, shiny|100\/100\n|-damage|p2a: Roserade|88\/100|[from] Stealth Rock\n|detailschange|p1a: Manectric|Manectric-Mega, M\n|-mega|p1a: Manectric|Manectric|Manectite\n|-ability|p1a: Manectric|Intimidate|boost\n|-unboost|p2a: Roserade|atk|1\n|move|p1a: Manectric|Flamethrower|p2a: Roserade\n|-supereffective|p2a: Roserade\n|-enditem|p2a: Roserade|Occa Berry|[eat]\n|-enditem|p2a: Roserade|Occa Berry|[weaken]\n|-damage|p2a: Roserade|58\/100\n|\n|-damage|p1a: Manectric|17\/100 psn|[from] psn\n|upkeep\n|turn|15\n|inactive|geniusx has 270 seconds left.\n|\n|t:|1600073135\n|move|p1a: Manectric|Volt Switch|p2a: Roserade\n|-resisted|p2a: Roserade\n|-damage|p2a: Roserade|42\/100\n|\n|t:|1600073137\n|switch|p1a: Snorlax|Snorlax, F|76\/100|[from]move: Volt Switch\n|-damage|p1a: Snorlax|63\/100|[from] Stealth Rock\n|move|p2a: Roserade|Synthesis|p2a: Roserade\n|-heal|p2a: Roserade|92\/100\n|\n|upkeep\n|turn|16\n|\n|t:|1600073143\n|move|p2a: Roserade|Leaf Storm|p1a: Snorlax\n|-damage|p1a: Snorlax|29\/100\n|-unboost|p2a: Roserade|spa|2\n|move|p1a: Snorlax|Return|p2a: Roserade\n|-damage|p2a: Roserade|0 fnt\n|faint|p2a: Roserade\n|\n|upkeep\n|inactive|mayoouran has 270 seconds left.\n|inactive|mayoouran has 240 seconds left.\n|inactive|mayoouran has 210 seconds left.\n|\n|t:|1600073235\n|switch|p2a: Gallade|Gallade, M, shiny|100\/100\n|-damage|p2a: Gallade|94\/100|[from] Stealth Rock\n|turn|17\n|inactive|mayoouran has 210 seconds left.\n|inactive|geniusx has 270 seconds left.\n|\n|t:|1600073271\n|detailschange|p2a: Gallade|Gallade-Mega, M, shiny\n|-mega|p2a: Gallade|Gallade|Galladite\n|move|p2a: Gallade|Leaf Blade|p1a: Snorlax\n|-damage|p1a: Snorlax|0 fnt\n|faint|p1a: Snorlax\n|\n|upkeep\n|inactive|geniusx has 270 seconds left.\n|\n|t:|1600073282\n|switch|p1a: Landorus|Landorus-Therian, M|88\/100\n|-damage|p1a: Landorus|76\/100|[from] Stealth Rock\n|-ability|p1a: Landorus|Intimidate|boost\n|-unboost|p2a: Gallade|atk|1\n|turn|18\n|inactive|geniusx has 270 seconds left.\n|inactive|mayoouran has 210 seconds left.\n|\n|t:|1600073307\n|move|p1a: Landorus|U-turn|p2a: Gallade\n|-damage|p2a: Gallade|62\/100\n|\n|t:|1600073310\n|switch|p1a: Uxie|Uxie|78\/100|[from]move: U-turn\n|-damage|p1a: Uxie|66\/100|[from] Stealth Rock\n|move|p2a: Gallade|Ice Punch|p1a: Uxie\n|-damage|p1a: Uxie|51\/100\n|\n|upkeep\n|turn|19\n|inactive|geniusx has 270 seconds left.\n|\n|t:|1600073321\n|move|p2a: Gallade|X-Scissor|p1a: Uxie\n|-supereffective|p1a: Uxie\n|-damage|p1a: Uxie|21\/100\n|move|p1a: Uxie|Foul Play|p2a: Gallade\n|-damage|p2a: Gallade|25\/100\n|\n|upkeep\n|turn|20\n|inactive|geniusx has 270 seconds left.\n|inactive|mayoouran has 180 seconds left.\n|inactive|geniusx has 240 seconds left.\n|\n|t:|1600073392\n|move|p2a: Gallade|Ice Punch|p1a: Uxie\n|-damage|p1a: Uxie|8\/100\n|move|p1a: Uxie|Foul Play|p2a: Gallade\n|-damage|p2a: Gallade|0 fnt\n|faint|p2a: Gallade\n|\n|upkeep\n|inactive|mayoouran has 180 seconds left.\n|\n|t:|1600073421\n|switch|p2a: Uxie|Uxie, shiny|46\/100\n|-damage|p2a: Uxie|33\/100|[from] Stealth Rock\n|turn|21\n|inactive|geniusx has 210 seconds left.\n|\n|t:|1600073444\n|move|p2a: Uxie|Hidden Power|p1a: Uxie\n|-damage|p1a: Uxie|0 fnt\n|faint|p1a: Uxie\n|\n|upkeep\n|\n|t:|1600073449\n|switch|p1a: Landorus|Landorus-Therian, M|76\/100\n|-damage|p1a: Landorus|63\/100|[from] Stealth Rock\n|-ability|p1a: Landorus|Intimidate|boost\n|-unboost|p2a: Uxie|atk|1\n|turn|22\n|\n|t:|1600073453\n|move|p1a: Landorus|U-turn|p2a: Uxie\n|-supereffective|p2a: Uxie\n|-damage|p2a: Uxie|0 fnt\n|faint|p2a: Uxie\n|\n|t:|1600073456\n|switch|p1a: Manectric|Manectric-Mega, M|17\/100 psn|[from]move: U-turn\n|-damage|p1a: Manectric|5\/100 psn|[from] Stealth Rock\n|\n|-damage|p1a: Manectric|0 fnt|[from] psn\n|faint|p1a: Manectric\n|upkeep\n|\n|t:|1600073460\n|switch|p1a: Landorus|Landorus-Therian, M|63\/100\n|switch|p2a: Tapu Fini|Tapu Fini, shiny|100\/100\n|-damage|p1a: Landorus|51\/100|[from] Stealth Rock\n|-ability|p1a: Landorus|Intimidate|boost\n|-unboost|p2a: Tapu Fini|atk|1\n|-damage|p2a: Tapu Fini|88\/100|[from] Stealth Rock\n|-fieldstart|move: Misty Terrain|[from] ability: Misty Surge|[of] p2a: Tapu Fini\n|turn|23\n|\n|t:|1600073463\n|move|p1a: Landorus|Earthquake|p2a: Tapu Fini\n|-damage|p2a: Tapu Fini|40\/100\n|move|p2a: Tapu Fini|Surf|p1a: Landorus\n|-supereffective|p1a: Landorus\n|-damage|p1a: Landorus|0 fnt\n|faint|p1a: Landorus\n|\n|win|mayoouran\n|c|\u2606mayoouran|gg\n|c|\u2606geniusx|gg\n","uploadtime":1600073470,"views":164,"p1id":"geniusx","p2id":"mayoouran","formatid":"gen7draftleague","rating":0,"private":0,"password":null}