{"id":"sports-gen8nationaldexdraft-643424","p1":"Aberforth","p2":"AsterJ","format":"gen8nationaldexdraft","log":"|j|\u2606Aberforth\n|j|\u2606AsterJ\n|t:|1651451723\n|gametype|singles\n|player|p1|Aberforth|cynthia-gen4|\n|player|p2|AsterJ|asterj.png|\n|teamsize|p1|6\n|teamsize|p2|6\n|gen|8\n|tier|[Gen 8] National Dex Draft\n|rule|Sleep Clause Mod: Limit one foe put to sleep\n|rule|OHKO Clause: OHKO moves are banned\n|rule|Evasion Moves Clause: Evasion moves are banned\n|rule|Endless Battle Clause: Forcing endless battles is banned\n|rule|HP Percentage Mod: HP is shown in percentages\n|rule|Dynamax Clause: You cannot dynamax\n|clearpoke\n|poke|p1|Landorus, M|\n|poke|p1|Aerodactyl, F|\n|poke|p1|Slowking-Galar, M|\n|poke|p1|Clefable, F|\n|poke|p1|Blastoise, M|\n|poke|p1|Registeel|\n|poke|p2|Tyranitar, M|\n|poke|p2|Melmetal|\n|poke|p2|Cinderace, M|\n|poke|p2|Zapdos|\n|poke|p2|Nidoking, M|\n|poke|p2|Vaporeon, M|\n|teampreview\n|html|<button name=\"send\" class=\"button\" value=\"\/timer ds\"><i class=\"fa fa-hourglass-start\"><\/i> DS Timer<\/button> <button name=\"send\" class=\"button\" value=\"\/timer smogon\"><i class=\"fa fa-hourglass-start\"><\/i> Smogon Timer<\/button>\n|c|\u2606AsterJ|gl hf man!\n|c|\u2606Aberforth|u2 friend\n|j| Optic Vesuvius\n|\n|t:|1651451797\n|start\n|switch|p1a: Slowking|Slowking-Galar, M|100\/100\n|switch|p2a: Zapdos|Zapdos|100\/100\n|turn|1\n|j| Showdown Guzma\n|j| palkia62\n|j| NathanHC\n|l| NathanHC\n|\n|t:|1651451885\n|move|p2a: Zapdos|Volt Switch|p1a: Slowking\n|-crit|p1a: Slowking\n|-damage|p1a: Slowking|61\/100\n|\n|t:|1651451907\n|switch|p2a: Cinderace|Cinderace, M|100\/100|[from]move: Volt Switch\n|move|p1a: Slowking|Trick|p2a: Cinderace\n|-activate|p1a: Slowking|move: Trick|[of] p2a: Cinderace\n|-item|p2a: Cinderace|Black Sludge|[from] move: Trick\n|-item|p1a: Slowking|Heavy-Duty Boots|[from] move: Trick\n|\n|-damage|p2a: Cinderace|88\/100|[from] item: Black Sludge\n|upkeep\n|turn|2\n|\n|t:|1651451920\n|move|p2a: Cinderace|U-turn|p1a: Slowking\n|-damage|p1a: Slowking|37\/100\n|\n|t:|1651451963\n|switch|p2a: Melmetal|Melmetal|100\/100|[from]move: U-turn\n|move|p1a: Slowking|Focus Blast|p2a: Melmetal\n|-supereffective|p2a: Melmetal\n|-damage|p2a: Melmetal|22\/100\n|\n|upkeep\n|turn|3\n|\n|t:|1651451986\n|switch|p1a: Blastoise|Blastoise, M|100\/100\n|move|p2a: Melmetal|Thunder Wave|p1a: Blastoise\n|-status|p1a: Blastoise|par\n|\n|upkeep\n|turn|4\n|\n|t:|1651452031\n|move|p2a: Melmetal|Thunder Punch|p1a: Blastoise\n|-supereffective|p1a: Blastoise\n|-damage|p1a: Blastoise|47\/100 par\n|cant|p1a: Blastoise|par\n|\n|upkeep\n|turn|5\n|j| Tupac Makaveli\n|j| causing problems\n|j| VIG Luffy\n|\n|t:|1651452100\n|move|p2a: Melmetal|Double Iron Bash|p1a: Blastoise\n|-resisted|p1a: Blastoise\n|-damage|p1a: Blastoise|32\/100 par\n|-resisted|p1a: Blastoise\n|-damage|p1a: Blastoise|15\/100 par\n|-hitcount|p1a: Blastoise|2\n|move|p1a: Blastoise|Body Press|p2a: Melmetal\n|-supereffective|p2a: Melmetal\n|-damage|p2a: Melmetal|0 fnt\n|faint|p2a: Melmetal\n|\n|upkeep\n|\n|t:|1651452142\n|switch|p2a: Cinderace|Cinderace, M|88\/100\n|turn|6\n|\n|t:|1651452166\n|move|p1a: Blastoise|Aqua Jet|p2a: Cinderace\n|-supereffective|p2a: Cinderace\n|-damage|p2a: Cinderace|43\/100\n|move|p2a: Cinderace|U-turn|p1a: Blastoise\n|-damage|p1a: Blastoise|0 fnt\n|-damage|p2a: Cinderace|26\/100|[from] item: Rocky Helmet|[of] p1a: Blastoise\n|faint|p1a: Blastoise\n|\n|t:|1651452188\n|switch|p2a: Zapdos|Zapdos|100\/100|[from]move: U-turn\n|\n|upkeep\n|\n|t:|1651452194\n|switch|p1a: Aerodactyl|Aerodactyl, F|100\/100\n|-ability|p1a: Aerodactyl|Unnerve\n|turn|7\n|\n|t:|1651452200\n|switch|p1a: Landorus|Landorus, M|100\/100\n|move|p2a: Zapdos|Volt Switch|p1a: Landorus\n|-immune|p1a: Landorus\n|\n|upkeep\n|turn|8\n|\n|t:|1651452209\n|switch|p2a: Vaporeon|Vaporeon, M|100\/100\n|move|p1a: Landorus|Calm Mind|p1a: Landorus\n|-boost|p1a: Landorus|spa|1\n|-boost|p1a: Landorus|spd|1\n|\n|upkeep\n|turn|9\n|\n|t:|1651452228\n|move|p1a: Landorus|Earth Power|p2a: Vaporeon\n|-damage|p2a: Vaporeon|53\/100\n|move|p2a: Vaporeon|Ice Beam|p1a: Landorus\n|-supereffective|p1a: Landorus\n|-damage|p1a: Landorus|40\/100\n|\n|-heal|p1a: Landorus|46\/100|[from] item: Leftovers\n|-heal|p2a: Vaporeon|59\/100|[from] item: Leftovers\n|upkeep\n|turn|10\n|j| IJUSTWANNAWATCH\n|\n|t:|1651452300\n|switch|p1a: Clefable|Clefable, F|100\/100\n|move|p2a: Vaporeon|Ice Beam|p1a: Clefable\n|-damage|p1a: Clefable|78\/100\n|-status|p1a: Clefable|frz\n|\n|-heal|p2a: Vaporeon|66\/100|[from] item: Leftovers\n|upkeep\n|turn|11\n|c|\u2606AsterJ|:(\n|c|\u2606AsterJ|mb\n|c|\u2606Aberforth|it happens\n|\n|t:|1651452316\n|switch|p2a: Nidoking|Nidoking, M|100\/100\n|switch|p1a: Landorus|Landorus, M|46\/100\n|\n|-heal|p1a: Landorus|52\/100|[from] item: Leftovers\n|upkeep\n|turn|12\n|\n|t:|1651452330\n|switch|p2a: Zapdos|Zapdos|100\/100\n|move|p1a: Landorus|Earth Power|p2a: Zapdos\n|-immune|p2a: Zapdos\n|\n|-heal|p1a: Landorus|58\/100|[from] item: Leftovers\n|upkeep\n|turn|13\n|\n|t:|1651452338\n|switch|p1a: Aerodactyl|Aerodactyl, F|100\/100\n|-ability|p1a: Aerodactyl|Unnerve\n|move|p2a: Zapdos|Hurricane|p1a: Aerodactyl\n|-resisted|p1a: Aerodactyl\n|-damage|p1a: Aerodactyl|65\/100\n|\n|upkeep\n|turn|14\n|\n|t:|1651452377\n|switch|p2a: Vaporeon|Vaporeon, M|66\/100\n|detailschange|p1a: Aerodactyl|Aerodactyl-Mega, F\n|-mega|p1a: Aerodactyl|Aerodactyl|Aerodactylite\n|move|p1a: Aerodactyl|Stone Edge|p2a: Vaporeon\n|-damage|p2a: Vaporeon|21\/100\n|\n|-heal|p2a: Vaporeon|28\/100|[from] item: Leftovers\n|upkeep\n|turn|15\n|\n|t:|1651452398\n|move|p1a: Aerodactyl|Stone Edge|p2a: Vaporeon\n|-damage|p2a: Vaporeon|0 fnt\n|faint|p2a: Vaporeon\n|\n|upkeep\n|\n|t:|1651452401\n|switch|p2a: Tyranitar|Tyranitar, M|100\/100\n|-weather|Sandstorm|[from] ability: Sand Stream|[of] p2a: Tyranitar\n|turn|16\n|\n|t:|1651452409\n|detailschange|p2a: Tyranitar|Tyranitar-Mega, M\n|-mega|p2a: Tyranitar|Tyranitar|Tyranitarite\n|move|p1a: Aerodactyl|Iron Head|p2a: Tyranitar\n|-supereffective|p2a: Tyranitar\n|-damage|p2a: Tyranitar|50\/100\n|cant|p2a: Tyranitar|flinch\n|\n|-weather|Sandstorm|[upkeep]\n|upkeep\n|turn|17\n|\n|t:|1651452416\n|switch|p2a: Zapdos|Zapdos|100\/100\n|move|p1a: Aerodactyl|Iron Head|p2a: Zapdos\n|-resisted|p2a: Zapdos\n|-damage|p2a: Zapdos|78\/100\n|-status|p1a: Aerodactyl|par|[from] ability: Static|[of] p2a: Zapdos\n|\n|-weather|Sandstorm|[upkeep]\n|-damage|p2a: Zapdos|71\/100|[from] Sandstorm\n|upkeep\n|turn|18\n|\n|t:|1651452423\n|move|p2a: Zapdos|U-turn|p1a: Aerodactyl\n|-resisted|p1a: Aerodactyl\n|-damage|p1a: Aerodactyl|56\/100 par\n|\n|t:|1651452427\n|switch|p2a: Nidoking|Nidoking, M|100\/100|[from]move: U-turn\n|move|p1a: Aerodactyl|Iron Head|p2a: Nidoking\n|-damage|p2a: Nidoking|51\/100\n|\n|-weather|Sandstorm|[upkeep]\n|upkeep\n|turn|19\n|\n|t:|1651452439\n|move|p2a: Nidoking|Substitute|p2a: Nidoking\n|-start|p2a: Nidoking|Substitute\n|-damage|p2a: Nidoking|26\/100\n|cant|p1a: Aerodactyl|par\n|\n|-weather|Sandstorm|[upkeep]\n|upkeep\n|turn|20\n|\n|t:|1651452443\n|move|p2a: Nidoking|Ice Beam|p1a: Aerodactyl\n|-supereffective|p1a: Aerodactyl\n|-crit|p1a: Aerodactyl\n|-damage|p1a: Aerodactyl|0 fnt\n|faint|p1a: Aerodactyl\n|\n|-weather|none\n|upkeep\n|\n|t:|1651452447\n|switch|p1a: Registeel|Registeel|100\/100\n|turn|21\n|\n|t:|1651452449\n|move|p2a: Nidoking|Earth Power|p1a: Registeel\n|-supereffective|p1a: Registeel\n|-damage|p1a: Registeel|25\/100\n|move|p1a: Registeel|Amnesia|p1a: Registeel\n|-boost|p1a: Registeel|spd|2\n|\n|-heal|p1a: Registeel|32\/100|[from] item: Leftovers\n|upkeep\n|turn|22\n|\n|t:|1651452457\n|move|p2a: Nidoking|Earth Power|p1a: Registeel\n|-supereffective|p1a: Registeel\n|-damage|p1a: Registeel|0 fnt\n|faint|p1a: Registeel\n|\n|upkeep\n|c|\u2606Aberforth|gg\n|c|\u2606AsterJ|gg\n|-message|Aberforth forfeited.\n|\n|win|AsterJ\n|l|\u2606Aberforth\n|l| Tupac Makaveli\n","uploadtime":1651452484,"views":44,"p1id":"aberforth","p2id":"asterj","formatid":"gen8nationaldexdraft","rating":0,"private":0,"password":null}