{"id":"sports-gen8nationaldexdraft-579643","p1":"gaijineagle","p2":"ThePichuBros3","format":"gen8nationaldexdraft","log":"|j|\u2606gaijineagle\n|j|\u2606ThePichuBros3\n|t:|1643108881\n|gametype|singles\n|player|p1|gaijineagle|101|\n|player|p2|ThePichuBros3|thepichubros3.png|\n|teamsize|p1|6\n|teamsize|p2|6\n|gen|8\n|tier|[Gen 8] National Dex Draft\n|rule|Sleep Clause Mod: Limit one foe put to sleep\n|rule|OHKO Clause: OHKO moves are banned\n|rule|Evasion Moves Clause: Evasion moves are banned\n|rule|Endless Battle Clause: Forcing endless battles is banned\n|rule|HP Percentage Mod: HP is shown in percentages\n|rule|Dynamax Clause: You cannot dynamax\n|clearpoke\n|poke|p1|Lucario, M|\n|poke|p1|Empoleon, F|\n|poke|p1|Goodra, M|\n|poke|p1|Cutiefly, F|\n|poke|p1|Golisopod, F|\n|poke|p1|Jellicent, F|\n|poke|p2|Gardevoir, F|\n|poke|p2|Pinsir, M|\n|poke|p2|Heliolisk, M|\n|poke|p2|Hitmonlee, M|\n|poke|p2|Krokorok, F|\n|poke|p2|Diancie|\n|teampreview\n|html|<button name=\"send\" class=\"button\" value=\"\/timer ds\"><i class=\"fa fa-hourglass-start\"><\/i> DS Timer<\/button> <button name=\"send\" class=\"button\" value=\"\/timer smogon\"><i class=\"fa fa-hourglass-start\"><\/i> Smogon Timer<\/button>\n|c|\u2606gaijineagle|let me post the link\n|c|\u2606gaijineagle|brb\n|j| PorygonTheBot\n|c| PorygonTheBot|I'm here now, the battle can get started!\n|c|\u2606gaijineagle|im back\n|c|\u2606gaijineagle|hf\n|\n|t:|1643109045\n|start\n|switch|p1a: Pixie|Cutiefly, F|100\/100\n|switch|p2a: Heliolisk|Heliolisk, M|100\/100\n|turn|1\n|\n|t:|1643109083\n|switch|p1a: Slim Shady|Goodra, M, shiny|100\/100\n|move|p2a: Heliolisk|Substitute|p2a: Heliolisk\n|-start|p2a: Heliolisk|Substitute\n|-damage|p2a: Heliolisk|76\/100\n|\n|-heal|p2a: Heliolisk|82\/100|[from] item: Leftovers\n|upkeep\n|turn|2\n|\n|t:|1643109087\n|move|p2a: Heliolisk|Protect|p2a: Heliolisk\n|-singleturn|p2a: Heliolisk|Protect\n|move|p1a: Slim Shady|Earthquake|p2a: Heliolisk\n|-activate|p2a: Heliolisk|move: Protect\n|\n|-heal|p2a: Heliolisk|88\/100|[from] item: Leftovers\n|upkeep\n|turn|3\n|\n|t:|1643109090\n|move|p2a: Heliolisk|Toxic|p1a: Slim Shady\n|-status|p1a: Slim Shady|tox\n|move|p1a: Slim Shady|Earthquake|p2a: Heliolisk\n|-supereffective|p2a: Heliolisk\n|-end|p2a: Heliolisk|Substitute\n|\n|-heal|p2a: Heliolisk|94\/100|[from] item: Leftovers\n|-damage|p1a: Slim Shady|94\/100 tox|[from] psn\n|upkeep\n|turn|4\n|\n|t:|1643109155\n|switch|p1a: Ms. Pringles|Jellicent, F|100\/100\n|move|p2a: Heliolisk|Substitute|p2a: Heliolisk\n|-start|p2a: Heliolisk|Substitute\n|-damage|p2a: Heliolisk|69\/100\n|\n|-heal|p2a: Heliolisk|75\/100|[from] item: Leftovers\n|upkeep\n|turn|5\n|\n|t:|1643109174\n|move|p2a: Heliolisk|Toxic|p1a: Ms. Pringles|[miss]\n|-miss|p2a: Heliolisk|p1a: Ms. Pringles\n|move|p1a: Ms. Pringles|Ice Beam|p2a: Heliolisk\n|-activate|p2a: Heliolisk|move: Substitute|[damage]\n|\n|-heal|p2a: Heliolisk|81\/100|[from] item: Leftovers\n|upkeep\n|turn|6\n|\n|t:|1643109179\n|move|p2a: Heliolisk|Toxic|p1a: Ms. Pringles\n|-status|p1a: Ms. Pringles|tox\n|move|p1a: Ms. Pringles|Ice Beam|p2a: Heliolisk\n|-end|p2a: Heliolisk|Substitute\n|\n|-heal|p2a: Heliolisk|88\/100|[from] item: Leftovers\n|-damage|p1a: Ms. Pringles|94\/100 tox|[from] psn\n|upkeep\n|turn|7\n|\n|t:|1643109187\n|switch|p1a: Pixie|Cutiefly, F|100\/100\n|move|p2a: Heliolisk|Substitute|p2a: Heliolisk\n|-start|p2a: Heliolisk|Substitute\n|-damage|p2a: Heliolisk|63\/100\n|\n|-heal|p2a: Heliolisk|69\/100|[from] item: Leftovers\n|upkeep\n|turn|8\n|\n|t:|1643109192\n|move|p2a: Heliolisk|Toxic|p1a: Pixie\n|-status|p1a: Pixie|tox\n|move|p1a: Pixie|Sticky Web|p2a: Heliolisk\n|-sidestart|p2: ThePichuBros3|move: Sticky Web\n|\n|-heal|p2a: Heliolisk|75\/100|[from] item: Leftovers\n|-damage|p1a: Pixie|95\/100 tox|[from] psn\n|upkeep\n|turn|9\n|\n|t:|1643109197\n|move|p2a: Heliolisk|Protect|p2a: Heliolisk\n|-singleturn|p2a: Heliolisk|Protect\n|move|p1a: Pixie|Light Screen|p1a: Pixie\n|-sidestart|p1: gaijineagle|move: Light Screen\n|\n|-heal|p2a: Heliolisk|81\/100|[from] item: Leftovers\n|-damage|p1a: Pixie|83\/100 tox|[from] psn\n|upkeep\n|turn|10\n|\n|t:|1643109205\n|move|p2a: Heliolisk|Thunderbolt|p1a: Pixie\n|-damage|p1a: Pixie|45\/100 tox\n|move|p1a: Pixie|Reflect|p1a: Pixie\n|-sidestart|p1: gaijineagle|Reflect\n|\n|-heal|p2a: Heliolisk|87\/100|[from] item: Leftovers\n|-damage|p1a: Pixie|27\/100 tox|[from] psn\n|upkeep\n|turn|11\n|\n|t:|1643109227\n|move|p2a: Heliolisk|Protect|p2a: Heliolisk\n|-singleturn|p2a: Heliolisk|Protect\n|move|p1a: Pixie|U-turn|p2a: Heliolisk\n|-activate|p2a: Heliolisk|move: Protect\n|\n|-heal|p2a: Heliolisk|93\/100|[from] item: Leftovers\n|-damage|p1a: Pixie|3\/100 tox|[from] psn\n|upkeep\n|turn|12\n|\n|t:|1643109249\n|move|p2a: Heliolisk|Thunderbolt|p1a: Pixie\n|-damage|p1a: Pixie|0 fnt\n|faint|p1a: Pixie\n|\n|-heal|p2a: Heliolisk|99\/100|[from] item: Leftovers\n|upkeep\n|\n|t:|1643109256\n|switch|p1a: Guzma|Golisopod, F, shiny|100\/100\n|turn|13\n|\n|t:|1643109272\n|move|p1a: Guzma|First Impression|p2a: Heliolisk\n|-end|p2a: Heliolisk|Substitute\n|move|p2a: Heliolisk|Toxic|p1a: Guzma\n|-status|p1a: Guzma|tox\n|\n|-heal|p2a: Heliolisk|100\/100|[from] item: Leftovers\n|-damage|p1a: Guzma|94\/100 tox|[from] psn\n|upkeep\n|turn|14\n|\n|t:|1643109285\n|switch|p1a: Slim Shady|Goodra, M, shiny|94\/100 tox\n|move|p2a: Heliolisk|Substitute|p2a: Heliolisk\n|-start|p2a: Heliolisk|Substitute\n|-damage|p2a: Heliolisk|76\/100\n|\n|-heal|p2a: Heliolisk|82\/100|[from] item: Leftovers\n|-damage|p1a: Slim Shady|88\/100 tox|[from] psn\n|upkeep\n|turn|15\n|\n|t:|1643109289\n|move|p2a: Heliolisk|Protect|p2a: Heliolisk\n|-singleturn|p2a: Heliolisk|Protect\n|move|p1a: Slim Shady|Earthquake|p2a: Heliolisk\n|-activate|p2a: Heliolisk|move: Protect\n|\n|-heal|p2a: Heliolisk|88\/100|[from] item: Leftovers\n|-damage|p1a: Slim Shady|75\/100 tox|[from] psn\n|upkeep\n|turn|16\n|\n|t:|1643109310\n|move|p2a: Heliolisk|Thunderbolt|p1a: Slim Shady\n|-resisted|p1a: Slim Shady\n|-damage|p1a: Slim Shady|72\/100 tox\n|move|p1a: Slim Shady|Earthquake|p2a: Heliolisk\n|-supereffective|p2a: Heliolisk\n|-end|p2a: Heliolisk|Substitute\n|\n|-heal|p2a: Heliolisk|94\/100|[from] item: Leftovers\n|-damage|p1a: Slim Shady|54\/100 tox|[from] psn\n|-sideend|p1: gaijineagle|move: Light Screen\n|upkeep\n|turn|17\n|\n|t:|1643109336\n|switch|p1a: Happy Feet|Empoleon, F, shiny|100\/100\n|move|p2a: Heliolisk|Substitute|p2a: Heliolisk\n|-start|p2a: Heliolisk|Substitute\n|-damage|p2a: Heliolisk|69\/100\n|\n|-heal|p2a: Heliolisk|75\/100|[from] item: Leftovers\n|-sideend|p1: gaijineagle|Reflect\n|upkeep\n|turn|18\n|\n|t:|1643109346\n|move|p2a: Heliolisk|Thunderbolt|p1a: Happy Feet\n|-supereffective|p1a: Happy Feet\n|-damage|p1a: Happy Feet|42\/100\n|move|p1a: Happy Feet|Agility|p1a: Happy Feet\n|-boost|p1a: Happy Feet|spe|2\n|\n|-heal|p2a: Heliolisk|81\/100|[from] item: Leftovers\n|upkeep\n|turn|19\n|\n|t:|1643109359\n|move|p2a: Heliolisk|Protect|p2a: Heliolisk\n|-singleturn|p2a: Heliolisk|Protect\n|move|p1a: Happy Feet|Ice Beam|p2a: Heliolisk\n|-activate|p2a: Heliolisk|move: Protect\n|\n|-heal|p2a: Heliolisk|88\/100|[from] item: Leftovers\n|upkeep\n|turn|20\n|\n|t:|1643109367\n|move|p1a: Happy Feet|Ice Beam|p2a: Heliolisk\n|-end|p2a: Heliolisk|Substitute\n|move|p2a: Heliolisk|Thunderbolt|p1a: Happy Feet\n|-supereffective|p1a: Happy Feet\n|-damage|p1a: Happy Feet|0 fnt\n|faint|p1a: Happy Feet\n|\n|-heal|p2a: Heliolisk|94\/100|[from] item: Leftovers\n|upkeep\n|\n|t:|1643109389\n|switch|p1a: SkeptcalDingo|Lucario, M, shiny|100\/100\n|turn|21\n|\n|t:|1643109396\n|move|p2a: Heliolisk|Thunderbolt|p1a: SkeptcalDingo\n|-damage|p1a: SkeptcalDingo|44\/100\n|move|p1a: SkeptcalDingo|Swords Dance|p1a: SkeptcalDingo\n|-boost|p1a: SkeptcalDingo|atk|2\n|\n|-heal|p2a: Heliolisk|99\/100|[from] item: Leftovers\n|upkeep\n|turn|22\n|\n|t:|1643109509\n|switch|p2a: Diancie|Diancie|100\/100\n|-activate|p2a: Diancie|move: Sticky Web\n|-fail|p2a: Diancie|unboost|[from] ability: Clear Body|[of] p2a: Diancie\n|move|p1a: SkeptcalDingo|Drain Punch|p2a: Diancie\n|-damage|p2a: Diancie|50\/100\n|-heal|p1a: SkeptcalDingo|71\/100|[from] drain|[of] p2a: Diancie\n|\n|upkeep\n|turn|23\n|\n|t:|1643109522\n|move|p1a: SkeptcalDingo|Meteor Mash|p2a: Diancie\n|-supereffective|p2a: Diancie\n|-enditem|p2a: Diancie|Babiri Berry|[eat]\n|-enditem|p2a: Diancie|Babiri Berry|[weaken]\n|-damage|p2a: Diancie|0 fnt\n|faint|p2a: Diancie\n|\n|upkeep\n|\n|t:|1643109535\n|switch|p2a: Krokorok|Krokorok, F|100\/100\n|-activate|p2a: Krokorok|move: Sticky Web\n|-unboost|p2a: Krokorok|spe|1\n|turn|24\n|\n|t:|1643109545\n|move|p1a: SkeptcalDingo|Drain Punch|p2a: Krokorok\n|-supereffective|p2a: Krokorok\n|-enditem|p2a: Krokorok|Focus Sash\n|-damage|p2a: Krokorok|1\/100\n|-heal|p1a: SkeptcalDingo|100\/100|[from] drain|[of] p2a: Krokorok\n|move|p2a: Krokorok|Earthquake|p1a: SkeptcalDingo\n|-supereffective|p1a: SkeptcalDingo\n|-damage|p1a: SkeptcalDingo|0 fnt\n|faint|p1a: SkeptcalDingo\n|-ability|p2a: Krokorok|Moxie|boost\n|-boost|p2a: Krokorok|atk|1\n|\n|upkeep\n|\n|t:|1643109593\n|switch|p1a: Guzma|Golisopod, F, shiny|94\/100 tox\n|turn|25\n|\n|t:|1643109604\n|move|p2a: Krokorok|Knock Off|p1a: Guzma\n|-damage|p1a: Guzma|46\/100 tox\n|-enditem|p1a: Guzma|Choice Band|[from] move: Knock Off|[of] p2a: Krokorok\n|-activate|p1a: Guzma|ability: Emergency Exit\n|\n|t:|1643109610\n|switch|p1a: Ms. Pringles|Jellicent, F|94\/100 tox\n|\n|-damage|p1a: Ms. Pringles|88\/100 tox|[from] psn\n|upkeep\n|turn|26\n|\n|t:|1643109619\n|move|p2a: Krokorok|Knock Off|p1a: Ms. Pringles\n|-supereffective|p1a: Ms. Pringles\n|-enditem|p1a: Ms. Pringles|Colbur Berry|[eat]\n|-enditem|p1a: Ms. Pringles|Colbur Berry|[weaken]\n|-damage|p1a: Ms. Pringles|39\/100 tox\n|move|p1a: Ms. Pringles|Strength Sap|p2a: Krokorok\n|-unboost|p2a: Krokorok|atk|1\n|-heal|p1a: Ms. Pringles|100\/100 tox\n|\n|-damage|p1a: Ms. Pringles|88\/100 tox|[from] psn\n|upkeep\n|turn|27\n|\n|t:|1643109633\n|move|p2a: Krokorok|Knock Off|p1a: Ms. Pringles\n|-supereffective|p1a: Ms. Pringles\n|-damage|p1a: Ms. Pringles|49\/100 tox\n|move|p1a: Ms. Pringles|Strength Sap|p2a: Krokorok\n|-unboost|p2a: Krokorok|atk|1\n|-heal|p1a: Ms. Pringles|100\/100 tox\n|\n|-damage|p1a: Ms. Pringles|82\/100 tox|[from] psn\n|upkeep\n|turn|28\n|\n|t:|1643109648\n|switch|p2a: Heliolisk|Heliolisk, M|99\/100\n|-activate|p2a: Heliolisk|move: Sticky Web\n|-unboost|p2a: Heliolisk|spe|1\n|move|p1a: Ms. Pringles|Ice Beam|p2a: Heliolisk\n|-damage|p2a: Heliolisk|83\/100\n|\n|-heal|p2a: Heliolisk|89\/100|[from] item: Leftovers\n|-damage|p1a: Ms. Pringles|57\/100 tox|[from] psn\n|upkeep\n|turn|29\n|\n|t:|1643109659\n|move|p2a: Heliolisk|Substitute|p2a: Heliolisk\n|-start|p2a: Heliolisk|Substitute\n|-damage|p2a: Heliolisk|64\/100\n|move|p1a: Ms. Pringles|Ice Beam|p2a: Heliolisk\n|-crit|p2a: Heliolisk\n|-end|p2a: Heliolisk|Substitute\n|\n|-heal|p2a: Heliolisk|70\/100|[from] item: Leftovers\n|-damage|p1a: Ms. Pringles|26\/100 tox|[from] psn\n|upkeep\n|turn|30\n|\n|t:|1643109663\n|move|p2a: Heliolisk|Substitute|p2a: Heliolisk\n|-start|p2a: Heliolisk|Substitute\n|-damage|p2a: Heliolisk|45\/100\n|move|p1a: Ms. Pringles|Ice Beam|p2a: Heliolisk\n|-activate|p2a: Heliolisk|move: Substitute|[damage]\n|\n|-heal|p2a: Heliolisk|52\/100|[from] item: Leftovers\n|-damage|p1a: Ms. Pringles|0 fnt|[from] psn\n|faint|p1a: Ms. Pringles\n|upkeep\n|\n|t:|1643109666\n|switch|p1a: Guzma|Golisopod, F, shiny|46\/100 tox\n|turn|31\n|\n|t:|1643109672\n|move|p2a: Heliolisk|Protect|p2a: Heliolisk\n|-singleturn|p2a: Heliolisk|Protect\n|move|p1a: Guzma|First Impression|p2a: Heliolisk\n|-activate|p2a: Heliolisk|move: Protect\n|\n|-heal|p2a: Heliolisk|58\/100|[from] item: Leftovers\n|-damage|p1a: Guzma|39\/100 tox|[from] psn\n|upkeep\n|turn|32\n|\n|t:|1643109678\n|move|p1a: Guzma|Aqua Jet|p2a: Heliolisk\n|-heal|p2a: Heliolisk|83\/100|[from] ability: Dry Skin|[of] p1a: Guzma\n|move|p2a: Heliolisk|Thunderbolt|p1a: Guzma\n|-supereffective|p1a: Guzma\n|-damage|p1a: Guzma|0 fnt\n|faint|p1a: Guzma\n|\n|-heal|p2a: Heliolisk|89\/100|[from] item: Leftovers\n|upkeep\n|\n|t:|1643109683\n|switch|p1a: Slim Shady|Goodra, M, shiny|54\/100 tox\n|turn|33\n|\n|t:|1643109685\n|move|p2a: Heliolisk|Protect|p2a: Heliolisk\n|-singleturn|p2a: Heliolisk|Protect\n|move|p1a: Slim Shady|Sludge Bomb|p2a: Heliolisk\n|-activate|p2a: Heliolisk|move: Protect\n|\n|-heal|p2a: Heliolisk|95\/100|[from] item: Leftovers\n|-damage|p1a: Slim Shady|47\/100 tox|[from] psn\n|upkeep\n|turn|34\n|c|\u2606gaijineagle|gg bro\n|\n|t:|1643109693\n|move|p2a: Heliolisk|Substitute|p2a: Heliolisk\n|-fail|p2a: Heliolisk|move: Substitute\n|move|p1a: Slim Shady|Flamethrower|p2a: Heliolisk\n|-end|p2a: Heliolisk|Substitute\n|\n|-heal|p2a: Heliolisk|100\/100|[from] item: Leftovers\n|-damage|p1a: Slim Shady|35\/100 tox|[from] psn\n|upkeep\n|turn|35\n|\n|t:|1643109696\n|move|p2a: Heliolisk|Protect|p2a: Heliolisk\n|-singleturn|p2a: Heliolisk|Protect\n|move|p1a: Slim Shady|Flamethrower|p2a: Heliolisk\n|-activate|p2a: Heliolisk|move: Protect\n|\n|-damage|p1a: Slim Shady|16\/100 tox|[from] psn\n|upkeep\n|turn|36\n|\n|t:|1643109698\n|move|p2a: Heliolisk|Substitute|p2a: Heliolisk\n|-start|p2a: Heliolisk|Substitute\n|-damage|p2a: Heliolisk|76\/100\n|move|p1a: Slim Shady|Flamethrower|p2a: Heliolisk\n|-end|p2a: Heliolisk|Substitute\n|\n|-heal|p2a: Heliolisk|82\/100|[from] item: Leftovers\n|-damage|p1a: Slim Shady|0 fnt|[from] psn\n|faint|p1a: Slim Shady\n|\n|win|ThePichuBros3\n|upkeep\n|l| PorygonTheBot\n|c|\u2606ThePichuBros3|gg\n|l|\u2606gaijineagle\n","uploadtime":1643109699,"views":28,"p1id":"gaijineagle","p2id":"thepichubros3","formatid":"gen8nationaldexdraft","rating":0,"private":0,"password":null}