{"id":"sports-gen8nationaldexdlclegacy-320318","p1":"DjezzeMwoan","p2":"FSF Iceik","format":"gen8nationaldexdlclegacy","log":"|j|\u2606DjezzeMwoan\n|j|\u2606FSF Iceik\n|t:|1610832807\n|player|p1|DjezzeMwoan|52|\n|player|p2|FSF Iceik|fsficeik.png|\n|teamsize|p1|6\n|teamsize|p2|6\n|gametype|singles\n|gen|8\n|tier|[Gen 8] National Dex DLC Legacy\n|rule|Sleep Clause Mod: Limit one foe put to sleep\n|rule|OHKO Clause: OHKO moves are banned\n|rule|Evasion Moves Clause: Evasion moves are banned\n|rule|Endless Battle Clause: Forcing endless battles is banned\n|rule|HP Percentage Mod: HP is shown in percentages\n|clearpoke\n|poke|p1|Weezing, M|\n|poke|p1|Bronzong|\n|poke|p1|Cryogonal|\n|poke|p1|Hydreigon, F|\n|poke|p1|Cresselia, F|\n|poke|p1|Vikavolt, F|\n|poke|p2|Volcanion|\n|poke|p2|Mawile, F|\n|poke|p2|Gligar, M|\n|poke|p2|Blissey, F|\n|poke|p2|Drapion, M|\n|poke|p2|Dragapult, F|\n|rule|Dynamax Clause: You cannot dynamax\n|teampreview\n|html|<button name=\"send\" class=\"button\" value=\"\/timer ds\"><i class=\"fa fa-hourglass-start\"><\/i> DS Timer<\/button> <button name=\"send\" class=\"button\" value=\"\/timer smogon\"><i class=\"fa fa-hourglass-start\"><\/i> Smogon Timer<\/button>\n|c|\u2606FSF Iceik|glhf!\n|c|\u2606DjezzeMwoan|you too man\n|c|\u2606DjezzeMwoan|brought every problem\n|c|\u2606DjezzeMwoan|fuck\n|c|\u2606DjezzeMwoan|lmfoa\n|j| PorygonTheBot\n|c| PorygonTheBot|This game looks fun!\n|j| 2020 is dead!\n|c| 2020 is dead!|I Wana a clean fight gentleman\n|c|\u2606FSF Iceik|what you guessed my team right?\n|c|\u2606FSF Iceik|hate to see it if so\n|c|\u2606FSF Iceik|i kinda guessed ur team right other than one mon\n|c|\u2606DjezzeMwoan|vikavolt ig lol\n|c| 2020 is dead!|No punches below the belt\n|c|\u2606FSF Iceik|2*\n|c|\u2606FSF Iceik|vika isnt one\n|c|\u2606FSF Iceik|anywho\n|c|\u2606DjezzeMwoan|anywho\n|c|\u2606FSF Iceik|time to have a panic attack \n|c|\u2606DjezzeMwoan|i might have missed something in prep lmfao\n|c|\u2606DjezzeMwoan|man brought a volcanion vs a team with a rotom wash, and 3 dragons\n|c|\u2606DjezzeMwoan|smfh\n|c|\u2606FSF Iceik|i did indeed\n|c|\u2606DjezzeMwoan|chad move\n|\n|t:|1610832985\n|start\n|switch|p1a: Vikavolt|Vikavolt, F|100\/100\n|switch|p2a: Joe Tazuna|Volcanion|100\/100\n|turn|1\n|j| BFO Ethanol\n|c|\u2606DjezzeMwoan|so it begins\n|c|\u2606FSF Iceik|it do\n|c| BFO Ethanol|why is volcanion such a chad\n|c| BFO Ethanol|in this essay, I will-\n|c|\u2606DjezzeMwoan|he do be chad do\n|c|\u2606FSF Iceik|hes such a big lad i love him\n|\n|t:|1610833024\n|move|p2a: Joe Tazuna|Toxic|p1a: Vikavolt\n|-status|p1a: Vikavolt|tox\n|move|p1a: Vikavolt|Volt Switch|p2a: Joe Tazuna\n|-supereffective|p2a: Joe Tazuna\n|-enditem|p2a: Joe Tazuna|Wacan Berry|[eat]\n|-enditem|p2a: Joe Tazuna|Wacan Berry|[weaken]\n|-damage|p2a: Joe Tazuna|61\/100\n|c|\u2606DjezzeMwoan|this is great\n|\n|t:|1610833067\n|switch|p1a: Hydreigon|Hydreigon, F|100\/100|[from]move: Volt Switch\n|\n|upkeep\n|turn|2\n|\n|t:|1610833130\n|switch|p2a: Kai Satou|Drapion, M|100\/100\n|move|p1a: Hydreigon|Flamethrower|p2a: Kai Satou\n|-damage|p2a: Kai Satou|78\/100\n|\n|upkeep\n|turn|3\n|c|\u2606DjezzeMwoan|smh no burn\n|c|\u2606FSF Iceik|im sorry :pensive:\n|\n|t:|1610833205\n|move|p2a: Kai Satou|Knock Off|p1a: Hydreigon\n|-resisted|p1a: Hydreigon\n|-damage|p1a: Hydreigon|88\/100\n|-enditem|p1a: Hydreigon|Leftovers|[from] move: Knock Off|[of] p2a: Kai Satou\n|move|p1a: Hydreigon|Dragon Pulse|p2a: Kai Satou\n|-damage|p2a: Kai Satou|45\/100\n|\n|upkeep\n|turn|4\n|\n|t:|1610833215\n|switch|p2a: Sara Chidouin|Blissey, F, shiny|100\/100\n|move|p1a: Hydreigon|Flamethrower|p2a: Sara Chidouin\n|-damage|p2a: Sara Chidouin|91\/100\n|\n|-heal|p2a: Sara Chidouin|98\/100|[from] item: Leftovers\n|upkeep\n|turn|5\n|\n|t:|1610833223\n|move|p1a: Hydreigon|Taunt|p2a: Sara Chidouin\n|-start|p2a: Sara Chidouin|move: Taunt\n|cant|p2a: Sara Chidouin|move: Taunt|Wish\n|\n|-heal|p2a: Sara Chidouin|100\/100|[from] item: Leftovers\n|upkeep\n|turn|6\n|c|\u2606DjezzeMwoan|well\n|c|\u2606DjezzeMwoan|umm\n|\n|t:|1610833244\n|move|p1a: Hydreigon|Dragon Pulse|p2a: Sara Chidouin\n|-damage|p2a: Sara Chidouin|87\/100\n|move|p2a: Sara Chidouin|Ice Beam|p1a: Hydreigon\n|-supereffective|p1a: Hydreigon\n|-damage|p1a: Hydreigon|53\/100\n|\n|-heal|p2a: Sara Chidouin|93\/100|[from] item: Leftovers\n|upkeep\n|turn|7\n|c| BFO Ethanol|tfw no curse hydreigon\n|c|\u2606DjezzeMwoan|i regret all these changes\n|c|\u2606FSF Iceik|was so convinced youd be dd superpower ngl\n|c|\u2606DjezzeMwoan|tf i need superpower for\n|c|\u2606DjezzeMwoan|w dd\n|c|\u2606DjezzeMwoan|crunch at +1 does enough vs bliss\n|c| BFO Ethanol|2hkos\n|c| BFO Ethanol|for sure\n|c|\u2606FSF Iceik|its a 3ko if im max max\n|c|\u2606FSF Iceik|and ur jolly\n|c|\u2606FSF Iceik|+1 252 Atk Hydreigon Crunch vs. 252 HP \/ 252+ Def Blissey: 306-361 (42.8 - 50.5%) -- guaranteed 3HKO after Leftovers recovery\n|\n|t:|1610833394\n|switch|p1a: Bronzong|Bronzong|100\/100\n|switch|p2a: Sue Miley|Mawile, F|100\/100\n|-ability|p2a: Sue Miley|Intimidate|boost\n|-unboost|p1a: Bronzong|atk|1\n|\n|upkeep\n|turn|8\n|\n|t:|1610833408\n|switch|p1a: Cresselia|Cresselia, F|100\/100\n|detailschange|p2a: Sue Miley|Mawile-Mega, F\n|-mega|p2a: Sue Miley|Mawile|Mawilite\n|move|p2a: Sue Miley|Stealth Rock|p1a: Cresselia\n|-sidestart|p1: DjezzeMwoan|move: Stealth Rock\n|\n|upkeep\n|turn|9\n|c|\u2606DjezzeMwoan|pretty cringe\n|c|\u2606DjezzeMwoan|no sd\n|c|\u2606DjezzeMwoan|what is this set\n|c|\u2606FSF Iceik|its the best set\n|c|\u2606FSF Iceik|the only set that matteres \n|c|\u2606FSF Iceik|the \"i never bring rocks but today it changes\" set\n|\n|t:|1610833468\n|move|p1a: Cresselia|Hidden Power|p2a: Sue Miley\n|-supereffective|p2a: Sue Miley\n|-crit|p2a: Sue Miley\n|-damage|p2a: Sue Miley|73\/100\n|move|p2a: Sue Miley|Knock Off|p1a: Cresselia\n|-supereffective|p1a: Cresselia\n|-damage|p1a: Cresselia|50\/100\n|-damage|p2a: Sue Miley|57\/100|[from] item: Rocky Helmet|[of] p1a: Cresselia\n|-enditem|p1a: Cresselia|Rocky Helmet|[from] move: Knock Off|[of] p2a: Sue Miley\n|\n|upkeep\n|turn|10\n|c|\u2606FSF Iceik|nice crit \n|c| BFO Ethanol|oh its legacy\n|c|\u2606DjezzeMwoan|lol\n|c| BFO Ethanol|neat\n|c|\u2606FSF Iceik|it is\n|c|\u2606FSF Iceik|i make unleagues etc\n|\n|t:|1610833492\n|switch|p2a: Sara Chidouin|Blissey, F, shiny|93\/100\n|move|p1a: Cresselia|Moonlight|p1a: Cresselia\n|-heal|p1a: Cresselia|100\/100\n|\n|-heal|p2a: Sara Chidouin|99\/100|[from] item: Leftovers\n|upkeep\n|turn|11\n|\n|t:|1610833500\n|switch|p1a: Cryogonal|Cryogonal|100\/100\n|move|p2a: Sara Chidouin|Wish|p2a: Sara Chidouin\n|\n|-heal|p2a: Sara Chidouin|100\/100|[from] item: Leftovers\n|upkeep\n|turn|12\n|\n|t:|1610833530\n|switch|p2a: Joe Tazuna|Volcanion|61\/100\n|move|p1a: Cryogonal|Ice Beam|p2a: Joe Tazuna\n|-resisted|p2a: Joe Tazuna\n|-crit|p2a: Joe Tazuna\n|-damage|p2a: Joe Tazuna|47\/100\n|-status|p2a: Joe Tazuna|frz\n|\n|-heal|p2a: Joe Tazuna|100\/100 frz|[from] move: Wish|[wisher] Sara Chidouin\n|upkeep\n|turn|13\n|c|\u2606FSF Iceik|BRO\n|c|\u2606FSF Iceik|i just wanna shot\n|c|\u2606FSF Iceik|cmon\n|\n|t:|1610833568\n|move|p1a: Cryogonal|Rapid Spin|p2a: Joe Tazuna\n|-damage|p2a: Joe Tazuna|97\/100 frz\n|-boost|p1a: Cryogonal|spe|1\n|-sideend|p1: DjezzeMwoan|Stealth Rock|[from] move: Rapid Spin|[of] p1a: Cryogonal\n|-curestatus|p2a: Joe Tazuna|frz|[from] move: Steam Eruption\n|move|p2a: Joe Tazuna|Steam Eruption|p1a: Cryogonal\n|-damage|p1a: Cryogonal|70\/100\n|-status|p1a: Cryogonal|brn\n|\n|-damage|p1a: Cryogonal|64\/100 brn|[from] brn\n|upkeep\n|turn|14\n|c|\u2606FSF Iceik|i forgot steam thawed lmao\n|c|\u2606DjezzeMwoan|bro\n|c|\u2606FSF Iceik|was abt to shit my pants and start crying \n|c|\u2606DjezzeMwoan|im gonna lose\n|c|\u2606FSF Iceik|also sorry for burning your phys cryo\n|c|\u2606DjezzeMwoan|cuz i changed something\n|c|\u2606DjezzeMwoan|smfh\n|c|\u2606DjezzeMwoan|tuy\n|c|\u2606DjezzeMwoan|ty\n|c|\u2606FSF Iceik|just dont change things 4head\n|\n|t:|1610833619\n|switch|p1a: Hydreigon|Hydreigon, F|53\/100\n|switch|p2a: Sara Chidouin|Blissey, F, shiny|100\/100\n|\n|upkeep\n|turn|15\n|c|\u2606DjezzeMwoan|well i hadnt finished the team\n|c|\u2606DjezzeMwoan|but popplio told me to\n|\n|t:|1610833628\n|move|p1a: Hydreigon|Roost|p1a: Hydreigon\n|-heal|p1a: Hydreigon|100\/100\n|-singleturn|p1a: Hydreigon|move: Roost\n|move|p2a: Sara Chidouin|Seismic Toss|p1a: Hydreigon\n|-damage|p1a: Hydreigon|75\/100\n|\n|upkeep\n|turn|16\n|\n|t:|1610833631\n|move|p1a: Hydreigon|Taunt|p2a: Sara Chidouin\n|-start|p2a: Sara Chidouin|move: Taunt\n|move|p2a: Sara Chidouin|Seismic Toss|p1a: Hydreigon\n|-damage|p1a: Hydreigon|49\/100\n|\n|upkeep\n|turn|17\n|c|\u2606FSF Iceik|never listen to seb hes stinky!\n|c|\u2606DjezzeMwoan|i can see you havent played stall yet\n|c|\u2606FSF Iceik|oh i have\n|c|\u2606DjezzeMwoan|no boots\n|c|\u2606FSF Iceik|i just\n|\n|t:|1610833656\n|move|p1a: Hydreigon|Dragon Pulse|p2a: Sara Chidouin\n|-damage|p2a: Sara Chidouin|87\/100\n|move|p2a: Sara Chidouin|Ice Beam|p1a: Hydreigon\n|-supereffective|p1a: Hydreigon\n|-damage|p1a: Hydreigon|14\/100\n|\n|-heal|p2a: Sara Chidouin|93\/100|[from] item: Leftovers\n|upkeep\n|turn|18\n|c|\u2606FSF Iceik|choose to ignore stall\n|c|\u2606FSF Iceik|freeze\n|c|\u2606FSF Iceik|fuckin egg\n|c|\u2606FSF Iceik|and i have ran tims egg\n|c|\u2606FSF Iceik|i just didnt wanna this mu\n|\n|t:|1610833682\n|switch|p2a: Joe Tazuna|Volcanion|97\/100\n|move|p1a: Hydreigon|Roost|p1a: Hydreigon\n|-heal|p1a: Hydreigon|64\/100\n|-singleturn|p1a: Hydreigon|move: Roost\n|\n|upkeep\n|turn|19\n|\n|t:|1610833687\n|move|p1a: Hydreigon|Dragon Pulse|p2a: Joe Tazuna\n|-damage|p2a: Joe Tazuna|56\/100\n|move|p2a: Joe Tazuna|Flamethrower|p1a: Hydreigon\n|-resisted|p1a: Hydreigon\n|-damage|p1a: Hydreigon|43\/100\n|\n|upkeep\n|turn|20\n|\n|t:|1610833695\n|move|p1a: Hydreigon|Taunt|p2a: Joe Tazuna\n|-start|p2a: Joe Tazuna|move: Taunt\n|cant|p2a: Joe Tazuna|move: Taunt|Toxic\n|\n|upkeep\n|turn|21\n|c|\u2606FSF Iceik|damn\n|c|\u2606FSF Iceik|djezze living in my head knowing my every click before iv made it\n|c|\u2606DjezzeMwoan|ye i kind of need a little more luck then this\n|\n|t:|1610833722\n|switch|p2a: Sara Chidouin|Blissey, F, shiny|93\/100\n|move|p1a: Hydreigon|Flamethrower|p2a: Sara Chidouin\n|-damage|p2a: Sara Chidouin|85\/100\n|\n|-heal|p2a: Sara Chidouin|91\/100|[from] item: Leftovers\n|upkeep\n|turn|22\n|\n|t:|1610833726\n|move|p1a: Hydreigon|Roost|p1a: Hydreigon\n|-heal|p1a: Hydreigon|93\/100\n|-singleturn|p1a: Hydreigon|move: Roost\n|move|p2a: Sara Chidouin|Wish|p2a: Sara Chidouin\n|\n|-heal|p2a: Sara Chidouin|97\/100|[from] item: Leftovers\n|upkeep\n|turn|23\n|\n|t:|1610833736\n|switch|p2a: Kai Satou|Drapion, M|45\/100\n|move|p1a: Hydreigon|Flamethrower|p2a: Kai Satou\n|-damage|p2a: Kai Satou|21\/100\n|\n|-heal|p2a: Kai Satou|100\/100|[from] move: Wish|[wisher] Sara Chidouin\n|upkeep\n|turn|24\n|\n|t:|1610833742\n|move|p2a: Kai Satou|Ice Fang|p1a: Hydreigon\n|-supereffective|p1a: Hydreigon\n|-damage|p1a: Hydreigon|69\/100\n|move|p1a: Hydreigon|Dragon Pulse|p2a: Kai Satou\n|-damage|p2a: Kai Satou|68\/100\n|\n|upkeep\n|turn|25\n|\n|t:|1610833755\n|switch|p2a: Sara Chidouin|Blissey, F, shiny|97\/100\n|move|p1a: Hydreigon|Flamethrower|p2a: Sara Chidouin\n|-damage|p2a: Sara Chidouin|87\/100\n|\n|-heal|p2a: Sara Chidouin|93\/100|[from] item: Leftovers\n|upkeep\n|turn|26\n|\n|t:|1610833763\n|switch|p1a: Bronzong|Bronzong|100\/100\n|move|p2a: Sara Chidouin|Seismic Toss|p1a: Bronzong\n|-damage|p1a: Bronzong|71\/100\n|\n|-heal|p2a: Sara Chidouin|99\/100|[from] item: Leftovers\n|upkeep\n|turn|27\n|\n|t:|1610833767\n|switch|p2a: Rio Ranger|Gligar, M, shiny|100\/100\n|move|p1a: Bronzong|Heavy Slam|p2a: Rio Ranger\n|-damage|p2a: Rio Ranger|77\/100\n|\n|upkeep\n|turn|28\n|\n|t:|1610833776\n|switch|p1a: Cryogonal|Cryogonal|64\/100 brn\n|move|p2a: Rio Ranger|Toxic||[still]\n|-fail|p2a: Rio Ranger\n|\n|-damage|p1a: Cryogonal|58\/100 brn|[from] brn\n|upkeep\n|turn|29\n|c|\u2606FSF Iceik|kinda wished i didnt burn this rn \n|\n|t:|1610833787\n|switch|p2a: Sara Chidouin|Blissey, F, shiny|99\/100\n|move|p1a: Cryogonal|Ice Beam|p2a: Sara Chidouin\n|-damage|p2a: Sara Chidouin|87\/100\n|\n|-heal|p2a: Sara Chidouin|93\/100|[from] item: Leftovers\n|-damage|p1a: Cryogonal|52\/100 brn|[from] brn\n|upkeep\n|turn|30\n|c|\u2606DjezzeMwoan|i kinda wish i didnt change stuff rn\n|\n|t:|1610833803\n|switch|p1a: Weezing|Weezing, M|100\/100\n|move|p2a: Sara Chidouin|Wish|p2a: Sara Chidouin\n|\n|-heal|p2a: Sara Chidouin|99\/100|[from] item: Leftovers\n|upkeep\n|turn|31\n|c|\u2606FSF Iceik|:pensive: \n|\n|t:|1610833814\n|switch|p2a: Kai Satou|Drapion, M|68\/100\n|move|p1a: Weezing|Toxic Spikes|p2a: Kai Satou\n|-sidestart|p2: FSF Iceik|move: Toxic Spikes\n|\n|-heal|p2a: Kai Satou|100\/100|[from] move: Wish|[wisher] Sara Chidouin\n|upkeep\n|turn|32\n|c|\u2606FSF Iceik|t spikes are smelly\n|c|\u2606DjezzeMwoan|dont worry\n|c|\u2606DjezzeMwoan|i dont know why you dont see it\n|c|\u2606DjezzeMwoan|but you have already won\n|\n|t:|1610833843\n|move|p2a: Kai Satou|Knock Off|p1a: Weezing\n|-damage|p1a: Weezing|77\/100\n|-enditem|p1a: Weezing|Black Sludge|[from] move: Knock Off|[of] p2a: Kai Satou\n|move|p1a: Weezing|Will-O-Wisp|p2a: Kai Satou|[miss]\n|-miss|p1a: Weezing|p2a: Kai Satou\n|\n|upkeep\n|turn|33\n|c|\u2606FSF Iceik|skill\n|c|\u2606FSF Iceik|i think i see what you see\n|c|\u2606FSF Iceik|but im not sure if your preps built for it\n|c|\u2606FSF Iceik|we'll see\n|\n|t:|1610833890\n|switch|p2a: Sara Chidouin|Blissey, F, shiny|99\/100\n|-status|p2a: Sara Chidouin|psn\n|switch|p1a: Vikavolt|Vikavolt, F|100\/100 tox\n|\n|-heal|p2a: Sara Chidouin|100\/100 psn|[from] item: Leftovers\n|-damage|p2a: Sara Chidouin|88\/100 psn|[from] psn\n|-damage|p1a: Vikavolt|94\/100 tox|[from] psn\n|upkeep\n|turn|34\n|\n|t:|1610833896\n|switch|p2a: Kai Satou|Drapion, M|100\/100\n|-sideend|p2: FSF Iceik|move: Toxic Spikes|[of] p2a: Kai Satou\n|move|p1a: Vikavolt|Sticky Web|p2a: Kai Satou\n|-sidestart|p2: FSF Iceik|move: Sticky Web\n|\n|-damage|p1a: Vikavolt|82\/100 tox|[from] psn\n|upkeep\n|turn|35\n|\n|t:|1610833910\n|switch|p2a: Rio Ranger|Gligar, M, shiny|77\/100\n|move|p1a: Vikavolt|Volt Switch|p2a: Rio Ranger\n|-immune|p2a: Rio Ranger\n|\n|-damage|p1a: Vikavolt|64\/100 tox|[from] psn\n|upkeep\n|turn|36\n|\n|t:|1610833942\n|move|p2a: Rio Ranger|Defog|p1a: Vikavolt\n|-unboost|p1a: Vikavolt|evasion|1\n|-sideend|p2: FSF Iceik|Sticky Web|[from] move: Defog|[of] p2a: Rio Ranger\n|move|p1a: Vikavolt|Volt Switch|p2a: Rio Ranger\n|-immune|p2a: Rio Ranger\n|\n|-damage|p1a: Vikavolt|39\/100 tox|[from] psn\n|upkeep\n|turn|37\n|c|\u2606DjezzeMwoan|gg\n|c|\u2606FSF Iceik|it isnt over yet lmao\n|c|\u2606DjezzeMwoan|scout for hp ice god damn it\n|c|\u2606FSF Iceik|we're only on turn 37\n|c|\u2606FSF Iceik|NO\n|c|\u2606DjezzeMwoan|and bring boots blissey like everyone else\n|\n|t:|1610833965\n|switch|p1a: Cryogonal|Cryogonal|52\/100 brn\n|move|p2a: Rio Ranger|Knock Off|p1a: Cryogonal\n|-damage|p1a: Cryogonal|24\/100 brn\n|-enditem|p1a: Cryogonal|Heavy-Duty Boots|[from] move: Knock Off|[of] p2a: Rio Ranger\n|\n|-damage|p1a: Cryogonal|18\/100 brn|[from] brn\n|upkeep\n|turn|38\n|c|\u2606DjezzeMwoan|smfh\n|c|\u2606FSF Iceik|ik what im doing i think maybe\n|\n|t:|1610833982\n|switch|p2a: Kai Satou|Drapion, M|100\/100\n|move|p1a: Cryogonal|Recover|p1a: Cryogonal\n|-heal|p1a: Cryogonal|68\/100 brn\n|\n|-damage|p1a: Cryogonal|62\/100 brn|[from] brn\n|upkeep\n|turn|39\n|\n|t:|1610833988\n|move|p2a: Kai Satou|Pursuit|p1a: Cryogonal\n|-damage|p1a: Cryogonal|36\/100 brn\n|move|p1a: Cryogonal|Ice Beam|p2a: Kai Satou\n|-damage|p2a: Kai Satou|73\/100\n|\n|-damage|p1a: Cryogonal|30\/100 brn|[from] brn\n|upkeep\n|turn|40\n|\n|t:|1610834006\n|switch|p1a: Hydreigon|Hydreigon, F|69\/100\n|move|p2a: Kai Satou|Poison Jab|p1a: Hydreigon\n|-damage|p1a: Hydreigon|47\/100\n|\n|upkeep\n|turn|41\n|c|\u2606FSF Iceik|damn\n|c|\u2606FSF Iceik|hate myself\n|\n|t:|1610834018\n|move|p2a: Kai Satou|Ice Fang|p1a: Hydreigon\n|-supereffective|p1a: Hydreigon\n|-damage|p1a: Hydreigon|25\/100\n|move|p1a: Hydreigon|Dragon Pulse|p2a: Kai Satou\n|-damage|p2a: Kai Satou|42\/100\n|\n|upkeep\n|turn|42\n|\n|t:|1610834027\n|move|p2a: Kai Satou|Ice Fang|p1a: Hydreigon\n|-supereffective|p1a: Hydreigon\n|-damage|p1a: Hydreigon|2\/100\n|move|p1a: Hydreigon|Dragon Pulse|p2a: Kai Satou\n|-damage|p2a: Kai Satou|9\/100\n|\n|upkeep\n|turn|43\n|\n|t:|1610834035\n|move|p2a: Kai Satou|Pursuit|p1a: Hydreigon\n|-resisted|p1a: Hydreigon\n|-damage|p1a: Hydreigon|0 fnt\n|faint|p1a: Hydreigon\n|\n|upkeep\n|\n|t:|1610834051\n|switch|p1a: Cresselia|Cresselia, F|100\/100\n|turn|44\n|\n|t:|1610834063\n|switch|p2a: Sara Chidouin|Blissey, F, shiny|88\/100\n|move|p1a: Cresselia|Hidden Power|p2a: Sara Chidouin\n|-crit|p2a: Sara Chidouin\n|-damage|p2a: Sara Chidouin|82\/100\n|\n|-heal|p2a: Sara Chidouin|88\/100|[from] item: Leftovers\n|upkeep\n|turn|45\n|c|\u2606FSF Iceik|why tf does this crit everything\n|c|\u2606FSF Iceik|let me be\n|\n|t:|1610834074\n|move|p1a: Cresselia|Psychic|p2a: Sara Chidouin\n|-damage|p2a: Sara Chidouin|79\/100\n|move|p2a: Sara Chidouin|Wish|p2a: Sara Chidouin\n|\n|-heal|p2a: Sara Chidouin|85\/100|[from] item: Leftovers\n|upkeep\n|turn|46\n|\n|t:|1610834078\n|switch|p2a: Sue Miley|Mawile-Mega, F|57\/100\n|move|p1a: Cresselia|Hidden Power|p2a: Sue Miley\n|-supereffective|p2a: Sue Miley\n|-damage|p2a: Sue Miley|39\/100\n|\n|-heal|p2a: Sue Miley|100\/100|[from] move: Wish|[wisher] Sara Chidouin\n|upkeep\n|turn|47\n|\n|t:|1610834087\n|move|p1a: Cresselia|Skill Swap|p2a: Sue Miley\n|-activate|p1a: Cresselia|move: Skill Swap|Huge Power|Levitate|[of] p2a: Sue Miley\n|move|p2a: Sue Miley|Stealth Rock|p1a: Cresselia\n|-sidestart|p1: DjezzeMwoan|move: Stealth Rock\n|\n|upkeep\n|turn|48\n|c|\u2606FSF Iceik|NICE\n|c|\u2606FSF Iceik|i like that\n|\n|t:|1610834110\n|switch|p1a: Weezing|Weezing, M|77\/100\n|-damage|p1a: Weezing|65\/100|[from] Stealth Rock\n|switch|p2a: Sara Chidouin|Blissey, F, shiny|85\/100\n|\n|-heal|p2a: Sara Chidouin|91\/100|[from] item: Leftovers\n|upkeep\n|turn|49\n|c|\u2606DjezzeMwoan|litteraly doesnt matter\n|c|\u2606DjezzeMwoan|lmfao\n|c|\u2606FSF Iceik|ik but its cool\n|c| 2020 is dead!|Huge power cress\n|\n|t:|1610834123\n|switch|p2a: Kai Satou|Drapion, M|9\/100\n|move|p1a: Weezing|Toxic Spikes|p2a: Kai Satou\n|-sidestart|p2: FSF Iceik|move: Toxic Spikes\n|\n|upkeep\n|turn|50\n|\n|t:|1610834131\n|move|p2a: Kai Satou|Knock Off|p1a: Weezing\n|-damage|p1a: Weezing|50\/100\n|move|p1a: Weezing|Flamethrower|p2a: Kai Satou\n|-damage|p2a: Kai Satou|0 fnt\n|faint|p2a: Kai Satou\n|\n|upkeep\n|c| 2020 is dead!|Literally the most broken mon ever\n|c|\u2606DjezzeMwoan|thanks for giving me a chance to win lmfao\n|c|\u2606FSF Iceik|oh did i throw\n|c|\u2606FSF Iceik|nice\n|c|\u2606DjezzeMwoan|i couldnt break blissey\n|c|\u2606DjezzeMwoan|with anything\n|c|\u2606FSF Iceik|oh\n|c|\u2606DjezzeMwoan|i got rid of knock off\n|c|\u2606DjezzeMwoan|so it had permanent leftovers\n|c|\u2606DjezzeMwoan|and hydreigon was kind of my counter \n|c|\u2606DjezzeMwoan|with taunt\n|c|\u2606DjezzeMwoan|but since thats gone\n|c|\u2606DjezzeMwoan|lol\n|\n|t:|1610834205\n|switch|p2a: Joe Tazuna|Volcanion|56\/100\n|-status|p2a: Joe Tazuna|psn\n|turn|51\n|\n|t:|1610834218\n|switch|p1a: Vikavolt|Vikavolt, F|39\/100 tox\n|move|p2a: Joe Tazuna|Flamethrower|p1a: Vikavolt\n|-supereffective|p1a: Vikavolt\n|-damage|p1a: Vikavolt|0 fnt\n|faint|p1a: Vikavolt\n|\n|-damage|p2a: Joe Tazuna|44\/100 psn|[from] psn\n|upkeep\n|\n|t:|1610834232\n|switch|p1a: Cresselia|Cresselia, F|100\/100\n|-damage|p1a: Cresselia|88\/100|[from] Stealth Rock\n|turn|52\n|\n|t:|1610834254\n|switch|p1a: Weezing|Weezing, M|50\/100\n|-damage|p1a: Weezing|37\/100|[from] Stealth Rock\n|switch|p2a: Rio Ranger|Gligar, M, shiny|77\/100\n|\n|upkeep\n|turn|53\n|\n|t:|1610834264\n|move|p2a: Rio Ranger|Defog|p1a: Weezing\n|-unboost|p1a: Weezing|evasion|1\n|-sideend|p1: DjezzeMwoan|Stealth Rock|[from] move: Defog|[of] p2a: Rio Ranger\n|-sideend|p2: FSF Iceik|Toxic Spikes|[from] move: Defog|[of] p2a: Rio Ranger\n|move|p1a: Weezing|Toxic Spikes|p2a: Rio Ranger\n|-sidestart|p2: FSF Iceik|move: Toxic Spikes\n|\n|upkeep\n|turn|54\n|\n|t:|1610834271\n|move|p2a: Rio Ranger|Defog|p1a: Weezing\n|-unboost|p1a: Weezing|evasion|1\n|-sideend|p2: FSF Iceik|Toxic Spikes|[from] move: Defog|[of] p2a: Rio Ranger\n|move|p1a: Weezing|Will-O-Wisp|p2a: Rio Ranger\n|-status|p2a: Rio Ranger|brn\n|\n|-damage|p2a: Rio Ranger|71\/100 brn|[from] brn\n|upkeep\n|turn|55\n|\n|t:|1610834279\n|switch|p2a: Sara Chidouin|Blissey, F, shiny|91\/100\n|move|p1a: Weezing|Toxic Spikes|p2a: Sara Chidouin\n|-sidestart|p2: FSF Iceik|move: Toxic Spikes\n|\n|-heal|p2a: Sara Chidouin|97\/100|[from] item: Leftovers\n|upkeep\n|turn|56\n|\n|t:|1610834287\n|switch|p1a: Cresselia|Cresselia, F|88\/100\n|move|p2a: Sara Chidouin|Wish|p2a: Sara Chidouin\n|\n|-heal|p2a: Sara Chidouin|100\/100|[from] item: Leftovers\n|upkeep\n|turn|57\n|\n|t:|1610834324\n|move|p1a: Cresselia|Psychic|p2a: Sara Chidouin\n|-damage|p2a: Sara Chidouin|91\/100\n|-unboost|p2a: Sara Chidouin|spd|1\n|move|p2a: Sara Chidouin|Seismic Toss|p1a: Cresselia\n|-damage|p1a: Cresselia|66\/100\n|\n|-heal|p2a: Sara Chidouin|100\/100|[from] move: Wish|[wisher] Sara Chidouin\n|upkeep\n|turn|58\n|\n|t:|1610834348\n|switch|p1a: Cryogonal|Cryogonal|30\/100 brn\n|move|p2a: Sara Chidouin|Heal Bell|p2a: Sara Chidouin\n|-activate|p2a: Sara Chidouin|move: Heal Bell\n|-curestatus|p2: Joe Tazuna|psn|[msg]\n|-curestatus|p2: Rio Ranger|brn|[msg]\n|\n|-damage|p1a: Cryogonal|24\/100 brn|[from] brn\n|upkeep\n|turn|59\n|\n|t:|1610834355\n|switch|p2a: Sue Miley|Mawile-Mega, F|100\/100\n|move|p1a: Cryogonal|Recover|p1a: Cryogonal\n|-heal|p1a: Cryogonal|74\/100 brn\n|\n|-damage|p1a: Cryogonal|68\/100 brn|[from] brn\n|upkeep\n|turn|60\n|\n|t:|1610834364\n|switch|p1a: Cresselia|Cresselia, F|66\/100\n|move|p2a: Sue Miley|Knock Off|p1a: Cresselia\n|-supereffective|p1a: Cresselia\n|-damage|p1a: Cresselia|35\/100\n|\n|upkeep\n|turn|61\n|\n|t:|1610834391\n|move|p1a: Cresselia|Moonlight|p1a: Cresselia\n|-heal|p1a: Cresselia|85\/100\n|move|p2a: Sue Miley|Play Rough|p1a: Cresselia\n|-damage|p1a: Cresselia|52\/100\n|\n|upkeep\n|turn|62\n|\n|t:|1610834413\n|switch|p1a: Weezing|Weezing, M|37\/100\n|move|p2a: Sue Miley|Stealth Rock|p1a: Weezing\n|-sidestart|p1: DjezzeMwoan|move: Stealth Rock\n|\n|upkeep\n|turn|63\n|\n|t:|1610834424\n|switch|p2a: Joe Tazuna|Volcanion|44\/100\n|-status|p2a: Joe Tazuna|psn\n|move|p1a: Weezing|Flamethrower|p2a: Joe Tazuna\n|-resisted|p2a: Joe Tazuna\n|-damage|p2a: Joe Tazuna|39\/100 psn\n|\n|-damage|p2a: Joe Tazuna|26\/100 psn|[from] psn\n|upkeep\n|turn|64\n|\n|t:|1610834452\n|switch|p2a: Sue Miley|Mawile-Mega, F|100\/100\n|switch|p1a: Cresselia|Cresselia, F|52\/100\n|-damage|p1a: Cresselia|40\/100|[from] Stealth Rock\n|\n|upkeep\n|turn|65\n|\n|t:|1610834459\n|move|p1a: Cresselia|Moonlight|p1a: Cresselia\n|-heal|p1a: Cresselia|90\/100\n|move|p2a: Sue Miley|Play Rough|p1a: Cresselia\n|-damage|p1a: Cresselia|55\/100\n|\n|upkeep\n|turn|66\n|\n|t:|1610834467\n|switch|p2a: Sara Chidouin|Blissey, F, shiny|100\/100\n|-status|p2a: Sara Chidouin|psn\n|move|p1a: Cresselia|Hidden Power|p2a: Sara Chidouin\n|-damage|p2a: Sara Chidouin|97\/100 psn\n|\n|-heal|p2a: Sara Chidouin|100\/100 psn|[from] item: Leftovers\n|-damage|p2a: Sara Chidouin|88\/100 psn|[from] psn\n|upkeep\n|turn|67\n|\n|t:|1610834478\n|move|p1a: Cresselia|Psychic|p2a: Sara Chidouin\n|-damage|p2a: Sara Chidouin|80\/100 psn\n|move|p2a: Sara Chidouin|Wish|p2a: Sara Chidouin\n|\n|-heal|p2a: Sara Chidouin|86\/100 psn|[from] item: Leftovers\n|-damage|p2a: Sara Chidouin|73\/100 psn|[from] psn\n|upkeep\n|turn|68\n|\n|t:|1610834488\n|-curestatus|p2a: Sara Chidouin|psn|[from] ability: Natural Cure\n|switch|p2a: Rio Ranger|Gligar, M, shiny|71\/100\n|move|p1a: Cresselia|Psychic|p2a: Rio Ranger\n|-damage|p2a: Rio Ranger|55\/100\n|\n|-heal|p2a: Rio Ranger|100\/100|[from] move: Wish|[wisher] Sara Chidouin\n|upkeep\n|turn|69\n|\n|t:|1610834502\n|switch|p1a: Cryogonal|Cryogonal|68\/100 brn\n|-damage|p1a: Cryogonal|43\/100 brn|[from] Stealth Rock\n|move|p2a: Rio Ranger|Defog|p1a: Cryogonal\n|-unboost|p1a: Cryogonal|evasion|1\n|-sideend|p1: DjezzeMwoan|Stealth Rock|[from] move: Defog|[of] p2a: Rio Ranger\n|-sideend|p2: FSF Iceik|Toxic Spikes|[from] move: Defog|[of] p2a: Rio Ranger\n|\n|-damage|p1a: Cryogonal|37\/100 brn|[from] brn\n|upkeep\n|turn|70\n|c|\u2606DjezzeMwoan|ye mono levitate just doesnt work lmfao\n|c|\u2606FSF Iceik|abilities are one of the most important things in mons so yeah\n|\n|t:|1610834552\n|switch|p2a: Sara Chidouin|Blissey, F, shiny|73\/100\n|move|p1a: Cryogonal|Recover|p1a: Cryogonal\n|-heal|p1a: Cryogonal|87\/100 brn\n|\n|-heal|p2a: Sara Chidouin|79\/100|[from] item: Leftovers\n|-damage|p1a: Cryogonal|81\/100 brn|[from] brn\n|upkeep\n|turn|71\n|c|\u2606DjezzeMwoan|its moer not having any good type coverage\n|c|\u2606FSF Iceik|that too yeah\n|c|\u2606DjezzeMwoan|or just good anything\n|c|\u2606DjezzeMwoan|and some ahole snping my only possibility for a fairy\n|\n|t:|1610834589\n|switch|p1a: Cresselia|Cresselia, F|55\/100\n|move|p2a: Sara Chidouin|Wish|p2a: Sara Chidouin\n|\n|-heal|p2a: Sara Chidouin|86\/100|[from] item: Leftovers\n|upkeep\n|turn|72\n|\n|t:|1610834604\n|switch|p2a: Joe Tazuna|Volcanion|26\/100 psn\n|move|p1a: Cresselia|Skill Swap|p2a: Joe Tazuna\n|-activate|p1a: Cresselia|move: Skill Swap|Water Absorb|Levitate|[of] p2a: Joe Tazuna\n|\n|-heal|p2a: Joe Tazuna|100\/100 psn|[from] move: Wish|[wisher] Sara Chidouin\n|-damage|p2a: Joe Tazuna|88\/100 psn|[from] psn\n|upkeep\n|turn|73\n|\n|t:|1610834620\n|move|p1a: Cresselia|Hidden Power|p2a: Joe Tazuna\n|-immune|p2a: Joe Tazuna|[from] ability: Levitate\n|move|p2a: Joe Tazuna|Toxic|p1a: Cresselia\n|-status|p1a: Cresselia|tox\n|\n|-damage|p1a: Cresselia|49\/100 tox|[from] psn\n|-damage|p2a: Joe Tazuna|76\/100 psn|[from] psn\n|upkeep\n|turn|74\n|\n|t:|1610834628\n|switch|p2a: Sara Chidouin|Blissey, F, shiny|86\/100\n|move|p1a: Cresselia|Psychic|p2a: Sara Chidouin\n|-damage|p2a: Sara Chidouin|77\/100\n|-unboost|p2a: Sara Chidouin|spd|1\n|\n|-heal|p2a: Sara Chidouin|83\/100|[from] item: Leftovers\n|-damage|p1a: Cresselia|37\/100 tox|[from] psn\n|upkeep\n|turn|75\n|\n|t:|1610834633\n|move|p1a: Cresselia|Psychic|p2a: Sara Chidouin\n|-damage|p2a: Sara Chidouin|70\/100\n|move|p2a: Sara Chidouin|Heal Bell|p2a: Sara Chidouin\n|-activate|p2a: Sara Chidouin|move: Heal Bell\n|-curestatus|p2: Joe Tazuna|psn|[msg]\n|\n|-heal|p2a: Sara Chidouin|76\/100|[from] item: Leftovers\n|-damage|p1a: Cresselia|19\/100 tox|[from] psn\n|upkeep\n|turn|76\n|\n|t:|1610834665\n|switch|p2a: Joe Tazuna|Volcanion|76\/100\n|move|p1a: Cresselia|Skill Swap|p2a: Joe Tazuna\n|-activate|p1a: Cresselia|move: Skill Swap|Water Absorb|Water Absorb|[of] p2a: Joe Tazuna\n|\n|-damage|p1a: Cresselia|0 fnt|[from] psn\n|faint|p1a: Cresselia\n|upkeep\n|\n|t:|1610834678\n|switch|p1a: Bronzong|Bronzong|71\/100\n|turn|77\n|c|\u2606FSF Iceik|heatproof zong doe :eyes:\n|\n|t:|1610834712\n|switch|p2a: Rio Ranger|Gligar, M, shiny|100\/100\n|move|p1a: Bronzong|Heavy Slam|p2a: Rio Ranger\n|-damage|p2a: Rio Ranger|77\/100\n|\n|upkeep\n|turn|78\n|c| 2020 is dead!|Damn I went to get\n|c| 2020 is dead!|Dknner a d\n|c| 2020 is dead!|Ok you know what\n|c|\u2606FSF Iceik|idk what?\n|\n|t:|1610834742\n|move|p2a: Rio Ranger|Roost|p2a: Rio Ranger\n|-heal|p2a: Rio Ranger|100\/100\n|-singleturn|p2a: Rio Ranger|move: Roost\n|move|p1a: Bronzong|Toxic|p2a: Rio Ranger\n|-immune|p2a: Rio Ranger|[from] ability: Immunity\n|\n|upkeep\n|turn|79\n|c| 2020 is dead!|Fuck you keyboard\n|c|\u2606FSF Iceik|lmao\n|\n|t:|1610834753\n|move|p2a: Rio Ranger|Knock Off|p1a: Bronzong\n|-supereffective|p1a: Bronzong\n|-damage|p1a: Bronzong|47\/100\n|-enditem|p1a: Bronzong|Weakness Policy\n|-boost|p1a: Bronzong|atk|2|[from] item: Weakness Policy\n|-boost|p1a: Bronzong|spa|2|[from] item: Weakness Policy\n|move|p1a: Bronzong|Heavy Slam|p2a: Rio Ranger\n|-damage|p2a: Rio Ranger|54\/100\n|\n|upkeep\n|turn|80\n|c|\u2606FSF Iceik|OH SHIT\n|\n|t:|1610834782\n|move|p2a: Rio Ranger|Roost|p2a: Rio Ranger\n|-heal|p2a: Rio Ranger|100\/100\n|-singleturn|p2a: Rio Ranger|move: Roost\n|move|p1a: Bronzong|Heavy Slam|p2a: Rio Ranger\n|-damage|p2a: Rio Ranger|55\/100\n|\n|upkeep\n|turn|81\n|\n|t:|1610834852\n|move|p2a: Rio Ranger|Roost|p2a: Rio Ranger\n|-heal|p2a: Rio Ranger|100\/100\n|-singleturn|p2a: Rio Ranger|move: Roost\n|move|p1a: Bronzong|Heavy Slam|p2a: Rio Ranger\n|-damage|p2a: Rio Ranger|51\/100\n|\n|upkeep\n|turn|82\n|c|\u2606DjezzeMwoan|sry\n|c|\u2606FSF Iceik|np\n|c|\u2606FSF Iceik|was wondering why it was nuking me\n|c|\u2606FSF Iceik|then remembered heavy metal \n|\n|t:|1610834929\n|move|p2a: Rio Ranger|Roost|p2a: Rio Ranger\n|-heal|p2a: Rio Ranger|100\/100\n|-singleturn|p2a: Rio Ranger|move: Roost\n|move|p1a: Bronzong|Iron Defense|p1a: Bronzong\n|-boost|p1a: Bronzong|def|2\n|\n|upkeep\n|turn|83\n|\n|t:|1610834939\n|move|p2a: Rio Ranger|Knock Off|p1a: Bronzong\n|-supereffective|p1a: Bronzong\n|-damage|p1a: Bronzong|38\/100\n|move|p1a: Bronzong|Iron Defense|p1a: Bronzong\n|-boost|p1a: Bronzong|def|2\n|\n|upkeep\n|turn|84\n|\n|t:|1610834951\n|switch|p2a: Joe Tazuna|Volcanion|76\/100\n|move|p1a: Bronzong|Iron Defense|p1a: Bronzong\n|-boost|p1a: Bronzong|def|2\n|\n|upkeep\n|turn|85\n|\n|t:|1610834965\n|move|p2a: Joe Tazuna|Flamethrower|p1a: Bronzong\n|-supereffective|p1a: Bronzong\n|-damage|p1a: Bronzong|0 fnt\n|faint|p1a: Bronzong\n|\n|upkeep\n|\n|t:|1610834988\n|switch|p1a: Cryogonal|Cryogonal|81\/100 brn\n|turn|86\n|\n|t:|1610834991\n|move|p1a: Cryogonal|Ice Beam|p2a: Joe Tazuna\n|-resisted|p2a: Joe Tazuna\n|-damage|p2a: Joe Tazuna|67\/100\n|move|p2a: Joe Tazuna|Flamethrower|p1a: Cryogonal\n|-supereffective|p1a: Cryogonal\n|-damage|p1a: Cryogonal|21\/100 brn\n|\n|-damage|p1a: Cryogonal|15\/100 brn|[from] brn\n|upkeep\n|turn|87\n|\n|t:|1610835009\n|move|p1a: Cryogonal|Hidden Power|p2a: Joe Tazuna\n|-supereffective|p2a: Joe Tazuna\n|-damage|p2a: Joe Tazuna|37\/100\n|move|p2a: Joe Tazuna|Flamethrower|p1a: Cryogonal\n|-supereffective|p1a: Cryogonal\n|-damage|p1a: Cryogonal|0 fnt\n|faint|p1a: Cryogonal\n|\n|upkeep\n|\n|t:|1610835017\n|switch|p1a: Weezing|Weezing, M|37\/100\n|turn|88\n|c|\u2606DjezzeMwoan|gg\n|c|\u2606FSF Iceik|gg man\n|c|\u2606DjezzeMwoan|can you do repaly\n|\n|t:|1610835024\n|move|p2a: Joe Tazuna|Flamethrower|p1a: Weezing\n|-damage|p1a: Weezing|0 fnt\n|faint|p1a: Weezing\n|\n|win|FSF Iceik\n|l| PorygonTheBot\n|c|\u2606FSF Iceik|porygons got it\n|l| BFO Ethanol\n|c|\u2606DjezzeMwoan|nice\n|l|\u2606DjezzeMwoan\n|c|\u2606FSF Iceik|pult didnt even touch the field \n","uploadtime":1610835026,"views":34,"p1id":"djezzemwoan","p2id":"fsficeik","formatid":"gen8nationaldexdlclegacy","rating":0,"private":0,"password":null}