{"id":"sports-gen8nationaldexdlcdraft-353715","p1":"yoo cho","p2":"GeniusX","format":"gen8nationaldexdlcdraft","log":"|j|\u2606yoo cho\n|j|\u2606GeniusX\n|t:|1614517021\n|player|p1|yoo cho|acetrainerf-gen4dp|\n|player|p2|GeniusX|geniusx.gif|\n|teamsize|p1|6\n|teamsize|p2|6\n|gametype|singles\n|gen|8\n|tier|[Gen 8] National Dex DLC Draft\n|rule|Sleep Clause Mod: Limit one foe put to sleep\n|rule|OHKO Clause: OHKO moves are banned\n|rule|Evasion Moves Clause: Evasion moves are banned\n|rule|Endless Battle Clause: Forcing endless battles is banned\n|rule|HP Percentage Mod: HP is shown in percentages\n|clearpoke\n|poke|p1|Lucario, M|\n|poke|p1|Quagsire, M|\n|poke|p1|Celesteela|\n|poke|p1|Magneton|\n|poke|p1|Garchomp, F|\n|poke|p1|Scizor, M|\n|poke|p2|Cramorant, M|\n|poke|p2|Rotom-Wash|\n|poke|p2|Bibarel, F|\n|poke|p2|Regigigas|\n|poke|p2|Tapu Fini|\n|poke|p2|Lopunny, F|\n|rule|Dynamax Clause: You cannot dynamax\n|teampreview\n|html|<button name=\"send\" class=\"button\" value=\"\/timer ds\"><i class=\"fa fa-hourglass-start\"><\/i> DS Timer<\/button> <button name=\"send\" class=\"button\" value=\"\/timer smogon\"><i class=\"fa fa-hourglass-start\"><\/i> Smogon Timer<\/button>\n|inactive|Battle timer is ON: inactive players will automatically lose when time's up. (requested by GeniusX)\n|\n|t:|1614517052\n|start\n|switch|p1a: Utensils|Scizor, M|100\/100\n|switch|p2a: Lopunny|Lopunny, F|100\/100\n|turn|1\n|inactive|yoo cho has 90 seconds left.\n|inactiveoff|Battle timer is now OFF.\n|\n|t:|1614517076\n|detailschange|p2a: Lopunny|Lopunny-Mega, F\n|-mega|p2a: Lopunny|Lopunny|Lopunnite\n|move|p2a: Lopunny|Fake Out|p1a: Utensils\n|-resisted|p1a: Utensils\n|-damage|p1a: Utensils|89\/100\n|cant|p1a: Utensils|flinch\n|\n|upkeep\n|turn|2\n|\n|t:|1614517097\n|switch|p2a: Rotom|Rotom-Wash|100\/100\n|move|p1a: Utensils|Superpower|p2a: Rotom\n|-damage|p2a: Rotom|67\/100\n|-unboost|p1a: Utensils|atk|1\n|-unboost|p1a: Utensils|def|1\n|\n|upkeep\n|turn|3\n|\n|t:|1614517117\n|switch|p1a: Quagmire Toilet|Quagsire, M|100\/100\n|move|p2a: Rotom|Volt Switch|p1a: Quagmire Toilet\n|-immune|p1a: Quagmire Toilet\n|\n|upkeep\n|turn|4\n|\n|t:|1614517136\n|switch|p2a: Tapu Fini|Tapu Fini|100\/100\n|-fieldstart|move: Misty Terrain|[from] ability: Misty Surge|[of] p2a: Tapu Fini\n|move|p1a: Quagmire Toilet|Acid Spray|p2a: Tapu Fini\n|-supereffective|p2a: Tapu Fini\n|-damage|p2a: Tapu Fini|87\/100\n|-unboost|p2a: Tapu Fini|spd|2\n|\n|upkeep\n|turn|5\n|\n|t:|1614517155\n|switch|p2a: Regigigas|Regigigas|100\/100\n|-start|p2a: Regigigas|ability: Slow Start\n|move|p1a: Quagmire Toilet|Acid Spray|p2a: Regigigas\n|-damage|p2a: Regigigas|96\/100\n|-unboost|p2a: Regigigas|spd|2\n|\n|-heal|p2a: Regigigas|100\/100|[from] item: Leftovers\n|upkeep\n|turn|6\n|\n|t:|1614517173\n|switch|p1a: Magneounce|Magneton|100\/100\n|move|p2a: Regigigas|Protect||[still]\n|-fail|p2a: Regigigas\n|\n|upkeep\n|turn|7\n|\n|t:|1614517192\n|-end|p2a: Regigigas|Slow Start|[silent]\n|switch|p2a: Rotom|Rotom-Wash|67\/100\n|move|p1a: Magneounce|Thunderbolt|p2a: Rotom\n|-damage|p2a: Rotom|17\/100\n|\n|upkeep\n|turn|8\n|\n|t:|1614517224\n|switch|p1a: Quagmire Toilet|Quagsire, M|100\/100\n|switch|p2a: Regigigas|Regigigas|100\/100\n|-start|p2a: Regigigas|ability: Slow Start\n|\n|-fieldend|Misty Terrain\n|upkeep\n|turn|9\n|inactive|Battle timer is ON: inactive players will automatically lose when time's up. (requested by GeniusX)\n|\n|t:|1614517252\n|switch|p1a: Magneounce|Magneton|100\/100\n|move|p2a: Regigigas|Toxic|p1a: Magneounce\n|-immune|p1a: Magneounce\n|\n|upkeep\n|turn|10\n|\n|t:|1614517266\n|move|p2a: Regigigas|Protect|p2a: Regigigas\n|-singleturn|p2a: Regigigas|Protect\n|move|p1a: Magneounce|Toxic|p2a: Regigigas\n|-activate|p2a: Regigigas|move: Protect\n|\n|upkeep\n|turn|11\n|\n|t:|1614517273\n|move|p1a: Magneounce|Toxic|p2a: Regigigas\n|-status|p2a: Regigigas|tox\n|move|p2a: Regigigas|Knock Off|p1a: Magneounce\n|-crit|p1a: Magneounce\n|-damage|p1a: Magneounce|66\/100\n|-enditem|p1a: Magneounce|Heavy-Duty Boots|[from] move: Knock Off|[of] p2a: Regigigas\n|\n|-damage|p2a: Regigigas|94\/100 tox|[from] psn\n|upkeep\n|turn|12\n|\n|t:|1614517284\n|move|p1a: Magneounce|Volt Switch|p2a: Regigigas\n|-damage|p2a: Regigigas|69\/100 tox\n|j| Santeyan\n|j| DannyCao\n|inactive|yoo cho has 270 seconds left.\n|\n|t:|1614517329\n|switch|p1a: Quagmire Toilet|Quagsire, M|100\/100|[from]move: Volt Switch\n|move|p2a: Regigigas|Body Press|p1a: Quagmire Toilet\n|-damage|p1a: Quagmire Toilet|88\/100\n|\n|-heal|p2a: Regigigas|75\/100 tox|[from] item: Leftovers\n|-heal|p1a: Quagmire Toilet|94\/100|[from] item: Leftovers\n|-damage|p2a: Regigigas|62\/100 tox|[from] psn\n|-end|p2a: Regigigas|Slow Start\n|upkeep\n|turn|13\n|\n|t:|1614517345\n|-end|p2a: Regigigas|Slow Start|[silent]\n|switch|p2a: Rotom|Rotom-Wash|17\/100\n|move|p1a: Quagmire Toilet|Stockpile|p1a: Quagmire Toilet\n|-start|p1a: Quagmire Toilet|stockpile1\n|-boost|p1a: Quagmire Toilet|def|1\n|-boost|p1a: Quagmire Toilet|spd|1\n|\n|-heal|p1a: Quagmire Toilet|100\/100|[from] item: Leftovers\n|upkeep\n|turn|14\n|\n|t:|1614517355\n|move|p2a: Rotom|Pain Split|p1a: Quagmire Toilet\n|-sethp|p1a: Quagmire Toilet|57\/100|[from] move: Pain Split|[silent]\n|-sethp|p2a: Rotom|73\/100|[from] move: Pain Split\n|move|p1a: Quagmire Toilet|Acid Spray|p2a: Rotom\n|-damage|p2a: Rotom|66\/100\n|-unboost|p2a: Rotom|spd|2\n|\n|-heal|p1a: Quagmire Toilet|63\/100|[from] item: Leftovers\n|upkeep\n|turn|15\n|inactive|yoo cho has 240 seconds left.\n|\n|t:|1614517379\n|switch|p2a: Lopunny|Lopunny-Mega, F|100\/100\n|move|p1a: Quagmire Toilet|Stockpile|p1a: Quagmire Toilet\n|-start|p1a: Quagmire Toilet|stockpile2\n|-boost|p1a: Quagmire Toilet|def|1\n|-boost|p1a: Quagmire Toilet|spd|1\n|\n|-heal|p1a: Quagmire Toilet|69\/100|[from] item: Leftovers\n|upkeep\n|turn|16\n|inactive|yoo cho has 240 seconds left.\n|\n|t:|1614517395\n|move|p2a: Lopunny|Toxic|p1a: Quagmire Toilet|[miss]\n|-miss|p2a: Lopunny|p1a: Quagmire Toilet\n|move|p1a: Quagmire Toilet|Acid Spray|p2a: Lopunny\n|-damage|p2a: Lopunny|92\/100\n|-unboost|p2a: Lopunny|spd|2\n|\n|-heal|p1a: Quagmire Toilet|75\/100|[from] item: Leftovers\n|upkeep\n|turn|17\n|inactive|yoo cho has 240 seconds left.\n|\n|t:|1614517416\n|switch|p2a: Rotom|Rotom-Wash|66\/100\n|move|p1a: Quagmire Toilet|Earth Power|p2a: Rotom\n|-immune|p2a: Rotom|[from] ability: Levitate\n|\n|-heal|p1a: Quagmire Toilet|82\/100|[from] item: Leftovers\n|upkeep\n|turn|18\n|inactive|GeniusX has 270 seconds left.\n|inactive|GeniusX has 240 seconds left.\n|\n|t:|1614517474\n|switch|p2a: Regigigas|Regigigas|62\/100 tox\n|-start|p2a: Regigigas|ability: Slow Start\n|move|p1a: Quagmire Toilet|Acid Spray|p2a: Regigigas\n|-damage|p2a: Regigigas|58\/100 tox\n|-unboost|p2a: Regigigas|spd|2\n|\n|-heal|p2a: Regigigas|64\/100 tox|[from] item: Leftovers\n|-heal|p1a: Quagmire Toilet|88\/100|[from] item: Leftovers\n|-damage|p2a: Regigigas|58\/100 tox|[from] psn\n|upkeep\n|turn|19\n|inactive|GeniusX has 240 seconds left.\n|\n|t:|1614517502\n|-end|p2a: Regigigas|Slow Start|[silent]\n|switch|p2a: Tapu Fini|Tapu Fini|87\/100\n|-fieldstart|move: Misty Terrain|[from] ability: Misty Surge|[of] p2a: Tapu Fini\n|move|p1a: Quagmire Toilet|Acid Spray|p2a: Tapu Fini\n|-supereffective|p2a: Tapu Fini\n|-damage|p2a: Tapu Fini|73\/100\n|-unboost|p2a: Tapu Fini|spd|2\n|\n|-heal|p1a: Quagmire Toilet|94\/100|[from] item: Leftovers\n|upkeep\n|turn|20\n|inactive|yoo cho has 210 seconds left.\n|\n|t:|1614517523\n|move|p2a: Tapu Fini|Trick|p1a: Quagmire Toilet\n|-activate|p2a: Tapu Fini|move: Trick|[of] p1a: Quagmire Toilet\n|-item|p1a: Quagmire Toilet|Choice Scarf|[from] move: Trick\n|-item|p2a: Tapu Fini|Leftovers|[from] move: Trick\n|move|p1a: Quagmire Toilet|Acid Spray|p2a: Tapu Fini\n|-supereffective|p2a: Tapu Fini\n|-damage|p2a: Tapu Fini|45\/100\n|-unboost|p2a: Tapu Fini|spd|2\n|\n|-heal|p2a: Tapu Fini|51\/100|[from] item: Leftovers\n|upkeep\n|turn|21\n|inactive|yoo cho has 210 seconds left.\n|\n|t:|1614517537\n|switch|p2a: Lopunny|Lopunny-Mega, F|92\/100\n|move|p1a: Quagmire Toilet|Acid Spray|p2a: Lopunny\n|-damage|p2a: Lopunny|84\/100\n|-unboost|p2a: Lopunny|spd|2\n|\n|upkeep\n|turn|22\n|j| Thesun27\n|inactive|yoo cho has 210 seconds left.\n|\n|t:|1614517551\n|move|p2a: Lopunny|Fake Out|p1a: Quagmire Toilet\n|-damage|p1a: Quagmire Toilet|82\/100\n|cant|p1a: Quagmire Toilet|flinch\n|\n|upkeep\n|turn|23\n|c| Thesun27|this quagsire oml\n|inactive|yoo cho has 210 seconds left.\n|c| Santeyan|the toxic miss earlier hurt\n|\n|t:|1614517571\n|switch|p2a: Regigigas|Regigigas|58\/100 tox\n|-start|p2a: Regigigas|ability: Slow Start\n|move|p1a: Quagmire Toilet|Acid Spray|p2a: Regigigas\n|-damage|p2a: Regigigas|53\/100 tox\n|-unboost|p2a: Regigigas|spd|2\n|\n|-heal|p2a: Regigigas|59\/100 tox|[from] item: Leftovers\n|-damage|p2a: Regigigas|53\/100 tox|[from] psn\n|-fieldend|Misty Terrain\n|upkeep\n|turn|24\n|inactive|yoo cho has 210 seconds left.\n|\n|t:|1614517599\n|move|p1a: Quagmire Toilet|Acid Spray|p2a: Regigigas\n|-damage|p2a: Regigigas|44\/100 tox\n|-unboost|p2a: Regigigas|spd|2\n|move|p2a: Regigigas|Toxic|p1a: Quagmire Toilet|[miss]\n|-miss|p2a: Regigigas|p1a: Quagmire Toilet\n|\n|-heal|p2a: Regigigas|51\/100 tox|[from] item: Leftovers\n|-damage|p2a: Regigigas|38\/100 tox|[from] psn\n|upkeep\n|turn|25\n|c| Santeyan|jesus\n|c| DannyCao|omfg\n|inactive|yoo cho has 180 seconds left.\n|inactive|GeniusX has 210 seconds left.\n|\n|t:|1614517625\n|-end|p2a: Regigigas|Slow Start|[silent]\n|switch|p2a: Lopunny|Lopunny-Mega, F|84\/100\n|move|p1a: Quagmire Toilet|Acid Spray|p2a: Lopunny\n|-damage|p2a: Lopunny|76\/100\n|-unboost|p2a: Lopunny|spd|2\n|\n|upkeep\n|turn|26\n|inactive|yoo cho has 180 seconds left.\n|\n|t:|1614517635\n|move|p2a: Lopunny|Toxic|p1a: Quagmire Toilet|[miss]\n|-miss|p2a: Lopunny|p1a: Quagmire Toilet\n|move|p1a: Quagmire Toilet|Acid Spray|p2a: Lopunny\n|-damage|p2a: Lopunny|61\/100\n|-unboost|p2a: Lopunny|spd|2\n|\n|upkeep\n|turn|27\n|c| Santeyan|what the fuck\n|inactive|yoo cho has 180 seconds left.\n|c|\u2606yoo cho|lol \n|\n|t:|1614517662\n|move|p2a: Lopunny|Toxic|p1a: Quagmire Toilet\n|-status|p1a: Quagmire Toilet|tox\n|move|p1a: Quagmire Toilet|Acid Spray|p2a: Lopunny\n|-damage|p2a: Lopunny|38\/100\n|-unboost|p2a: Lopunny|spd|2\n|\n|-damage|p1a: Quagmire Toilet|76\/100 tox|[from] psn\n|upkeep\n|turn|28\n|c| DannyCao|what the actual fuck\n|\n|t:|1614517673\n|switch|p2a: Regigigas|Regigigas|38\/100 tox\n|-start|p2a: Regigigas|ability: Slow Start\n|move|p1a: Quagmire Toilet|Acid Spray|p2a: Regigigas\n|-damage|p2a: Regigigas|34\/100 tox\n|-unboost|p2a: Regigigas|spd|2\n|\n|-heal|p2a: Regigigas|40\/100 tox|[from] item: Leftovers\n|-damage|p1a: Quagmire Toilet|64\/100 tox|[from] psn\n|-damage|p2a: Regigigas|34\/100 tox|[from] psn\n|upkeep\n|turn|29\n|j| DaddyJeffy\n|c| DaddyJeffy|what a chad lol\n|\n|t:|1614517695\n|move|p1a: Quagmire Toilet|Acid Spray|p2a: Regigigas\n|-damage|p2a: Regigigas|24\/100 tox\n|-unboost|p2a: Regigigas|spd|2\n|move|p2a: Regigigas|Body Press|p1a: Quagmire Toilet\n|-damage|p1a: Quagmire Toilet|57\/100 tox\n|\n|-heal|p2a: Regigigas|30\/100 tox|[from] item: Leftovers\n|-damage|p1a: Quagmire Toilet|38\/100 tox|[from] psn\n|-damage|p2a: Regigigas|18\/100 tox|[from] psn\n|upkeep\n|turn|30\n|\n|t:|1614517710\n|move|p1a: Quagmire Toilet|Acid Spray|p2a: Regigigas\n|-damage|p2a: Regigigas|3\/100 tox\n|-unboost|p2a: Regigigas|spd|2\n|move|p2a: Regigigas|Toxic|p1a: Quagmire Toilet\n|-fail|p1a: Quagmire Toilet|tox\n|\n|-heal|p2a: Regigigas|9\/100 tox|[from] item: Leftovers\n|-damage|p1a: Quagmire Toilet|14\/100 tox|[from] psn\n|-damage|p2a: Regigigas|0 fnt|[from] psn\n|faint|p2a: Regigigas\n|-end|p2a: Regigigas|Slow Start|[silent]\n|upkeep\n|\n|t:|1614517712\n|switch|p2a: Cramorant|Cramorant, M|100\/100\n|turn|31\n|\n|t:|1614517729\n|move|p2a: Cramorant|Substitute|p2a: Cramorant\n|-start|p2a: Cramorant|Substitute\n|-damage|p2a: Cramorant|76\/100\n|move|p1a: Quagmire Toilet|Acid Spray|p2a: Cramorant\n|-crit|p2a: Cramorant\n|-activate|p2a: Cramorant|move: Substitute|[damage]\n|\n|-damage|p1a: Quagmire Toilet|0 fnt|[from] psn\n|faint|p1a: Quagmire Toilet\n|upkeep\n|c| Santeyan|lol of course its last hit is a crit too\n|inactive|yoo cho has 150 seconds left.\n|\n|t:|1614517762\n|switch|p1a: Baby Shark|Garchomp, F|100\/100\n|turn|32\n|inactive|GeniusX has 240 seconds left.\n|\n|t:|1614517770\n|detailschange|p1a: Baby Shark|Garchomp-Mega, F\n|-mega|p1a: Baby Shark|Garchomp|Garchompite\n|move|p1a: Baby Shark|Scale Shot|p2a: Cramorant\n|-end|p2a: Cramorant|Substitute\n|-damage|p2a: Cramorant|46\/100\n|-damage|p2a: Cramorant|17\/100\n|-enditem|p2a: Cramorant|Petaya Berry|[eat]\n|-boost|p2a: Cramorant|spa|1|[from] item: Petaya Berry\n|-damage|p2a: Cramorant|0 fnt\n|-hitcount|p2a: Cramorant|4\n|-unboost|p1a: Baby Shark|def|1\n|-boost|p1a: Baby Shark|spe|1\n|faint|p2a: Cramorant\n|\n|upkeep\n|inactive|GeniusX has 240 seconds left.\n|\n|t:|1614517783\n|switch|p2a: Tapu Fini|Tapu Fini|51\/100\n|-fieldstart|move: Misty Terrain|[from] ability: Misty Surge|[of] p2a: Tapu Fini\n|turn|33\n|c| DannyCao|wtf\n|inactive|yoo cho has 150 seconds left.\n|inactive|GeniusX has 240 seconds left.\n|\n|t:|1614517797\n|move|p1a: Baby Shark|Earthquake|p2a: Tapu Fini\n|-damage|p2a: Tapu Fini|0 fnt\n|faint|p2a: Tapu Fini\n|\n|upkeep\n|c| Santeyan|did you click ice beam on it xing\n|c| Thesun27|yo cho the goat\n|\n|t:|1614517799\n|switch|p2a: Rotom|Rotom-Wash|66\/100\n|turn|34\n|inactive|yoo cho has 150 seconds left.\n|\n|t:|1614517827\n|move|p1a: Baby Shark|Dragon Claw|p2a: Rotom\n|-damage|p2a: Rotom|26\/100\n|move|p2a: Rotom|Pain Split|p1a: Baby Shark\n|-sethp|p1a: Baby Shark|61\/100|[from] move: Pain Split|[silent]\n|-sethp|p2a: Rotom|72\/100|[from] move: Pain Split\n|\n|upkeep\n|turn|35\n|\n|t:|1614517845\n|move|p1a: Baby Shark|Swords Dance|p1a: Baby Shark\n|-boost|p1a: Baby Shark|atk|2\n|move|p2a: Rotom|Pain Split|p1a: Baby Shark\n|-sethp|p1a: Baby Shark|61\/100|[from] move: Pain Split|[silent]\n|-sethp|p2a: Rotom|72\/100|[from] move: Pain Split\n|\n|upkeep\n|turn|36\n|\n|t:|1614517854\n|move|p1a: Baby Shark|Dragon Claw|p2a: Rotom\n|-damage|p2a: Rotom|0 fnt\n|faint|p2a: Rotom\n|\n|upkeep\n|\n|t:|1614517856\n|switch|p2a: Lopunny|Lopunny-Mega, F|38\/100\n|turn|37\n|inactive|yoo cho has 150 seconds left.\n|\n|t:|1614517870\n|move|p2a: Lopunny|Fake Out|p1a: Baby Shark\n|-damage|p1a: Baby Shark|31\/100\n|cant|p1a: Baby Shark|flinch\n|\n|-fieldend|Misty Terrain\n|upkeep\n|turn|38\n|inactive|GeniusX has 270 seconds left.\n|c|\u2606GeniusX|whyd that do 30\n|c| Thesun27|-1 def\n|c|\u2606yoo cho|ye\n|c| DannyCao|minus defence\n|\n|t:|1614517898\n|move|p1a: Baby Shark|Dragon Claw|p2a: Lopunny\n|-damage|p2a: Lopunny|0 fnt\n|faint|p2a: Lopunny\n|\n|upkeep\n|\n|t:|1614517900\n|switch|p2a: Bibarel|Bibarel, F|100\/100\n|turn|39\n|\n|t:|1614517908\n|move|p2a: Bibarel|Aqua Jet|p1a: Baby Shark\n|-damage|p1a: Baby Shark|7\/100\n|move|p1a: Baby Shark|Earthquake|p2a: Bibarel\n|-damage|p2a: Bibarel|0 fnt\n|faint|p2a: Bibarel\n|\n|win|yoo cho\n|c|\u2606GeniusX|ggg\n|l|\u2606GeniusX\n|c| DaddyJeffy|yoooo\n|c|\u2606yoo cho|gg \n|c| DannyCao|gg\n|c| DaddyJeffy|yoo cho poggers\n|l| Santeyan\n|l| Thesun27\n|l|\u2606yoo cho\n|j|\u2606yoo cho\n|player|p1|yoo cho|acetrainerf-gen4dp\n|l| DaddyJeffy\n","uploadtime":1614517920,"views":41,"p1id":"yoocho","p2id":"geniusx","formatid":"gen8nationaldexdlcdraft","rating":0,"private":0,"password":null}