{"id":"sports-gen8nationaldexdraft-671194","p1":"rooopos","p2":"NottaDoc","format":"gen8nationaldexdraft","log":"|j|\u2606rooopos\n|j|\u2606NottaDoc\n|t:|1655572498\n|gametype|singles\n|player|p1|rooopos|266|\n|player|p2|NottaDoc|nottadoc.png|\n|teamsize|p1|6\n|teamsize|p2|6\n|gen|8\n|tier|[Gen 8] National Dex Draft\n|rule|Sleep Clause Mod: Limit one foe put to sleep\n|rule|OHKO Clause: OHKO moves are banned\n|rule|Evasion Moves Clause: Evasion moves are banned\n|rule|Endless Battle Clause: Forcing endless battles is banned\n|rule|HP Percentage Mod: HP is shown in percentages\n|rule|Dynamax Clause: You cannot dynamax\n|clearpoke\n|poke|p1|Landorus, M|\n|poke|p1|Rillaboom, F|\n|poke|p1|Weezing-Galar, M|\n|poke|p1|Weavile, M|\n|poke|p1|Vaporeon, F|\n|poke|p1|Terrakion|\n|poke|p2|Noivern, F|\n|poke|p2|Primarina, F|\n|poke|p2|Lopunny, M|\n|poke|p2|Blacephalon|\n|poke|p2|Nidoqueen, F|\n|poke|p2|Mew|\n|teampreview\n|html|<button name=\"send\" class=\"button\" value=\"\/timer ds\"><i class=\"fa fa-hourglass-start\"><\/i> DS Timer<\/button> <button name=\"send\" class=\"button\" value=\"\/timer smogon\"><i class=\"fa fa-hourglass-start\"><\/i> Smogon Timer<\/button>\n|inactive|Battle timer is ON: inactive players will automatically lose when time's up. (requested by NottaDoc)\n|inactiveoff|Battle timer is now OFF.\n|j| PorygonTheBot\n|c| PorygonTheBot|This game looks fun!\n|j| RakuraiDenryu\n|j| Archangel1234\n|j| SapphireBloom\n|c|\u2606NottaDoc|glhf\n|\n|t:|1655572618\n|start\n|switch|p1a: Vaporeon|Vaporeon, F|100\/100\n|switch|p2a: Noivern|Noivern, F|100\/100\n|-item|p1a: Vaporeon|Leftovers|[from] ability: Frisk|[of] p2a: Noivern|[identify]\n|turn|1\n|\n|t:|1655572636\n|move|p1a: Vaporeon|Protect|p1a: Vaporeon\n|-singleturn|p1a: Vaporeon|Protect\n|move|p2a: Noivern|U-turn|p1a: Vaporeon\n|-activate|p1a: Vaporeon|move: Protect\n|\n|upkeep\n|turn|2\n|c|\u2606rooopos|hf\n|\n|t:|1655572641\n|move|p2a: Noivern|U-turn|p1a: Vaporeon\n|-damage|p1a: Vaporeon|88\/100\n|\n|t:|1655572686\n|switch|p2a: Lopunny|Lopunny, M|100\/100|[from]move: U-turn\n|move|p1a: Vaporeon|Flip Turn|p2a: Lopunny\n|-damage|p2a: Lopunny|84\/100\n|\n|t:|1655572718\n|switch|p1a: Weezing|Weezing-Galar, M|100\/100|[from]move: Flip Turn\n|\n|upkeep\n|turn|3\n|\n|t:|1655572730\n|switch|p2a: Nidoqueen|Nidoqueen, F|100\/100\n|move|p1a: Weezing|Strange Steam|p2a: Nidoqueen\n|-resisted|p2a: Nidoqueen\n|-damage|p2a: Nidoqueen|86\/100\n|-start|p2a: Nidoqueen|confusion\n|\n|upkeep\n|turn|4\n|j| Bionis Shoulder\n|j| JY Rule\n|c| Bionis Shoulder|gl to both of you\n|\n|t:|1655572766\n|switch|p1a: Vaporeon|Vaporeon, F|88\/100\n|-activate|p2a: Nidoqueen|confusion\n|move|p2a: Nidoqueen|Stealth Rock|p1a: Vaporeon\n|-sidestart|p1: rooopos|move: Stealth Rock\n|\n|-heal|p1a: Vaporeon|94\/100|[from] item: Leftovers\n|upkeep\n|turn|5\n|\n|t:|1655572775\n|-end|p2a: Nidoqueen|confusion\n|move|p2a: Nidoqueen|Thunderbolt|p1a: Vaporeon\n|-supereffective|p1a: Vaporeon\n|-damage|p1a: Vaporeon|51\/100\n|move|p1a: Vaporeon|Flip Turn|p2a: Nidoqueen\n|-supereffective|p2a: Nidoqueen\n|-damage|p2a: Nidoqueen|59\/100\n|j| Jpalma9\n|\n|t:|1655572818\n|switch|p1a: Landorus|Landorus, M|100\/100|[from]move: Flip Turn\n|-damage|p1a: Landorus|88\/100|[from] Stealth Rock\n|\n|upkeep\n|turn|6\n|l| Jpalma9\n|\n|t:|1655572861\n|move|p1a: Landorus|Earth Power|p2a: Nidoqueen\n|-supereffective|p2a: Nidoqueen\n|-damage|p2a: Nidoqueen|0 fnt\n|faint|p2a: Nidoqueen\n|\n|upkeep\n|\n|t:|1655572889\n|switch|p2a: Primarina|Primarina, F|100\/100\n|turn|7\n|\n|t:|1655572940\n|move|p2a: Primarina|Flip Turn|p1a: Landorus\n|-supereffective|p1a: Landorus\n|-damage|p1a: Landorus|60\/100\n|l| JY Rule\n|\n|t:|1655573031\n|switch|p2a: Blacephalon|Blacephalon|100\/100|[from]move: Flip Turn\n|move|p1a: Landorus|Sludge Wave|p2a: Blacephalon\n|-resisted|p2a: Blacephalon\n|-damage|p2a: Blacephalon|57\/100\n|\n|upkeep\n|turn|8\n|\n|t:|1655573128\n|switch|p1a: Terrakion|Terrakion|100\/100\n|-damage|p1a: Terrakion|94\/100|[from] Stealth Rock\n|move|p2a: Blacephalon|Flamethrower|p1a: Terrakion\n|-resisted|p1a: Terrakion\n|-crit|p1a: Terrakion\n|-damage|p1a: Terrakion|51\/100\n|\n|upkeep\n|turn|9\n|j| killerjays\n|\n|t:|1655573210\n|switch|p2a: Mew|Mew|100\/100\n|move|p1a: Terrakion|Earthquake|p2a: Mew\n|-damage|p2a: Mew|79\/100\n|\n|upkeep\n|turn|10\n|\n|t:|1655573269\n|switch|p1a: Landorus|Landorus, M|60\/100\n|-damage|p1a: Landorus|48\/100|[from] Stealth Rock\n|move|p2a: Mew|Iron Defense|p2a: Mew\n|-boost|p2a: Mew|def|2\n|\n|upkeep\n|turn|11\n|\n|t:|1655573283\n|move|p1a: Landorus|Earth Power|p2a: Mew\n|-damage|p2a: Mew|19\/100\n|move|p2a: Mew|Calm Mind|p2a: Mew\n|-boost|p2a: Mew|spa|1\n|-boost|p2a: Mew|spd|1\n|\n|upkeep\n|turn|12\n|\n|t:|1655573287\n|move|p1a: Landorus|Earth Power|p2a: Mew\n|-damage|p2a: Mew|0 fnt\n|faint|p2a: Mew\n|\n|upkeep\n|l| SapphireBloom\n|\n|t:|1655573291\n|switch|p2a: Blacephalon|Blacephalon|57\/100\n|turn|13\n|j| SapphireBloom\n|j| Jpalma9\n|\n|t:|1655573331\n|move|p2a: Blacephalon|Shadow Ball|p1a: Landorus\n|-damage|p1a: Landorus|0 fnt\n|faint|p1a: Landorus\n|-ability|p2a: Blacephalon|Beast Boost|boost\n|-boost|p2a: Blacephalon|spa|1\n|\n|upkeep\n|\n|t:|1655573337\n|switch|p1a: Weavile|Weavile, M|100\/100\n|-ability|p1a: Weavile|Pressure\n|turn|14\n|\n|t:|1655573420\n|move|p1a: Weavile|Knock Off|p2a: Blacephalon\n|-supereffective|p2a: Blacephalon\n|-damage|p2a: Blacephalon|0 fnt\n|-enditem|p2a: Blacephalon|Power Herb|[from] move: Knock Off|[of] p1a: Weavile\n|faint|p2a: Blacephalon\n|\n|upkeep\n|\n|t:|1655573425\n|switch|p2a: Primarina|Primarina, F|100\/100\n|turn|15\n|\n|t:|1655573439\n|switch|p1a: Vaporeon|Vaporeon, F|51\/100\n|-damage|p1a: Vaporeon|38\/100|[from] Stealth Rock\n|move|p2a: Primarina|Moonblast|p1a: Vaporeon\n|-damage|p1a: Vaporeon|11\/100\n|\n|-heal|p1a: Vaporeon|17\/100|[from] item: Leftovers\n|upkeep\n|turn|16\n|\n|t:|1655573447\n|move|p1a: Vaporeon|Protect|p1a: Vaporeon\n|-singleturn|p1a: Vaporeon|Protect\n|move|p2a: Primarina|Moonblast|p1a: Vaporeon\n|-activate|p1a: Vaporeon|move: Protect\n|\n|-heal|p1a: Vaporeon|23\/100|[from] item: Leftovers\n|upkeep\n|turn|17\n|l| killerjays\n|\n|t:|1655573487\n|move|p1a: Vaporeon|Protect||[still]\n|-fail|p1a: Vaporeon\n|move|p2a: Primarina|Moonblast|p1a: Vaporeon\n|-damage|p1a: Vaporeon|0 fnt\n|faint|p1a: Vaporeon\n|\n|upkeep\n|\n|t:|1655573490\n|switch|p1a: Rillaboom|Rillaboom, F|100\/100\n|-damage|p1a: Rillaboom|88\/100|[from] Stealth Rock\n|-fieldstart|move: Grassy Terrain|[from] ability: Grassy Surge|[of] p1a: Rillaboom\n|turn|18\n|\n|t:|1655573525\n|move|p2a: Primarina|Moonblast|p1a: Rillaboom\n|-crit|p1a: Rillaboom\n|-damage|p1a: Rillaboom|0 fnt\n|faint|p1a: Rillaboom\n|\n|upkeep\n|\n|t:|1655573531\n|switch|p1a: Weezing|Weezing-Galar, M|100\/100\n|-damage|p1a: Weezing|88\/100|[from] Stealth Rock\n|turn|19\n|l| Bionis Shoulder\n|\n|t:|1655573550\n|switch|p2a: Noivern|Noivern, F|100\/100\n|-item|p1a: Weezing|Rocky Helmet|[from] ability: Frisk|[of] p2a: Noivern|[identify]\n|move|p1a: Weezing|Strange Steam|p2a: Noivern\n|-supereffective|p2a: Noivern\n|-damage|p2a: Noivern|31\/100\n|\n|upkeep\n|turn|20\n|\n|t:|1655573556\n|move|p2a: Noivern|Psychic|p1a: Weezing\n|-supereffective|p1a: Weezing\n|-damage|p1a: Weezing|0 fnt\n|faint|p1a: Weezing\n|\n|upkeep\n|\n|t:|1655573560\n|switch|p1a: Weavile|Weavile, M|100\/100\n|-ability|p1a: Weavile|Pressure\n|turn|21\n|\n|t:|1655573573\n|move|p1a: Weavile|Knock Off|p2a: Noivern\n|-damage|p2a: Noivern|0 fnt\n|-enditem|p2a: Noivern|Choice Specs|[from] move: Knock Off|[of] p1a: Weavile\n|faint|p2a: Noivern\n|\n|upkeep\n|\n|t:|1655573576\n|switch|p2a: Lopunny|Lopunny, M|84\/100\n|turn|22\n|\n|t:|1655573592\n|detailschange|p2a: Lopunny|Lopunny-Mega, M\n|-mega|p2a: Lopunny|Lopunny|Lopunnite\n|move|p2a: Lopunny|Close Combat|p1a: Weavile\n|-supereffective|p1a: Weavile\n|-crit|p1a: Weavile\n|-damage|p1a: Weavile|0 fnt\n|-unboost|p2a: Lopunny|def|1\n|-unboost|p2a: Lopunny|spd|1\n|faint|p1a: Weavile\n|\n|-heal|p2a: Lopunny|90\/100|[from] Grassy Terrain\n|-fieldend|move: Grassy Terrain\n|upkeep\n|\n|t:|1655573596\n|switch|p1a: Terrakion|Terrakion|51\/100\n|-damage|p1a: Terrakion|45\/100|[from] Stealth Rock\n|turn|23\n|\n|t:|1655573601\n|move|p1a: Terrakion|Close Combat|p2a: Lopunny\n|-supereffective|p2a: Lopunny\n|-damage|p2a: Lopunny|0 fnt\n|-unboost|p1a: Terrakion|def|1\n|-unboost|p1a: Terrakion|spd|1\n|faint|p2a: Lopunny\n|\n|upkeep\n|\n|t:|1655573603\n|switch|p2a: Primarina|Primarina, F|100\/100\n|turn|24\n|\n|t:|1655573606\n|move|p1a: Terrakion|Close Combat|p2a: Primarina\n|-resisted|p2a: Primarina\n|-damage|p2a: Primarina|57\/100\n|-unboost|p1a: Terrakion|def|1\n|-unboost|p1a: Terrakion|spd|1\n|move|p2a: Primarina|Moonblast|p1a: Terrakion\n|-supereffective|p1a: Terrakion\n|-damage|p1a: Terrakion|0 fnt\n|faint|p1a: Terrakion\n|\n|win|NottaDoc\n","uploadtime":1655573607,"views":16,"p1id":"rooopos","p2id":"nottadoc","formatid":"gen8nationaldexdraft","rating":0,"private":0,"password":null}