{"id":"sports-gen8nationaldexdlcdraft-359954","p1":"rofokidd","p2":"Specs KD","format":"gen8nationaldexdlcdraft","log":"|j|\u2606rofokidd\n|j|\u2606Specs KD\n|t:|1615174258\n|player|p1|rofokidd|shadowtriad|\n|player|p2|Specs KD|swimmerf|\n|teamsize|p1|6\n|teamsize|p2|6\n|gametype|singles\n|gen|8\n|tier|[Gen 8] National Dex DLC Draft\n|rule|Sleep Clause Mod: Limit one foe put to sleep\n|rule|OHKO Clause: OHKO moves are banned\n|rule|Evasion Moves Clause: Evasion moves are banned\n|rule|Endless Battle Clause: Forcing endless battles is banned\n|rule|HP Percentage Mod: HP is shown in percentages\n|clearpoke\n|poke|p1|Scizor, M|\n|poke|p1|Silvally-*|\n|poke|p1|Dragapult, F|\n|poke|p1|Incineroar, F|\n|poke|p1|Slurpuff, M|\n|poke|p1|Seismitoad, F|\n|poke|p2|Urshifu-*, F|\n|poke|p2|Landorus-Therian, M|\n|poke|p2|Reuniclus, F|\n|poke|p2|Hawlucha, F|\n|poke|p2|Regieleki|\n|poke|p2|Nidoking, M|\n|rule|Dynamax Clause: You cannot dynamax\n|teampreview\n|html|<button name=\"send\" class=\"button\" value=\"\/timer ds\"><i class=\"fa fa-hourglass-start\"><\/i> DS Timer<\/button> <button name=\"send\" class=\"button\" value=\"\/timer smogon\"><i class=\"fa fa-hourglass-start\"><\/i> Smogon Timer<\/button>\n|c|\u2606rofokidd|glhf\n|c|\u2606Specs KD|u2\n|c|\u2606Specs KD|ill post\n|c|\u2606rofokidd|thanks\n|j| Patcantwin\n|\n|t:|1615174350\n|start\n|switch|p1a: Incineroar|Incineroar, F|100\/100\n|switch|p2a: Venom|Nidoking, M, shiny|100\/100\n|-ability|p1a: Incineroar|Intimidate|boost\n|-unboost|p2a: Venom|atk|1\n|turn|1\n|\n|t:|1615174360\n|move|p2a: Venom|Toxic Spikes|p1a: Incineroar\n|-sidestart|p1: rofokidd|move: Toxic Spikes\n|move|p1a: Incineroar|Parting Shot|p2a: Venom\n|-unboost|p2a: Venom|atk|1\n|-unboost|p2a: Venom|spa|1\n|\n|t:|1615174367\n|switch|p1a: Seismitoad|Seismitoad, F|100\/100|[from]move: Parting Shot\n|-status|p1a: Seismitoad|psn\n|\n|-damage|p1a: Seismitoad|88\/100 psn|[from] psn\n|upkeep\n|turn|2\n|\n|t:|1615174377\n|move|p2a: Venom|Stealth Rock|p1a: Seismitoad\n|-sidestart|p1: rofokidd|move: Stealth Rock\n|move|p1a: Seismitoad|Liquidation|p2a: Venom\n|-supereffective|p2a: Venom\n|-damage|p2a: Venom|33\/100\n|\n|-damage|p1a: Seismitoad|76\/100 psn|[from] psn\n|upkeep\n|turn|3\n|\n|t:|1615174385\n|move|p2a: Venom|Earth Power|p1a: Seismitoad\n|-damage|p1a: Seismitoad|43\/100 psn\n|move|p1a: Seismitoad|Liquidation|p2a: Venom\n|-supereffective|p2a: Venom\n|-damage|p2a: Venom|0 fnt\n|faint|p2a: Venom\n|\n|-damage|p1a: Seismitoad|30\/100 psn|[from] psn\n|upkeep\n|\n|t:|1615174409\n|switch|p2a: Rey Mysterio|Hawlucha, F, shiny|100\/100\n|turn|4\n|\n|t:|1615174414\n|move|p2a: Rey Mysterio|Sky Attack||[still]\n|-prepare|p2a: Rey Mysterio|Sky Attack\n|-enditem|p2a: Rey Mysterio|Power Herb\n|-anim|p2a: Rey Mysterio|Sky Attack|p1a: Seismitoad\n|-damage|p1a: Seismitoad|0 fnt\n|faint|p1a: Seismitoad\n|\n|upkeep\n|\n|t:|1615174419\n|switch|p1a: Dragapult|Dragapult, F|100\/100\n|-damage|p1a: Dragapult|88\/100|[from] Stealth Rock\n|-status|p1a: Dragapult|psn\n|turn|5\n|\n|t:|1615174426\n|move|p2a: Rey Mysterio|Swords Dance|p2a: Rey Mysterio\n|-boost|p2a: Rey Mysterio|atk|2\n|move|p1a: Dragapult|Will-O-Wisp|p2a: Rey Mysterio\n|-status|p2a: Rey Mysterio|brn\n|\n|-damage|p2a: Rey Mysterio|95\/100 brn|[from] brn\n|-damage|p1a: Dragapult|76\/100 psn|[from] psn\n|upkeep\n|turn|6\n|\n|t:|1615174430\n|move|p2a: Rey Mysterio|Acrobatics|p1a: Dragapult\n|-damage|p1a: Dragapult|19\/100 psn\n|move|p1a: Dragapult|Hex|p2a: Rey Mysterio\n|-damage|p2a: Rey Mysterio|0 fnt\n|-damage|p1a: Dragapult|9\/100 psn|[from] item: Life Orb\n|faint|p2a: Rey Mysterio\n|\n|-damage|p1a: Dragapult|0 fnt|[from] psn\n|faint|p1a: Dragapult\n|upkeep\n|\n|t:|1615174444\n|switch|p1a: Incineroar|Incineroar, F|100\/100\n|switch|p2a: Gaarafield|Landorus-Therian, M|100\/100\n|-ability|p2a: Gaarafield|Intimidate|boost\n|-unboost|p1a: Incineroar|atk|1\n|-damage|p1a: Incineroar|76\/100|[from] Stealth Rock\n|-status|p1a: Incineroar|psn\n|-ability|p1a: Incineroar|Intimidate|boost\n|-unboost|p2a: Gaarafield|atk|1\n|turn|7\n|\n|t:|1615174451\n|move|p2a: Gaarafield|U-turn|p1a: Incineroar\n|-damage|p1a: Incineroar|62\/100 psn\n|\n|t:|1615174459\n|switch|p2a: Beez|Regieleki, shiny|100\/100|[from]move: U-turn\n|move|p1a: Incineroar|Parting Shot|p2a: Beez\n|-unboost|p2a: Beez|atk|1\n|-unboost|p2a: Beez|spa|1\n|\n|t:|1615174471\n|switch|p1a: Edward|Scizor, M|100\/100|[from]move: Parting Shot\n|-damage|p1a: Edward|88\/100|[from] Stealth Rock\n|\n|upkeep\n|turn|8\n|\n|t:|1615174481\n|switch|p2a: Gaarafield|Landorus-Therian, M|100\/100\n|-ability|p2a: Gaarafield|Intimidate|boost\n|-unboost|p1a: Edward|atk|1\n|detailschange|p1a: Edward|Scizor-Mega, M\n|-mega|p1a: Edward|Scizor|Scizorite\n|move|p1a: Edward|U-turn|p2a: Gaarafield\n|-resisted|p2a: Gaarafield\n|-damage|p2a: Gaarafield|86\/100\n|\n|t:|1615174498\n|switch|p1a: Silvally|Silvally-Bug|100\/100|[from]move: U-turn\n|-status|p1a: Silvally|psn\n|-damage|p1a: Silvally|76\/100 psn|[from] Stealth Rock\n|\n|-damage|p1a: Silvally|63\/100 psn|[from] psn\n|upkeep\n|turn|9\n|\n|t:|1615174516\n|move|p2a: Gaarafield|U-turn|p1a: Silvally\n|-damage|p1a: Silvally|38\/100 psn\n|\n|t:|1615174522\n|switch|p2a: Ryu|Urshifu, F|100\/100|[from]move: U-turn\n|move|p1a: Silvally|Flame Charge|p2a: Ryu\n|-damage|p2a: Ryu|86\/100\n|-boost|p1a: Silvally|spe|1\n|\n|-damage|p1a: Silvally|26\/100 psn|[from] psn\n|upkeep\n|turn|10\n|\n|t:|1615174531\n|move|p1a: Silvally|Multi-Attack|p2a: Ryu\n|-damage|p2a: Ryu|34\/100\n|move|p2a: Ryu|Poison Jab|p1a: Silvally\n|-damage|p1a: Silvally|0 fnt\n|faint|p1a: Silvally\n|\n|upkeep\n|\n|t:|1615174537\n|switch|p1a: Edward|Scizor-Mega, M|88\/100\n|-damage|p1a: Edward|76\/100|[from] Stealth Rock\n|turn|11\n|\n|t:|1615174543\n|move|p2a: Ryu|Sucker Punch|p1a: Edward\n|-damage|p1a: Edward|40\/100\n|move|p1a: Edward|Bullet Punch|p2a: Ryu\n|-damage|p2a: Ryu|0 fnt\n|faint|p2a: Ryu\n|\n|upkeep\n|\n|t:|1615174551\n|switch|p2a: Gaarafield|Landorus-Therian, M|86\/100\n|-ability|p2a: Gaarafield|Intimidate|boost\n|-unboost|p1a: Edward|atk|1\n|turn|12\n|\n|t:|1615174556\n|move|p2a: Gaarafield|Earthquake|p1a: Edward\n|-damage|p1a: Edward|0 fnt\n|faint|p1a: Edward\n|\n|upkeep\n|\n|t:|1615174559\n|switch|p1a: Incineroar|Incineroar, F|62\/100 psn\n|-damage|p1a: Incineroar|37\/100 psn|[from] Stealth Rock\n|-ability|p1a: Incineroar|Intimidate|boost\n|-unboost|p2a: Gaarafield|atk|1\n|turn|13\n|\n|t:|1615174561\n|move|p1a: Incineroar|Fake Out|p2a: Gaarafield\n|-damage|p2a: Gaarafield|75\/100\n|cant|p2a: Gaarafield|flinch\n|\n|-damage|p1a: Incineroar|25\/100 psn|[from] psn\n|upkeep\n|-enditem|p1a: Incineroar|Aguav Berry|[eat]\n|-heal|p1a: Incineroar|58\/100 psn|[from] item: Aguav Berry\n|turn|14\n|\n|t:|1615174568\n|switch|p2a: Beez|Regieleki, shiny|100\/100\n|move|p1a: Incineroar|Parting Shot|p2a: Beez\n|-unboost|p2a: Beez|atk|1\n|-unboost|p2a: Beez|spa|1\n|\n|t:|1615174573\n|switch|p1a: Slurpuff|Slurpuff, M|100\/100|[from]move: Parting Shot\n|-status|p1a: Slurpuff|psn\n|-damage|p1a: Slurpuff|88\/100 psn|[from] Stealth Rock\n|\n|-damage|p1a: Slurpuff|76\/100 psn|[from] psn\n|upkeep\n|turn|15\n|\n|t:|1615174577\n|move|p2a: Beez|Explosion|p1a: Slurpuff\n|-damage|p1a: Slurpuff|22\/100 psn\n|-enditem|p1a: Slurpuff|Sitrus Berry|[eat]\n|-heal|p1a: Slurpuff|47\/100 psn|[from] item: Sitrus Berry\n|faint|p2a: Beez\n|move|p1a: Slurpuff|Belly Drum||[still]\n|-fail|p1a: Slurpuff\n|\n|-damage|p1a: Slurpuff|34\/100 psn|[from] psn\n|upkeep\n|c|\u2606Specs KD|ay\n|c|\u2606rofokidd|i needed that\n|c|\u2606Specs KD|yeah i know lol\n|c|\u2606Specs KD|you were playing v careful with it hahah\n|c|\u2606rofokidd|i think i was dead either way\n|\n|t:|1615174608\n|switch|p2a: Gaarafield|Landorus-Therian, M|75\/100\n|-ability|p2a: Gaarafield|Intimidate|boost\n|-unboost|p1a: Slurpuff|atk|1\n|turn|16\n|\n|t:|1615174612\n|move|p1a: Slurpuff|Covet|p2a: Gaarafield\n|-damage|p2a: Gaarafield|63\/100\n|-item|p1a: Slurpuff|Choice Scarf|[from] move: Covet|[of] p2a: Gaarafield\n|move|p2a: Gaarafield|Earthquake|p1a: Slurpuff\n|-damage|p1a: Slurpuff|0 fnt\n|faint|p1a: Slurpuff\n|\n|upkeep\n|\n|t:|1615174618\n|switch|p1a: Incineroar|Incineroar, F|58\/100 psn\n|-damage|p1a: Incineroar|33\/100 psn|[from] Stealth Rock\n|-ability|p1a: Incineroar|Intimidate|boost\n|-unboost|p2a: Gaarafield|atk|1\n|turn|17\n|c|\u2606Specs KD|oh dang thats kinda sick\n|\n|t:|1615174625\n|move|p1a: Incineroar|Fake Out|p2a: Gaarafield\n|-damage|p2a: Gaarafield|52\/100\n|cant|p2a: Gaarafield|flinch\n|\n|-damage|p1a: Incineroar|20\/100 psn|[from] psn\n|upkeep\n|turn|18\n|c|\u2606Specs KD|gg\n|\n|t:|1615174630\n|move|p2a: Gaarafield|Earthquake|p1a: Incineroar\n|-supereffective|p1a: Incineroar\n|-damage|p1a: Incineroar|0 fnt\n|faint|p1a: Incineroar\n|\n|win|Specs KD\n|c|\u2606rofokidd|gg\n|l| Patcantwin\n|c|\u2606rofokidd|i was thinking if i get set up maybe i can nab a berry or something\n|c|\u2606Specs KD|or leftovers or something\n|c|\u2606Specs KD|i like it\n|c|\u2606Specs KD|or a choice band and be 100000 attacj\n","uploadtime":1615174636,"views":16,"p1id":"rofokidd","p2id":"specskd","formatid":"gen8nationaldexdlcdraft","rating":0,"private":0,"password":null}