{"id":"sports-gen8nationaldexdraft-571063","p1":"squid bird","p2":"DjezzeMwoan","format":"gen8nationaldexdraft","log":"|j|\u2606squid bird\n|j|\u2606DjezzeMwoan\n|t:|1642014683\n|gametype|singles\n|player|p1|squid bird|squidbird.png|\n|player|p2|DjezzeMwoan|52|\n|teamsize|p1|6\n|teamsize|p2|6\n|gen|8\n|tier|[Gen 8] National Dex Draft\n|rule|Sleep Clause Mod: Limit one foe put to sleep\n|rule|OHKO Clause: OHKO moves are banned\n|rule|Evasion Moves Clause: Evasion moves are banned\n|rule|Endless Battle Clause: Forcing endless battles is banned\n|rule|HP Percentage Mod: HP is shown in percentages\n|rule|Dynamax Clause: You cannot dynamax\n|clearpoke\n|poke|p1|Dragapult, F|\n|poke|p1|Scizor, F|\n|poke|p1|Rillaboom, M|\n|poke|p1|Absol, F|\n|poke|p1|Sylveon, M|\n|poke|p1|Snorlax, F|\n|poke|p2|Tapu Lele|\n|poke|p2|Avalugg, F|\n|poke|p2|Heracross, F|\n|poke|p2|Silvally-*|\n|poke|p2|Vaporeon, M|\n|poke|p2|Typhlosion, M|\n|teampreview\n|html|<button name=\"send\" class=\"button\" value=\"\/timer ds\"><i class=\"fa fa-hourglass-start\"><\/i> DS Timer<\/button> <button name=\"send\" class=\"button\" value=\"\/timer smogon\"><i class=\"fa fa-hourglass-start\"><\/i> Smogon Timer<\/button>\n|c|\u2606DjezzeMwoan|glhf\n|c|\u2606squid bird|You too!\n|\n|t:|1642014807\n|start\n|switch|p1a: Kraig|Dragapult, F|100\/100\n|switch|p2a: Oya Lele|Tapu Lele|100\/100\n|-fieldstart|move: Psychic Terrain|[from] ability: Psychic Surge|[of] p2a: Oya Lele\n|turn|1\n|j| Ebasta12\n|\n|t:|1642014824\n|switch|p2a: The Beatle|Heracross, F|100\/100\n|switch|p1a: Benton|Sylveon, M|100\/100\n|\n|upkeep\n|turn|2\n|n| Ebastia12|ebasta12\n|c| Ebastia12|:)\n|c|\u2606DjezzeMwoan|:)\n|c| Ebastia12|:))\n|c|\u2606DjezzeMwoan|:)))\n|\n|t:|1642014889\n|switch|p2a: Alsof je in vuur|Typhlosion, M|100\/100\n|move|p1a: Benton|Protect||[still]\n|-fail|p1a: Benton\n|\n|upkeep\n|turn|3\n|\n|t:|1642014899\n|switch|p1a: Morton|Snorlax, F|100\/100\n|move|p2a: Alsof je in vuur|Toxic|p1a: Morton\n|-status|p1a: Morton|tox\n|\n|-damage|p1a: Morton|94\/100 tox|[from] psn\n|upkeep\n|turn|4\n|\n|t:|1642014925\n|switch|p2a: The Beatle|Heracross, F|100\/100\n|move|p1a: Morton|Toxic|p2a: The Beatle\n|-status|p2a: The Beatle|tox\n|\n|-damage|p2a: The Beatle|94\/100 tox|[from] psn\n|-damage|p1a: Morton|82\/100 tox|[from] psn\n|upkeep\n|turn|5\n|\n|t:|1642014943\n|switch|p1a: Benton|Sylveon, M|100\/100\n|detailschange|p2a: The Beatle|Heracross-Mega, F\n|-mega|p2a: The Beatle|Heracross|Heracronite\n|move|p2a: The Beatle|Rock Blast|p1a: Benton\n|-damage|p1a: Benton|90\/100\n|-damage|p1a: Benton|80\/100\n|-damage|p1a: Benton|70\/100\n|-damage|p1a: Benton|60\/100\n|-damage|p1a: Benton|49\/100\n|-hitcount|p1a: Benton|5\n|\n|-heal|p1a: Benton|55\/100|[from] item: Leftovers\n|-damage|p2a: The Beatle|82\/100 tox|[from] psn\n|-fieldend|move: Psychic Terrain\n|upkeep\n|turn|6\n|\n|t:|1642014971\n|move|p1a: Benton|Protect|p1a: Benton\n|-singleturn|p1a: Benton|Protect\n|move|p2a: The Beatle|Rock Blast|p1a: Benton\n|-activate|p1a: Benton|move: Protect\n|\n|-heal|p1a: Benton|61\/100|[from] item: Leftovers\n|-damage|p2a: The Beatle|63\/100 tox|[from] psn\n|upkeep\n|turn|7\n|\n|t:|1642015005\n|move|p2a: The Beatle|Smart Strike|p1a: Benton\n|-supereffective|p1a: Benton\n|-damage|p1a: Benton|7\/100\n|move|p1a: Benton|Wish|p1a: Benton\n|\n|-heal|p1a: Benton|14\/100|[from] item: Leftovers\n|-damage|p2a: The Beatle|39\/100 tox|[from] psn\n|upkeep\n|turn|8\n|\n|t:|1642015012\n|switch|p2a: Alsof je in vuur|Typhlosion, M|100\/100\n|move|p1a: Benton|Protect||[still]\n|-fail|p1a: Benton\n|\n|-heal|p1a: Benton|64\/100|[from] move: Wish|[wisher] Benton\n|-heal|p1a: Benton|70\/100|[from] item: Leftovers\n|upkeep\n|turn|9\n|\n|t:|1642015032\n|move|p1a: Benton|Protect|p1a: Benton\n|-singleturn|p1a: Benton|Protect\n|move|p2a: Alsof je in vuur|Flamethrower|p1a: Benton\n|-activate|p1a: Benton|move: Protect\n|\n|-heal|p1a: Benton|76\/100|[from] item: Leftovers\n|upkeep\n|turn|10\n|\n|t:|1642015040\n|switch|p1a: Morton|Snorlax, F|82\/100 tox\n|move|p2a: Alsof je in vuur|Toxic|p1a: Morton\n|-fail|p1a: Morton|tox\n|\n|-damage|p1a: Morton|76\/100 tox|[from] psn\n|upkeep\n|turn|11\n|\n|t:|1642015051\n|switch|p2a: Zuckerberg|Silvally|100\/100\n|move|p1a: Morton|Toxic|p2a: Zuckerberg\n|-status|p2a: Zuckerberg|tox\n|\n|-damage|p2a: Zuckerberg|94\/100 tox|[from] psn\n|-damage|p1a: Morton|64\/100 tox|[from] psn\n|upkeep\n|turn|12\n|\n|t:|1642015058\n|move|p2a: Zuckerberg|Parting Shot|p1a: Morton\n|-unboost|p1a: Morton|atk|1\n|-unboost|p1a: Morton|spa|1\n|\n|t:|1642015061\n|switch|p2a: The Beatle|Heracross-Mega, F|39\/100 tox|[from]move: Parting Shot\n|move|p1a: Morton|Body Press|p2a: The Beatle\n|-resisted|p2a: The Beatle\n|-crit|p2a: The Beatle\n|-damage|p2a: The Beatle|26\/100 tox\n|\n|-damage|p2a: The Beatle|20\/100 tox|[from] psn\n|-damage|p1a: Morton|45\/100 tox|[from] psn\n|upkeep\n|turn|13\n|\n|t:|1642015150\n|switch|p1a: Benton|Sylveon, M|76\/100\n|move|p2a: The Beatle|Rock Blast|p1a: Benton|[miss]\n|-miss|p2a: The Beatle|p1a: Benton\n|\n|-heal|p1a: Benton|82\/100|[from] item: Leftovers\n|-damage|p2a: The Beatle|8\/100 tox|[from] psn\n|upkeep\n|turn|14\n|\n|t:|1642015163\n|switch|p2a: Alsof je in vuur|Typhlosion, M|100\/100\n|move|p1a: Benton|Hyper Voice|p2a: Alsof je in vuur\n|-resisted|p2a: Alsof je in vuur\n|-damage|p2a: Alsof je in vuur|85\/100\n|\n|-heal|p1a: Benton|88\/100|[from] item: Leftovers\n|upkeep\n|turn|15\n|c|\u2606DjezzeMwoan|i need to get my mega heracross some glasses\n|c|\u2606DjezzeMwoan|keeps missing rock blasts\n|\n|t:|1642015186\n|switch|p1a: Morton|Snorlax, F|45\/100 tox\n|move|p2a: Alsof je in vuur|Flamethrower|p1a: Morton\n|-damage|p1a: Morton|36\/100 tox\n|\n|-damage|p1a: Morton|30\/100 tox|[from] psn\n|upkeep\n|turn|16\n|\n|t:|1642015195\n|switch|p2a: The Beatle|Heracross-Mega, F|8\/100 tox\n|move|p1a: Morton|Rest|p1a: Morton\n|-status|p1a: Morton|slp|[from] move: Rest\n|-heal|p1a: Morton|100\/100 slp|[silent]\n|-enditem|p1a: Morton|Chesto Berry|[eat]\n|-curestatus|p1a: Morton|slp|[msg]\n|\n|-damage|p2a: The Beatle|2\/100 tox|[from] psn\n|upkeep\n|turn|17\n|c| Ebastia12|Your fault for not making it hold wide lens\n|\n|t:|1642015211\n|switch|p2a: MLG Popplio|Avalugg, F|100\/100\n|switch|p1a: Benton|Sylveon, M|88\/100\n|\n|-heal|p1a: Benton|95\/100|[from] item: Leftovers\n|upkeep\n|turn|18\n|\n|t:|1642015220\n|switch|p2a: Alsof je in vuur|Typhlosion, M|85\/100\n|move|p1a: Benton|Mystical Fire|p2a: Alsof je in vuur\n|-start|p2a: Alsof je in vuur|ability: Flash Fire\n|\n|-heal|p1a: Benton|100\/100|[from] item: Leftovers\n|upkeep\n|turn|19\n|\n|t:|1642015234\n|switch|p1a: Morton|Snorlax, F|100\/100\n|move|p2a: Alsof je in vuur|Flamethrower|p1a: Morton\n|-damage|p1a: Morton|87\/100\n|-status|p1a: Morton|brn\n|\n|-damage|p1a: Morton|81\/100 brn|[from] brn\n|upkeep\n|turn|20\n|c|\u2606squid bird|When the!!!\n|\n|t:|1642015252\n|-end|p2a: Alsof je in vuur|ability: Flash Fire|[silent]\n|switch|p2a: Oya Lele|Tapu Lele|100\/100\n|-fieldstart|move: Psychic Terrain|[from] ability: Psychic Surge|[of] p2a: Oya Lele\n|move|p1a: Morton|Body Press|p2a: Oya Lele\n|-resisted|p2a: Oya Lele\n|-damage|p2a: Oya Lele|97\/100\n|\n|-damage|p1a: Morton|75\/100 brn|[from] brn\n|upkeep\n|turn|21\n|\n|t:|1642015268\n|move|p2a: Oya Lele|Thunder|p1a: Morton\n|-damage|p1a: Morton|53\/100 brn\n|move|p1a: Morton|Toxic|p2a: Oya Lele\n|-status|p2a: Oya Lele|tox\n|\n|-damage|p2a: Oya Lele|91\/100 tox|[from] psn\n|-damage|p1a: Morton|47\/100 brn|[from] brn\n|upkeep\n|turn|22\n|\n|t:|1642015283\n|switch|p2a: MLG Popplio|Avalugg, F|100\/100\n|move|p1a: Morton|Rest|p1a: Morton\n|-status|p1a: Morton|slp|[from] move: Rest\n|-heal|p1a: Morton|100\/100 slp|[silent]\n|\n|upkeep\n|turn|23\n|\n|t:|1642015293\n|cant|p1a: Morton|slp\n|move|p2a: MLG Popplio|Body Press|p1a: Morton\n|-supereffective|p1a: Morton\n|-damage|p1a: Morton|48\/100 slp\n|\n|upkeep\n|turn|24\n|\n|t:|1642015305\n|switch|p1a: Benton|Sylveon, M|100\/100\n|move|p2a: MLG Popplio|Avalanche|p1a: Benton\n|-damage|p1a: Benton|81\/100\n|\n|-heal|p1a: Benton|87\/100|[from] item: Leftovers\n|-fieldend|move: Psychic Terrain\n|upkeep\n|turn|25\n|\n|t:|1642015316\n|switch|p2a: Zuckerberg|Silvally|94\/100 tox\n|move|p1a: Benton|Wish|p1a: Benton\n|\n|-heal|p2a: Zuckerberg|100\/100 tox|[from] item: Leftovers\n|-heal|p1a: Benton|94\/100|[from] item: Leftovers\n|-damage|p2a: Zuckerberg|94\/100 tox|[from] psn\n|upkeep\n|turn|26\n|\n|t:|1642015324\n|switch|p1a: Morton|Snorlax, F|48\/100 slp\n|move|p2a: Zuckerberg|Parting Shot|p1a: Morton\n|-unboost|p1a: Morton|atk|1\n|-unboost|p1a: Morton|spa|1\n|\n|t:|1642015328\n|switch|p2a: MLG Popplio|Avalugg, F|100\/100|[from]move: Parting Shot\n|\n|-heal|p1a: Morton|85\/100 slp|[from] move: Wish|[wisher] Benton\n|upkeep\n|turn|27\n|\n|t:|1642015338\n|switch|p1a: Benton|Sylveon, M|94\/100\n|move|p2a: MLG Popplio|Body Press|p1a: Benton\n|-resisted|p1a: Benton\n|-damage|p1a: Benton|77\/100\n|\n|-heal|p1a: Benton|83\/100|[from] item: Leftovers\n|upkeep\n|turn|28\n|\n|t:|1642015348\n|switch|p2a: Did you know|Vaporeon, M|100\/100\n|move|p1a: Benton|Hyper Voice|p2a: Did you know\n|-damage|p2a: Did you know|69\/100\n|\n|-heal|p2a: Did you know|75\/100|[from] item: Leftovers\n|-heal|p1a: Benton|90\/100|[from] item: Leftovers\n|upkeep\n|turn|29\n|\n|t:|1642015369\n|switch|p1a: Josue|Rillaboom, M|100\/100\n|-fieldstart|move: Grassy Terrain|[from] ability: Grassy Surge|[of] p1a: Josue\n|move|p2a: Did you know|Wish|p2a: Did you know\n|\n|-heal|p2a: Did you know|81\/100|[from] Grassy Terrain\n|-heal|p2a: Did you know|88\/100|[from] item: Leftovers\n|upkeep\n|turn|30\n|\n|t:|1642015386\n|switch|p2a: MLG Popplio|Avalugg, F|100\/100\n|move|p1a: Josue|Knock Off|p2a: MLG Popplio\n|-damage|p2a: MLG Popplio|80\/100\n|-enditem|p2a: MLG Popplio|Heavy-Duty Boots|[from] move: Knock Off|[of] p1a: Josue\n|\n|-heal|p2a: MLG Popplio|100\/100|[from] move: Wish|[wisher] Did you know\n|upkeep\n|turn|31\n|\n|t:|1642015403\n|switch|p1a: Benton|Sylveon, M|90\/100\n|switch|p2a: Did you know|Vaporeon, M|88\/100\n|\n|-heal|p2a: Did you know|94\/100|[from] Grassy Terrain\n|-heal|p2a: Did you know|99\/100|[from] item: Leftovers\n|-heal|p1a: Benton|96\/100|[from] Grassy Terrain\n|-heal|p1a: Benton|100\/100|[from] item: Leftovers\n|upkeep\n|turn|32\n|\n|t:|1642015414\n|move|p2a: Did you know|Wish|p2a: Did you know\n|move|p1a: Benton|Hyper Voice|p2a: Did you know\n|-damage|p2a: Did you know|66\/100\n|\n|-heal|p2a: Did you know|72\/100|[from] Grassy Terrain\n|-heal|p2a: Did you know|78\/100|[from] item: Leftovers\n|upkeep\n|turn|33\n|\n|t:|1642015425\n|switch|p2a: The Beatle|Heracross-Mega, F|2\/100 tox\n|move|p1a: Benton|Wish|p1a: Benton\n|\n|-heal|p2a: The Beatle|70\/100 tox|[from] move: Wish|[wisher] Did you know\n|-heal|p2a: The Beatle|76\/100 tox|[from] Grassy Terrain\n|-damage|p2a: The Beatle|70\/100 tox|[from] psn\n|-fieldend|move: Grassy Terrain\n|upkeep\n|turn|34\n|\n|t:|1642015436\n|switch|p2a: Alsof je in vuur|Typhlosion, M|85\/100\n|move|p1a: Benton|Hyper Voice|p2a: Alsof je in vuur\n|-resisted|p2a: Alsof je in vuur\n|-damage|p2a: Alsof je in vuur|70\/100\n|\n|upkeep\n|turn|35\n|\n|t:|1642015491\n|switch|p1a: Morton|Snorlax, F|85\/100 slp\n|move|p2a: Alsof je in vuur|Toxic||[still]\n|-fail|p2a: Alsof je in vuur\n|\n|upkeep\n|turn|36\n|\n|t:|1642015497\n|switch|p2a: Did you know|Vaporeon, M|78\/100\n|cant|p1a: Morton|slp\n|\n|-heal|p2a: Did you know|85\/100|[from] item: Leftovers\n|upkeep\n|turn|37\n|\n|t:|1642015503\n|move|p2a: Did you know|Wish|p2a: Did you know\n|-curestatus|p1a: Morton|slp|[msg]\n|move|p1a: Morton|Toxic|p2a: Did you know\n|-status|p2a: Did you know|tox\n|\n|-heal|p2a: Did you know|91\/100 tox|[from] item: Leftovers\n|-damage|p2a: Did you know|85\/100 tox|[from] psn\n|upkeep\n|turn|38\n|\n|t:|1642015511\n|switch|p2a: The Beatle|Heracross-Mega, F|70\/100 tox\n|move|p1a: Morton|Fire Punch|p2a: The Beatle\n|-supereffective|p2a: The Beatle\n|-damage|p2a: The Beatle|36\/100 tox\n|\n|-heal|p2a: The Beatle|100\/100 tox|[from] move: Wish|[wisher] Did you know\n|-damage|p2a: The Beatle|94\/100 tox|[from] psn\n|upkeep\n|turn|39\n|\n|t:|1642015607\n|switch|p1a: Benton|Sylveon, M|100\/100\n|move|p2a: The Beatle|Close Combat|p1a: Benton\n|-resisted|p1a: Benton\n|-damage|p1a: Benton|62\/100\n|-unboost|p2a: The Beatle|def|1\n|-unboost|p2a: The Beatle|spd|1\n|\n|-heal|p1a: Benton|68\/100|[from] item: Leftovers\n|-damage|p2a: The Beatle|82\/100 tox|[from] psn\n|upkeep\n|turn|40\n|\n|t:|1642015621\n|switch|p2a: Alsof je in vuur|Typhlosion, M|70\/100\n|move|p1a: Benton|Hyper Voice|p2a: Alsof je in vuur\n|-resisted|p2a: Alsof je in vuur\n|-damage|p2a: Alsof je in vuur|56\/100\n|\n|-heal|p1a: Benton|74\/100|[from] item: Leftovers\n|upkeep\n|turn|41\n|\n|t:|1642015679\n|move|p2a: Alsof je in vuur|Flamethrower|p1a: Benton\n|-damage|p1a: Benton|50\/100\n|move|p1a: Benton|Hyper Voice|p2a: Alsof je in vuur\n|-resisted|p2a: Alsof je in vuur\n|-damage|p2a: Alsof je in vuur|40\/100\n|\n|-heal|p1a: Benton|56\/100|[from] item: Leftovers\n|upkeep\n|turn|42\n|\n|t:|1642015686\n|move|p1a: Benton|Protect|p1a: Benton\n|-singleturn|p1a: Benton|Protect\n|move|p2a: Alsof je in vuur|Toxic|p1a: Benton\n|-activate|p1a: Benton|move: Protect\n|\n|-heal|p1a: Benton|62\/100|[from] item: Leftovers\n|upkeep\n|turn|43\n|\n|t:|1642015703\n|switch|p2a: The Beatle|Heracross-Mega, F|82\/100 tox\n|move|p1a: Benton|Wish|p1a: Benton\n|\n|-heal|p1a: Benton|69\/100|[from] item: Leftovers\n|-damage|p2a: The Beatle|76\/100 tox|[from] psn\n|upkeep\n|turn|44\n|\n|t:|1642015710\n|switch|p2a: Alsof je in vuur|Typhlosion, M|40\/100\n|move|p1a: Benton|Hyper Voice|p2a: Alsof je in vuur\n|-resisted|p2a: Alsof je in vuur\n|-damage|p2a: Alsof je in vuur|24\/100\n|\n|-heal|p1a: Benton|100\/100|[from] move: Wish|[wisher] Benton\n|upkeep\n|turn|45\n|\n|t:|1642015721\n|move|p1a: Benton|Protect|p1a: Benton\n|-singleturn|p1a: Benton|Protect\n|move|p2a: Alsof je in vuur|Toxic|p1a: Benton\n|-activate|p1a: Benton|move: Protect\n|\n|upkeep\n|turn|46\n|\n|t:|1642015727\n|move|p2a: Alsof je in vuur|Toxic|p1a: Benton\n|-status|p1a: Benton|tox\n|move|p1a: Benton|Hyper Voice|p2a: Alsof je in vuur\n|-resisted|p2a: Alsof je in vuur\n|-damage|p2a: Alsof je in vuur|9\/100\n|\n|-damage|p1a: Benton|94\/100 tox|[from] psn\n|upkeep\n|turn|47\n|\n|t:|1642015734\n|move|p2a: Alsof je in vuur|Rest|p2a: Alsof je in vuur\n|-status|p2a: Alsof je in vuur|slp|[from] move: Rest\n|-heal|p2a: Alsof je in vuur|100\/100 slp|[silent]\n|move|p1a: Benton|Hyper Voice|p2a: Alsof je in vuur\n|-resisted|p2a: Alsof je in vuur\n|-damage|p2a: Alsof je in vuur|85\/100 slp\n|\n|-heal|p1a: Benton|100\/100 tox|[from] item: Leftovers\n|-damage|p1a: Benton|88\/100 tox|[from] psn\n|upkeep\n|turn|48\n|\n|t:|1642015743\n|cant|p2a: Alsof je in vuur|slp\n|move|p2a: Alsof je in vuur|Sleep Talk|p2a: Alsof je in vuur\n|move|p2a: Alsof je in vuur|Toxic|p1a: Benton|[from]move: Sleep Talk\n|-fail|p1a: Benton|tox\n|move|p1a: Benton|Wish|p1a: Benton\n|\n|-heal|p1a: Benton|94\/100 tox|[from] item: Leftovers\n|-damage|p1a: Benton|76\/100 tox|[from] psn\n|upkeep\n|turn|49\n|\n|t:|1642015857\n|switch|p1a: Wilfredo|Absol, F|100\/100\n|-ability|p1a: Wilfredo|Pressure\n|cant|p2a: Alsof je in vuur|slp\n|move|p2a: Alsof je in vuur|Sleep Talk|p2a: Alsof je in vuur\n|move|p2a: Alsof je in vuur|Flamethrower|p1a: Wilfredo|[from]move: Sleep Talk\n|-damage|p1a: Wilfredo|26\/100\n|\n|-heal|p1a: Wilfredo|98\/100|[from] move: Wish|[wisher] Benton\n|upkeep\n|turn|50\n|\n|t:|1642015873\n|switch|p2a: MLG Popplio|Avalugg, F|100\/100\n|detailschange|p1a: Wilfredo|Absol-Mega, F\n|-mega|p1a: Wilfredo|Absol|Absolite\n|move|p1a: Wilfredo|Throat Chop|p2a: MLG Popplio\n|-damage|p2a: MLG Popplio|79\/100\n|-start|p2a: MLG Popplio|Throat Chop|[silent]\n|\n|upkeep\n|turn|51\n|\n|t:|1642015892\n|move|p1a: Wilfredo|Fire Blast|p2a: MLG Popplio\n|-supereffective|p2a: MLG Popplio\n|-damage|p2a: MLG Popplio|0 fnt\n|faint|p2a: MLG Popplio\n|\n|upkeep\n|\n|t:|1642015897\n|switch|p2a: Oya Lele|Tapu Lele|91\/100 tox\n|-fieldstart|move: Psychic Terrain|[from] ability: Psychic Surge|[of] p2a: Oya Lele\n|turn|52\n|c|\u2606squid bird|rip bozo\n|c|\u2606DjezzeMwoan|f the avalug\n|c| Ebastia12|A kill in 50 turns\n|c|\u2606DjezzeMwoan|twas time\n|\n|t:|1642015940\n|switch|p2a: Alsof je in vuur|Typhlosion, M|85\/100 slp\n|switch|p1a: Winfred|Scizor, F|100\/100\n|\n|upkeep\n|turn|53\n|\n|t:|1642015946\n|-curestatus|p2a: Alsof je in vuur|slp|[msg]\n|move|p2a: Alsof je in vuur|Sleep Talk||[still]\n|-fail|p2a: Alsof je in vuur\n|move|p1a: Winfred|Knock Off|p2a: Alsof je in vuur\n|-damage|p2a: Alsof je in vuur|54\/100\n|-enditem|p2a: Alsof je in vuur|Heavy-Duty Boots|[from] move: Knock Off|[of] p1a: Winfred\n|\n|upkeep\n|turn|54\n|c| Ebastia12|Lmao\n|c|\u2606squid bird|Oh god\n|c|\u2606DjezzeMwoan|wait\n|c|\u2606DjezzeMwoan|i thought 3 turns was guaranteed\n|c|\u2606DjezzeMwoan|why dont i know how sleep works\n|c|\u2606DjezzeMwoan|fuck\n|c|\u2606squid bird|I'm glad we both made mistakes there\n|c| Ebastia12|Sleep talk was a safe bet there\n|c|\u2606DjezzeMwoan|im not lol\n|\n|t:|1642015981\n|switch|p1a: Morton|Snorlax, F|85\/100\n|move|p2a: Alsof je in vuur|Flamethrower|p1a: Morton\n|-crit|p1a: Morton\n|-damage|p1a: Morton|70\/100\n|-status|p1a: Morton|brn\n|\n|-damage|p1a: Morton|63\/100 brn|[from] brn\n|upkeep\n|turn|55\n|c| Ebastia12|Oh wait it was rest nvm\n|c|\u2606squid bird|Yeah rest is always 2 turns\n|\n|t:|1642016001\n|move|p2a: Alsof je in vuur|Flamethrower|p1a: Morton\n|-damage|p1a: Morton|53\/100 brn\n|move|p1a: Morton|Toxic|p2a: Alsof je in vuur|[miss]\n|-miss|p1a: Morton|p2a: Alsof je in vuur\n|\n|-damage|p1a: Morton|47\/100 brn|[from] brn\n|upkeep\n|turn|56\n|c|\u2606squid bird|The bruh\n|\n|t:|1642016012\n|switch|p2a: The Beatle|Heracross-Mega, F|76\/100 tox\n|move|p1a: Morton|Rest|p1a: Morton\n|-status|p1a: Morton|slp|[from] move: Rest\n|-heal|p1a: Morton|100\/100 slp|[silent]\n|\n|-damage|p2a: The Beatle|70\/100 tox|[from] psn\n|-fieldend|move: Psychic Terrain\n|upkeep\n|turn|57\n|c| Ebastia12|Is Morton the sexiest koopaling?\n|c|\u2606squid bird|Yeah\n|c| Ebastia12|Good take\n|\n|t:|1642016056\n|switch|p1a: Benton|Sylveon, M|76\/100 tox\n|move|p2a: The Beatle|Rock Blast|p1a: Benton\n|-damage|p1a: Benton|65\/100 tox\n|-damage|p1a: Benton|55\/100 tox\n|-damage|p1a: Benton|44\/100 tox\n|-damage|p1a: Benton|32\/100 tox\n|-damage|p1a: Benton|21\/100 tox\n|-hitcount|p1a: Benton|5\n|\n|-heal|p1a: Benton|27\/100 tox|[from] item: Leftovers\n|-damage|p2a: The Beatle|57\/100 tox|[from] psn\n|-damage|p1a: Benton|21\/100 tox|[from] psn\n|upkeep\n|turn|58\n|\n|t:|1642016068\n|move|p1a: Benton|Protect|p1a: Benton\n|-singleturn|p1a: Benton|Protect\n|move|p2a: The Beatle|Close Combat|p1a: Benton\n|-activate|p1a: Benton|move: Protect\n|\n|-heal|p1a: Benton|27\/100 tox|[from] item: Leftovers\n|-damage|p2a: The Beatle|39\/100 tox|[from] psn\n|-damage|p1a: Benton|15\/100 tox|[from] psn\n|upkeep\n|turn|59\n|\n|t:|1642016080\n|move|p2a: The Beatle|Knock Off|p1a: Benton\n|-resisted|p1a: Benton\n|-damage|p1a: Benton|0 fnt\n|-enditem|p1a: Benton|Leftovers|[from] move: Knock Off|[of] p2a: The Beatle\n|faint|p1a: Benton\n|\n|-damage|p2a: The Beatle|14\/100 tox|[from] psn\n|upkeep\n|\n|t:|1642016195\n|switch|p1a: Wilfredo|Absol-Mega, F|98\/100\n|turn|60\n|\n|t:|1642016214\n|move|p1a: Wilfredo|Throat Chop|p2a: The Beatle\n|-resisted|p2a: The Beatle\n|-damage|p2a: The Beatle|0 fnt\n|faint|p2a: The Beatle\n|\n|upkeep\n|\n|t:|1642016217\n|switch|p2a: Oya Lele|Tapu Lele|91\/100 tox\n|-fieldstart|move: Psychic Terrain|[from] ability: Psychic Surge|[of] p2a: Oya Lele\n|turn|61\n|\n|t:|1642016243\n|switch|p1a: Morton|Snorlax, F|100\/100 slp\n|move|p2a: Oya Lele|Moonblast|p1a: Morton\n|-damage|p1a: Morton|74\/100 slp\n|\n|-damage|p2a: Oya Lele|85\/100 tox|[from] psn\n|upkeep\n|turn|62\n|c|\u2606DjezzeMwoan|wait\n|c|\u2606DjezzeMwoan|fuck\n|\n|t:|1642016263\n|switch|p2a: Did you know|Vaporeon, M|85\/100 tox\n|cant|p1a: Morton|slp\n|\n|-heal|p2a: Did you know|91\/100 tox|[from] item: Leftovers\n|-damage|p2a: Did you know|85\/100 tox|[from] psn\n|upkeep\n|turn|63\n|c|\u2606DjezzeMwoan|i think i messed up lol\n|\n|t:|1642016285\n|move|p2a: Did you know|Wish|p2a: Did you know\n|cant|p1a: Morton|slp\n|\n|-heal|p2a: Did you know|91\/100 tox|[from] item: Leftovers\n|-damage|p2a: Did you know|78\/100 tox|[from] psn\n|upkeep\n|turn|64\n|\n|t:|1642016292\n|switch|p2a: Alsof je in vuur|Typhlosion, M|54\/100\n|-curestatus|p1a: Morton|slp|[msg]\n|move|p1a: Morton|Body Press|p2a: Alsof je in vuur\n|-damage|p2a: Alsof je in vuur|32\/100\n|\n|-heal|p2a: Alsof je in vuur|96\/100|[from] move: Wish|[wisher] Did you know\n|upkeep\n|turn|65\n|\n|t:|1642016301\n|move|p2a: Alsof je in vuur|Toxic|p1a: Morton|[miss]\n|-miss|p2a: Alsof je in vuur|p1a: Morton\n|move|p1a: Morton|Toxic|p2a: Alsof je in vuur|[miss]\n|-miss|p1a: Morton|p2a: Alsof je in vuur\n|\n|-fieldend|move: Psychic Terrain\n|upkeep\n|turn|66\n|c|\u2606squid bird|Me when\n|\n|t:|1642016309\n|move|p2a: Alsof je in vuur|Toxic|p1a: Morton|[miss]\n|-miss|p2a: Alsof je in vuur|p1a: Morton\n|move|p1a: Morton|Toxic|p2a: Alsof je in vuur\n|-status|p2a: Alsof je in vuur|tox\n|\n|-damage|p2a: Alsof je in vuur|90\/100 tox|[from] psn\n|upkeep\n|turn|67\n|\n|t:|1642016316\n|move|p2a: Alsof je in vuur|Toxic|p1a: Morton\n|-status|p1a: Morton|tox\n|move|p1a: Morton|Body Press|p2a: Alsof je in vuur\n|-damage|p2a: Alsof je in vuur|69\/100 tox\n|\n|-damage|p2a: Alsof je in vuur|56\/100 tox|[from] psn\n|-damage|p1a: Morton|68\/100 tox|[from] psn\n|upkeep\n|turn|68\n|c|\u2606DjezzeMwoan|my 90% accurates do not like hitting\n|\n|t:|1642016326\n|move|p2a: Alsof je in vuur|Rest|p2a: Alsof je in vuur\n|-status|p2a: Alsof je in vuur|slp|[from] move: Rest\n|-heal|p2a: Alsof je in vuur|100\/100 slp|[silent]\n|move|p1a: Morton|Body Press|p2a: Alsof je in vuur\n|-damage|p2a: Alsof je in vuur|81\/100 slp\n|\n|-damage|p1a: Morton|55\/100 tox|[from] psn\n|upkeep\n|turn|69\n|\n|t:|1642016359\n|switch|p2a: Oya Lele|Tapu Lele|85\/100 tox\n|-fieldstart|move: Psychic Terrain|[from] ability: Psychic Surge|[of] p2a: Oya Lele\n|switch|p1a: Wilfredo|Absol-Mega, F|98\/100\n|\n|-damage|p2a: Oya Lele|79\/100 tox|[from] psn\n|upkeep\n|turn|70\n|\n|t:|1642016385\n|switch|p1a: Winfred|Scizor, F|100\/100\n|move|p2a: Oya Lele|Moonblast|p1a: Winfred\n|-resisted|p1a: Winfred\n|-damage|p1a: Winfred|80\/100\n|\n|-heal|p1a: Winfred|86\/100|[from] item: Leftovers\n|-damage|p2a: Oya Lele|67\/100 tox|[from] psn\n|upkeep\n|turn|71\n|\n|t:|1642016398\n|switch|p2a: Alsof je in vuur|Typhlosion, M|81\/100 slp\n|move|p1a: Winfred|Knock Off|p2a: Alsof je in vuur\n|-damage|p2a: Alsof je in vuur|58\/100 slp\n|\n|-heal|p1a: Winfred|92\/100|[from] item: Leftovers\n|upkeep\n|turn|72\n|\n|t:|1642016412\n|cant|p2a: Alsof je in vuur|slp\n|move|p2a: Alsof je in vuur|Sleep Talk|p2a: Alsof je in vuur\n|move|p2a: Alsof je in vuur|Rest||[from]move: Sleep Talk|[still]\n|-fail|p2a: Alsof je in vuur\n|move|p1a: Winfred|Knock Off|p2a: Alsof je in vuur\n|-damage|p2a: Alsof je in vuur|37\/100 slp\n|\n|-heal|p1a: Winfred|98\/100|[from] item: Leftovers\n|upkeep\n|turn|73\n|\n|t:|1642016424\n|switch|p1a: Wilfredo|Absol-Mega, F|98\/100\n|cant|p2a: Alsof je in vuur|slp\n|move|p2a: Alsof je in vuur|Sleep Talk|p2a: Alsof je in vuur\n|move|p2a: Alsof je in vuur|Flamethrower|p1a: Wilfredo|[from]move: Sleep Talk\n|-damage|p1a: Wilfredo|29\/100\n|-status|p1a: Wilfredo|brn\n|\n|-damage|p1a: Wilfredo|23\/100 brn|[from] brn\n|-fieldend|move: Psychic Terrain\n|upkeep\n|turn|74\n|c|\u2606squid bird|NOOO\n|\n|t:|1642016436\n|switch|p2a: Zuckerberg|Silvally|94\/100 tox\n|move|p1a: Wilfredo|Throat Chop|p2a: Zuckerberg\n|-crit|p2a: Zuckerberg\n|-damage|p2a: Zuckerberg|61\/100 tox\n|-start|p2a: Zuckerberg|Throat Chop|[silent]\n|\n|-heal|p2a: Zuckerberg|68\/100 tox|[from] item: Leftovers\n|-damage|p2a: Zuckerberg|61\/100 tox|[from] psn\n|-damage|p1a: Wilfredo|17\/100 brn|[from] brn\n|upkeep\n|turn|75\n|c|\u2606DjezzeMwoan|finally\n|\n|t:|1642016450\n|move|p1a: Wilfredo|Throat Chop|p2a: Zuckerberg\n|-damage|p2a: Zuckerberg|39\/100 tox\n|move|p2a: Zuckerberg|Rest|p2a: Zuckerberg\n|-status|p2a: Zuckerberg|slp|[from] move: Rest\n|-heal|p2a: Zuckerberg|100\/100 slp|[silent]\n|\n|-damage|p1a: Wilfredo|11\/100 brn|[from] brn\n|-end|p2a: Zuckerberg|Throat Chop|[silent]\n|upkeep\n|turn|76\n|\n|t:|1642016458\n|move|p1a: Wilfredo|Swords Dance|p1a: Wilfredo\n|-boost|p1a: Wilfredo|atk|2\n|cant|p2a: Zuckerberg|slp\n|move|p2a: Zuckerberg|Sleep Talk|p2a: Zuckerberg\n|move|p2a: Zuckerberg|Ice Beam|p1a: Wilfredo|[from]move: Sleep Talk\n|-damage|p1a: Wilfredo|0 fnt\n|faint|p1a: Wilfredo\n|\n|upkeep\n|\n|t:|1642016489\n|switch|p1a: Josue|Rillaboom, M|100\/100\n|-fieldstart|move: Grassy Terrain|[from] ability: Grassy Surge|[of] p1a: Josue\n|turn|77\n|\n|t:|1642016499\n|cant|p2a: Zuckerberg|slp\n|move|p2a: Zuckerberg|Sleep Talk|p2a: Zuckerberg\n|move|p2a: Zuckerberg|Parting Shot|p1a: Josue|[from]move: Sleep Talk\n|-unboost|p1a: Josue|atk|1\n|-unboost|p1a: Josue|spa|1\n|\n|t:|1642016503\n|switch|p2a: Oya Lele|Tapu Lele|67\/100 tox|[from]move: Parting Shot\n|-fieldstart|move: Psychic Terrain|[from] ability: Psychic Surge|[of] p2a: Oya Lele\n|move|p1a: Josue|Knock Off|p2a: Oya Lele\n|-damage|p2a: Oya Lele|16\/100 tox\n|-enditem|p2a: Oya Lele|Choice Scarf|[from] move: Knock Off|[of] p1a: Josue\n|\n|-damage|p2a: Oya Lele|10\/100 tox|[from] psn\n|upkeep\n|turn|78\n|c|\u2606DjezzeMwoan|oof\n|\n|t:|1642016519\n|switch|p2a: Alsof je in vuur|Typhlosion, M|37\/100 slp\n|switch|p1a: Morton|Snorlax, F|55\/100 tox\n|\n|-damage|p1a: Morton|49\/100 tox|[from] psn\n|upkeep\n|turn|79\n|\n|t:|1642016543\n|-curestatus|p2a: Alsof je in vuur|slp|[msg]\n|move|p2a: Alsof je in vuur|Rest|p2a: Alsof je in vuur\n|-status|p2a: Alsof je in vuur|slp|[from] move: Rest\n|-heal|p2a: Alsof je in vuur|100\/100 slp|[silent]\n|move|p1a: Morton|Body Press|p2a: Alsof je in vuur\n|-damage|p2a: Alsof je in vuur|80\/100 slp\n|\n|-damage|p1a: Morton|37\/100 tox|[from] psn\n|upkeep\n|turn|80\n|\n|t:|1642016577\n|switch|p2a: Did you know|Vaporeon, M|78\/100 tox\n|switch|p1a: Kraig|Dragapult, F|100\/100\n|\n|-heal|p2a: Did you know|85\/100 tox|[from] item: Leftovers\n|-damage|p2a: Did you know|78\/100 tox|[from] psn\n|upkeep\n|turn|81\n|\n|t:|1642016591\n|switch|p2a: Zuckerberg|Silvally|100\/100 slp\n|move|p1a: Kraig|U-turn|p2a: Zuckerberg\n|-damage|p2a: Zuckerberg|84\/100 slp\n|\n|t:|1642016607\n|switch|p1a: Winfred|Scizor, F|98\/100|[from]move: U-turn\n|\n|-heal|p2a: Zuckerberg|90\/100 slp|[from] item: Leftovers\n|-heal|p1a: Winfred|100\/100|[from] item: Leftovers\n|-fieldend|move: Psychic Terrain\n|upkeep\n|turn|82\n|\n|t:|1642016617\n|-curestatus|p2a: Zuckerberg|slp|[msg]\n|move|p2a: Zuckerberg|Parting Shot|p1a: Winfred\n|-unboost|p1a: Winfred|atk|1\n|-unboost|p1a: Winfred|spa|1\n|\n|t:|1642016619\n|switch|p2a: Alsof je in vuur|Typhlosion, M|80\/100 slp|[from]move: Parting Shot\n|move|p1a: Winfred|Knock Off|p2a: Alsof je in vuur\n|-damage|p2a: Alsof je in vuur|65\/100 slp\n|\n|upkeep\n|turn|83\n|\n|t:|1642016629\n|switch|p1a: Morton|Snorlax, F|37\/100 tox\n|cant|p2a: Alsof je in vuur|slp\n|move|p2a: Alsof je in vuur|Sleep Talk|p2a: Alsof je in vuur\n|move|p2a: Alsof je in vuur|Rest||[from]move: Sleep Talk|[still]\n|-fail|p2a: Alsof je in vuur\n|\n|-damage|p1a: Morton|31\/100 tox|[from] psn\n|upkeep\n|turn|84\n|\n|t:|1642016646\n|switch|p2a: Did you know|Vaporeon, M|78\/100 tox\n|move|p1a: Morton|Rest|p1a: Morton\n|-status|p1a: Morton|slp|[from] move: Rest\n|-heal|p1a: Morton|100\/100 slp|[silent]\n|\n|-heal|p2a: Did you know|85\/100 tox|[from] item: Leftovers\n|-damage|p2a: Did you know|78\/100 tox|[from] psn\n|upkeep\n|turn|85\n|\n|t:|1642016661\n|switch|p1a: Josue|Rillaboom, M|100\/100\n|-fieldstart|move: Grassy Terrain|[from] ability: Grassy Surge|[of] p1a: Josue\n|move|p2a: Did you know|Wish|p2a: Did you know\n|\n|-heal|p2a: Did you know|85\/100 tox|[from] Grassy Terrain\n|-heal|p2a: Did you know|91\/100 tox|[from] item: Leftovers\n|-damage|p2a: Did you know|78\/100 tox|[from] psn\n|upkeep\n|turn|86\n|\n|t:|1642016670\n|switch|p2a: Alsof je in vuur|Typhlosion, M|65\/100 slp\n|move|p1a: Josue|Drain Punch|p2a: Alsof je in vuur\n|-damage|p2a: Alsof je in vuur|13\/100 slp\n|\n|-heal|p2a: Alsof je in vuur|77\/100 slp|[from] move: Wish|[wisher] Did you know\n|-heal|p2a: Alsof je in vuur|84\/100 slp|[from] Grassy Terrain\n|upkeep\n|turn|87\n|\n|t:|1642016680\n|cant|p2a: Alsof je in vuur|slp\n|move|p2a: Alsof je in vuur|Sleep Talk|p2a: Alsof je in vuur\n|move|p2a: Alsof je in vuur|Rest||[from]move: Sleep Talk|[still]\n|-fail|p2a: Alsof je in vuur\n|move|p1a: Josue|Drain Punch|p2a: Alsof je in vuur\n|-damage|p2a: Alsof je in vuur|36\/100 slp\n|\n|-heal|p2a: Alsof je in vuur|42\/100 slp|[from] Grassy Terrain\n|upkeep\n|turn|88\n|\n|t:|1642016689\n|-curestatus|p2a: Alsof je in vuur|slp|[msg]\n|move|p2a: Alsof je in vuur|Rest|p2a: Alsof je in vuur\n|-status|p2a: Alsof je in vuur|slp|[from] move: Rest\n|-heal|p2a: Alsof je in vuur|100\/100 slp|[silent]\n|move|p1a: Josue|Drain Punch|p2a: Alsof je in vuur\n|-damage|p2a: Alsof je in vuur|49\/100 slp\n|\n|-heal|p2a: Alsof je in vuur|55\/100 slp|[from] Grassy Terrain\n|upkeep\n|turn|89\n|\n|t:|1642016698\n|cant|p2a: Alsof je in vuur|slp\n|move|p2a: Alsof je in vuur|Sleep Talk|p2a: Alsof je in vuur\n|move|p2a: Alsof je in vuur|Flamethrower|p1a: Josue|[from]move: Sleep Talk\n|-supereffective|p1a: Josue\n|-damage|p1a: Josue|16\/100\n|move|p1a: Josue|Drain Punch|p2a: Alsof je in vuur\n|-damage|p2a: Alsof je in vuur|8\/100 slp\n|-heal|p1a: Josue|38\/100|[from] drain|[of] p2a: Alsof je in vuur\n|\n|-heal|p2a: Alsof je in vuur|14\/100 slp|[from] Grassy Terrain\n|-heal|p1a: Josue|45\/100|[from] Grassy Terrain\n|-fieldend|move: Grassy Terrain\n|upkeep\n|turn|90\n|\n|t:|1642016734\n|cant|p2a: Alsof je in vuur|slp\n|move|p2a: Alsof je in vuur|Sleep Talk|p2a: Alsof je in vuur\n|move|p2a: Alsof je in vuur|Toxic|p1a: Josue|[from]move: Sleep Talk\n|-status|p1a: Josue|tox\n|move|p1a: Josue|Drain Punch|p2a: Alsof je in vuur\n|-damage|p2a: Alsof je in vuur|0 fnt\n|-heal|p1a: Josue|51\/100 tox|[from] drain|[of] p2a: Alsof je in vuur\n|faint|p2a: Alsof je in vuur\n|\n|-damage|p1a: Josue|45\/100 tox|[from] psn\n|upkeep\n|\n|t:|1642016742\n|switch|p2a: Zuckerberg|Silvally|90\/100\n|turn|91\n|\n|t:|1642016763\n|switch|p1a: Winfred|Scizor, F|100\/100\n|move|p2a: Zuckerberg|Ice Beam|p1a: Winfred\n|-resisted|p1a: Winfred\n|-damage|p1a: Winfred|92\/100\n|\n|-heal|p2a: Zuckerberg|96\/100|[from] item: Leftovers\n|-heal|p1a: Winfred|98\/100|[from] item: Leftovers\n|upkeep\n|turn|92\n|\n|t:|1642016775\n|move|p2a: Zuckerberg|Parting Shot|p1a: Winfred\n|-unboost|p1a: Winfred|atk|1\n|-unboost|p1a: Winfred|spa|1\n|\n|t:|1642016778\n|switch|p2a: Oya Lele|Tapu Lele|10\/100 tox|[from]move: Parting Shot\n|-fieldstart|move: Psychic Terrain|[from] ability: Psychic Surge|[of] p2a: Oya Lele\n|move|p1a: Winfred|U-turn|p2a: Oya Lele\n|-crit|p2a: Oya Lele\n|-damage|p2a: Oya Lele|0 fnt\n|faint|p2a: Oya Lele\n|\n|t:|1642016787\n|switch|p1a: Kraig|Dragapult, F|100\/100|[from]move: U-turn\n|\n|upkeep\n|\n|t:|1642016791\n|switch|p2a: Zuckerberg|Silvally|96\/100\n|turn|93\n|\n|t:|1642016804\n|move|p1a: Kraig|Draco Meteor|p2a: Zuckerberg\n|-damage|p2a: Zuckerberg|31\/100\n|-unboost|p1a: Kraig|spa|2\n|move|p2a: Zuckerberg|Parting Shot|p1a: Kraig\n|-unboost|p1a: Kraig|atk|1\n|-unboost|p1a: Kraig|spa|1\n|\n|t:|1642016809\n|switch|p2a: Did you know|Vaporeon, M|78\/100 tox|[from]move: Parting Shot\n|\n|-heal|p2a: Did you know|85\/100 tox|[from] item: Leftovers\n|-damage|p2a: Did you know|78\/100 tox|[from] psn\n|upkeep\n|turn|94\n|\n|t:|1642016822\n|switch|p1a: Winfred|Scizor, F|98\/100\n|move|p2a: Did you know|Wish|p2a: Did you know\n|\n|-heal|p1a: Winfred|100\/100|[from] item: Leftovers\n|-heal|p2a: Did you know|85\/100 tox|[from] item: Leftovers\n|-damage|p2a: Did you know|72\/100 tox|[from] psn\n|upkeep\n|turn|95\n|c|\u2606DjezzeMwoan|ye im screwed\n|\n|t:|1642016830\n|switch|p2a: Zuckerberg|Silvally|31\/100\n|move|p1a: Winfred|Knock Off|p2a: Zuckerberg\n|-damage|p2a: Zuckerberg|7\/100\n|-enditem|p2a: Zuckerberg|Leftovers|[from] move: Knock Off|[of] p1a: Winfred\n|\n|-heal|p2a: Zuckerberg|65\/100|[from] move: Wish|[wisher] Did you know\n|upkeep\n|turn|96\n|\n|t:|1642016843\n|move|p2a: Zuckerberg|Parting Shot|p1a: Winfred\n|-unboost|p1a: Winfred|atk|1\n|-unboost|p1a: Winfred|spa|1\n|\n|t:|1642016846\n|switch|p2a: Did you know|Vaporeon, M|72\/100 tox|[from]move: Parting Shot\n|move|p1a: Winfred|U-turn|p2a: Did you know\n|-damage|p2a: Did you know|57\/100 tox\n|c|\u2606DjezzeMwoan|gg\n|\n|t:|1642016852\n|switch|p1a: Josue|Rillaboom, M|45\/100 tox|[from]move: U-turn\n|-fieldstart|move: Grassy Terrain|[from] ability: Grassy Surge|[of] p1a: Josue\n|\n|-heal|p1a: Josue|51\/100 tox|[from] Grassy Terrain\n|-heal|p2a: Did you know|63\/100 tox|[from] Grassy Terrain\n|-heal|p2a: Did you know|69\/100 tox|[from] item: Leftovers\n|-damage|p1a: Josue|45\/100 tox|[from] psn\n|-damage|p2a: Did you know|63\/100 tox|[from] psn\n|upkeep\n|turn|97\n|\n|t:|1642016865\n|switch|p2a: Zuckerberg|Silvally|65\/100\n|move|p1a: Josue|Grassy Glide|p2a: Zuckerberg\n|-damage|p2a: Zuckerberg|0 fnt\n|faint|p2a: Zuckerberg\n|\n|-heal|p1a: Josue|51\/100 tox|[from] Grassy Terrain\n|-damage|p1a: Josue|38\/100 tox|[from] psn\n|upkeep\n|\n|t:|1642016869\n|switch|p2a: Did you know|Vaporeon, M|63\/100 tox\n|turn|98\n|c|\u2606squid bird|gg\n|\n|t:|1642016875\n|move|p1a: Josue|Grassy Glide|p2a: Did you know\n|-supereffective|p2a: Did you know\n|-crit|p2a: Did you know\n|-damage|p2a: Did you know|0 fnt\n|faint|p2a: Did you know\n|\n|win|squid bird\n|c|\u2606DjezzeMwoan|i needed a kill on that scizor\n|c|\u2606DjezzeMwoan|dumb mon was in the way of my plans\n|c|\u2606squid bird|That was really tough\n|c| Ebastia12|gg\n|c|\u2606squid bird|Typhlosion was more of a threat than I thought it would be\n|c|\u2606DjezzeMwoan|lol\n","uploadtime":1642016913,"views":26,"p1id":"squidbird","p2id":"djezzemwoan","formatid":"gen8nationaldexdraft","rating":0,"private":0,"password":null}