{"id":"sports-gen8nationaldexdraft-582684","p1":"AsterJ","p2":"Washed Up Mence","format":"gen8nationaldexdraft","log":"|j|\u2606AsterJ\n|j|\u2606Washed Up Mence\n|t:|1643535745\n|gametype|singles\n|player|p1|AsterJ|asterj.png|\n|player|p2|Washed Up Mence|harlequin|\n|teamsize|p1|6\n|teamsize|p2|6\n|gen|8\n|tier|[Gen 8] National Dex Draft\n|rule|Sleep Clause Mod: Limit one foe put to sleep\n|rule|OHKO Clause: OHKO moves are banned\n|rule|Evasion Moves Clause: Evasion moves are banned\n|rule|Endless Battle Clause: Forcing endless battles is banned\n|rule|HP Percentage Mod: HP is shown in percentages\n|rule|Dynamax Clause: You cannot dynamax\n|clearpoke\n|poke|p1|Salamence, F|\n|poke|p1|Gallade, M|\n|poke|p1|Eelektross, F|\n|poke|p1|Tapu Fini|\n|poke|p1|Nidoqueen, F|\n|poke|p1|Ferrothorn, F|\n|poke|p2|Tornadus-Therian, M|\n|poke|p2|Garchomp, M|\n|poke|p2|Thundurus, M|\n|poke|p2|Sylveon, F|\n|poke|p2|Archeops, M|\n|poke|p2|Porygon2|\n|teampreview\n|html|<button name=\"send\" class=\"button\" value=\"\/timer ds\"><i class=\"fa fa-hourglass-start\"><\/i> DS Timer<\/button> <button name=\"send\" class=\"button\" value=\"\/timer smogon\"><i class=\"fa fa-hourglass-start\"><\/i> Smogon Timer<\/button>\n|c|\u2606AsterJ|hey bro\n|c|\u2606AsterJ|gl hf!\n|c|\u2606Washed Up Mence|u2!\n|\n|t:|1643535802\n|start\n|switch|p1a: Ferrothorn|Ferrothorn, F|100\/100\n|switch|p2a: Archeops|Archeops, M, shiny|100\/100\n|turn|1\n|\n|t:|1643535818\n|move|p2a: Archeops|Heat Wave|p1a: Ferrothorn\n|-supereffective|p1a: Ferrothorn\n|-enditem|p1a: Ferrothorn|Occa Berry|[eat]\n|-enditem|p1a: Ferrothorn|Occa Berry|[weaken]\n|-damage|p1a: Ferrothorn|62\/100\n|move|p1a: Ferrothorn|Thunder Wave|p2a: Archeops|[miss]\n|-miss|p1a: Ferrothorn|p2a: Archeops\n|\n|upkeep\n|turn|2\n|\n|t:|1643535841\n|switch|p1a: Eelektross|Eelektross, F|100\/100\n|move|p2a: Archeops|Heat Wave|p1a: Eelektross\n|-damage|p1a: Eelektross|76\/100\n|\n|-heal|p1a: Eelektross|82\/100|[from] item: Leftovers\n|upkeep\n|turn|3\n|\n|t:|1643535901\n|switch|p2a: Garchomp|Garchomp, M, shiny|100\/100\n|move|p1a: Eelektross|Thunder Punch|p2a: Garchomp\n|-immune|p2a: Garchomp\n|\n|-heal|p1a: Eelektross|88\/100|[from] item: Leftovers\n|upkeep\n|turn|4\n|\n|t:|1643535944\n|switch|p2a: Tornadus|Tornadus-Therian, M, shiny|100\/100\n|switch|p1a: Tapu Fini|Tapu Fini|100\/100\n|-fieldstart|move: Misty Terrain|[from] ability: Misty Surge|[of] p1a: Tapu Fini\n|-item|p1a: Tapu Fini|Air Balloon\n|\n|upkeep\n|turn|5\n|\n|t:|1643535956\n|switch|p1a: Nidoqueen|Nidoqueen, F|100\/100\n|move|p2a: Tornadus|Knock Off|p1a: Nidoqueen\n|-damage|p1a: Nidoqueen|82\/100\n|-enditem|p1a: Nidoqueen|Black Sludge|[from] move: Knock Off|[of] p2a: Tornadus\n|\n|upkeep\n|turn|6\n|j| 12345DD\n|\n|t:|1643535992\n|move|p2a: Tornadus|Hurricane|p1a: Nidoqueen\n|-damage|p1a: Nidoqueen|38\/100\n|move|p1a: Nidoqueen|Stealth Rock|p2a: Tornadus\n|-sidestart|p2: Washed Up Mence|move: Stealth Rock\n|\n|upkeep\n|turn|7\n|\n|t:|1643536009\n|move|p2a: Tornadus|U-turn|p1a: Nidoqueen\n|-resisted|p1a: Nidoqueen\n|-damage|p1a: Nidoqueen|30\/100\n|\n|t:|1643536013\n|switch|p2a: Porygon2|Porygon2|100\/100|[from]move: U-turn\n|-damage|p2a: Porygon2|88\/100|[from] Stealth Rock\n|move|p1a: Nidoqueen|Ice Beam|p2a: Porygon2\n|-crit|p2a: Porygon2\n|-damage|p2a: Porygon2|69\/100\n|\n|upkeep\n|turn|8\n|\n|t:|1643536033\n|switch|p1a: Gallade|Gallade, M|100\/100\n|move|p2a: Porygon2|Recover|p2a: Porygon2\n|-heal|p2a: Porygon2|100\/100\n|\n|-fieldend|Misty Terrain\n|upkeep\n|turn|9\n|\n|t:|1643536043\n|detailschange|p1a: Gallade|Gallade-Mega, M\n|-mega|p1a: Gallade|Gallade|Galladite\n|move|p1a: Gallade|Zen Headbutt|p2a: Porygon2\n|-damage|p2a: Porygon2|71\/100\n|move|p2a: Porygon2|Foul Play|p1a: Gallade\n|-damage|p1a: Gallade|49\/100\n|\n|upkeep\n|turn|10\n|\n|t:|1643536085\n|switch|p2a: Sylveon|Sylveon, F|100\/100\n|-damage|p2a: Sylveon|88\/100|[from] Stealth Rock\n|move|p1a: Gallade|Close Combat|p2a: Sylveon\n|-resisted|p2a: Sylveon\n|-damage|p2a: Sylveon|61\/100\n|-unboost|p1a: Gallade|def|1\n|-unboost|p1a: Gallade|spd|1\n|-damage|p1a: Gallade|33\/100|[from] item: Rocky Helmet|[of] p2a: Sylveon\n|\n|upkeep\n|turn|11\n|\n|t:|1643536101\n|switch|p1a: Nidoqueen|Nidoqueen, F|30\/100\n|move|p2a: Sylveon|Wish|p2a: Sylveon\n|\n|upkeep\n|turn|12\n|\n|t:|1643536115\n|switch|p1a: Ferrothorn|Ferrothorn, F|62\/100\n|move|p2a: Sylveon|Protect||[still]\n|-fail|p2a: Sylveon\n|\n|-heal|p2a: Sylveon|100\/100|[from] move: Wish|[wisher] Sylveon\n|upkeep\n|turn|13\n|\n|t:|1643536138\n|move|p2a: Sylveon|Mystical Fire|p1a: Ferrothorn\n|-supereffective|p1a: Ferrothorn\n|-damage|p1a: Ferrothorn|7\/100\n|-unboost|p1a: Ferrothorn|spa|1\n|move|p1a: Ferrothorn|Knock Off|p2a: Sylveon\n|-resisted|p2a: Sylveon\n|-damage|p2a: Sylveon|91\/100\n|-damage|p1a: Ferrothorn|0 fnt|[from] item: Rocky Helmet|[of] p2a: Sylveon\n|faint|p1a: Ferrothorn\n|\n|upkeep\n|\n|t:|1643536147\n|switch|p1a: Eelektross|Eelektross, F|88\/100\n|turn|14\n|\n|t:|1643536156\n|switch|p1a: Nidoqueen|Nidoqueen, F|30\/100\n|move|p2a: Sylveon|Hyper Voice|p1a: Nidoqueen\n|-resisted|p1a: Nidoqueen\n|-damage|p1a: Nidoqueen|9\/100\n|\n|upkeep\n|turn|15\n|\n|t:|1643536168\n|switch|p2a: Porygon2|Porygon2|71\/100\n|-damage|p2a: Porygon2|58\/100|[from] Stealth Rock\n|move|p1a: Nidoqueen|Earth Power|p2a: Porygon2\n|-damage|p2a: Porygon2|38\/100\n|\n|upkeep\n|turn|16\n|\n|t:|1643536182\n|switch|p1a: Gallade|Gallade-Mega, M|33\/100\n|move|p2a: Porygon2|Recover|p2a: Porygon2\n|-heal|p2a: Porygon2|88\/100\n|\n|upkeep\n|turn|17\n|\n|t:|1643536258\n|move|p1a: Gallade|Close Combat|p2a: Porygon2\n|-supereffective|p2a: Porygon2\n|-damage|p2a: Porygon2|0 fnt\n|-unboost|p1a: Gallade|def|1\n|-unboost|p1a: Gallade|spd|1\n|faint|p2a: Porygon2\n|\n|upkeep\n|j| GalacticGod420\n|\n|t:|1643536328\n|switch|p2a: Thundurus|Thundurus, M, shiny|100\/100\n|turn|18\n|\n|t:|1643536346\n|move|p2a: Thundurus|Psychic|p1a: Gallade\n|-crit|p1a: Gallade\n|-damage|p1a: Gallade|0 fnt\n|faint|p1a: Gallade\n|\n|upkeep\n|\n|t:|1643536360\n|switch|p1a: Salamence|Salamence, F|100\/100\n|-ability|p1a: Salamence|Intimidate|boost\n|-unboost|p2a: Thundurus|atk|1\n|turn|19\n|\n|t:|1643536436\n|move|p2a: Thundurus|Thunderbolt|p1a: Salamence\n|-damage|p1a: Salamence|60\/100\n|move|p1a: Salamence|Draco Meteor|p2a: Thundurus\n|-damage|p2a: Thundurus|42\/100\n|-unboost|p1a: Salamence|spa|2\n|\n|upkeep\n|turn|20\n|\n|t:|1643536526\n|move|p2a: Thundurus|Nasty Plot|p2a: Thundurus\n|-boost|p2a: Thundurus|spa|2\n|move|p1a: Salamence|Draco Meteor|p2a: Thundurus\n|-damage|p2a: Thundurus|12\/100\n|-unboost|p1a: Salamence|spa|2\n|\n|upkeep\n|turn|21\n|\n|t:|1643536539\n|switch|p1a: Nidoqueen|Nidoqueen, F|9\/100\n|move|p2a: Thundurus|Thunderbolt|p1a: Nidoqueen\n|-immune|p1a: Nidoqueen\n|\n|upkeep\n|turn|22\n|\n|t:|1643536545\n|move|p2a: Thundurus|Psychic|p1a: Nidoqueen\n|-supereffective|p1a: Nidoqueen\n|-damage|p1a: Nidoqueen|0 fnt\n|faint|p1a: Nidoqueen\n|\n|upkeep\n|\n|t:|1643536549\n|switch|p1a: Eelektross|Eelektross, F|88\/100\n|turn|23\n|\n|t:|1643536591\n|switch|p2a: Sylveon|Sylveon, F|91\/100\n|-damage|p2a: Sylveon|79\/100|[from] Stealth Rock\n|move|p1a: Eelektross|Thunder Punch|p2a: Sylveon\n|-damage|p2a: Sylveon|52\/100\n|-damage|p1a: Eelektross|72\/100|[from] item: Rocky Helmet|[of] p2a: Sylveon\n|\n|-heal|p1a: Eelektross|78\/100|[from] item: Leftovers\n|upkeep\n|turn|24\n|\n|t:|1643536603\n|switch|p1a: Tapu Fini|Tapu Fini|100\/100\n|-fieldstart|move: Misty Terrain|[from] ability: Misty Surge|[of] p1a: Tapu Fini\n|-item|p1a: Tapu Fini|Air Balloon\n|move|p2a: Sylveon|Wish|p2a: Sylveon\n|\n|upkeep\n|turn|25\n|\n|t:|1643536618\n|move|p1a: Tapu Fini|Moonblast|p2a: Sylveon\n|-damage|p2a: Sylveon|28\/100\n|move|p2a: Sylveon|Hyper Voice|p1a: Tapu Fini\n|-damage|p1a: Tapu Fini|69\/100\n|-enditem|p1a: Tapu Fini|Air Balloon\n|\n|-heal|p2a: Sylveon|78\/100|[from] move: Wish|[wisher] Sylveon\n|upkeep\n|turn|26\n|\n|t:|1643536630\n|move|p1a: Tapu Fini|Taunt|p2a: Sylveon\n|-start|p2a: Sylveon|move: Taunt\n|cant|p2a: Sylveon|move: Taunt|Wish\n|\n|upkeep\n|turn|27\n|\n|t:|1643536662\n|switch|p2a: Tornadus|Tornadus-Therian, M, shiny|100\/100\n|move|p1a: Tapu Fini|Nature's Madness|p2a: Tornadus\n|-damage|p2a: Tornadus|51\/100\n|\n|upkeep\n|turn|28\n|\n|t:|1643536672\n|move|p2a: Tornadus|Hurricane|p1a: Tapu Fini\n|-damage|p1a: Tapu Fini|34\/100\n|move|p1a: Tapu Fini|Moonblast|p2a: Tornadus\n|-damage|p2a: Tornadus|20\/100\n|\n|-fieldend|Misty Terrain\n|upkeep\n|turn|29\n|\n|t:|1643536688\n|move|p2a: Tornadus|Hurricane|p1a: Tapu Fini|[miss]\n|-miss|p2a: Tornadus|p1a: Tapu Fini\n|move|p1a: Tapu Fini|Moonblast|p2a: Tornadus\n|-damage|p2a: Tornadus|0 fnt\n|faint|p2a: Tornadus\n|\n|upkeep\n|\n|t:|1643536766\n|switch|p2a: Archeops|Archeops, M, shiny|100\/100\n|-damage|p2a: Archeops|76\/100|[from] Stealth Rock\n|turn|30\n|\n|t:|1643536778\n|move|p2a: Archeops|Head Smash|p1a: Tapu Fini\n|-damage|p1a: Tapu Fini|0 fnt\n|faint|p1a: Tapu Fini\n|-damage|p2a: Archeops|56\/100|[from] Recoil\n|\n|upkeep\n|\n|t:|1643536784\n|switch|p1a: Salamence|Salamence, F|60\/100\n|-ability|p1a: Salamence|Intimidate|boost\n|-unboost|p2a: Archeops|atk|1\n|turn|31\n|\n|t:|1643536798\n|move|p2a: Archeops|Head Smash|p1a: Salamence\n|-supereffective|p1a: Salamence\n|-damage|p1a: Salamence|0 fnt\n|-damage|p2a: Archeops|40\/100|[from] item: Rocky Helmet|[of] p1a: Salamence\n|faint|p1a: Salamence\n|-damage|p2a: Archeops|0 fnt|[from] Recoil\n|faint|p2a: Archeops\n|\n|upkeep\n|\n|t:|1643536819\n|switch|p2a: Garchomp|Garchomp, M, shiny|100\/100\n|switch|p1a: Eelektross|Eelektross, F|78\/100\n|-damage|p2a: Garchomp|94\/100|[from] Stealth Rock\n|turn|32\n|\n|t:|1643536878\n|detailschange|p2a: Garchomp|Garchomp-Mega, M, shiny\n|-mega|p2a: Garchomp|Garchomp|Garchompite\n|move|p2a: Garchomp|Scale Shot|p1a: Eelektross\n|-damage|p1a: Eelektross|61\/100\n|-damage|p1a: Eelektross|42\/100\n|-damage|p1a: Eelektross|23\/100\n|-damage|p1a: Eelektross|6\/100\n|-damage|p1a: Eelektross|0 fnt\n|faint|p1a: Eelektross\n|-hitcount|p1: Eelektross|5\n|\n|win|Washed Up Mence\n|c|\u2606Washed Up Mence|gg \n|c|\u2606AsterJ|icing on the cake\n|c|\u2606AsterJ|gg\n|l| 12345DD\n|l| GalacticGod420\n|c|\u2606AsterJ|that twave miss fucked my entire game plan\n|c|\u2606Washed Up Mence|yeah I can imagine\n|c|\u2606Washed Up Mence|that sucked for real\n|c|\u2606AsterJ|what was ur item ssash?\n|c|\u2606Washed Up Mence|nah CB adamant\n|c|\u2606Washed Up Mence|so i could 1 shot eel or nidoqueen lead\n|c|\u2606AsterJ|ah nice\n|c|\u2606AsterJ|nice helmet bring on sylveon\n|c|\u2606Washed Up Mence|ty, gallade fucked my entire draft hahaha\n|c|\u2606AsterJ|bisharp woulda been nice here but i was sure mel or shaymin was coming or arch or thundy\n|c|\u2606Washed Up Mence|yea bisharp was my biggest concern\n|c|\u2606AsterJ|over*\n|c|\u2606AsterJ|well great prep my dude i can't even complain about the hax\n|c|\u2606AsterJ|out prepped and out played\n|c|\u2606AsterJ|very well done\n|c|\u2606Washed Up Mence|ty man was a pleasure playnig you again, althought we'll never have a haxeless match\n|c|\u2606AsterJ|apparently not XD\n|c|\u2606AsterJ|all good tho\n|c|\u2606AsterJ|gg again and have a safe flight man\n|c|\u2606Washed Up Mence|thanks bro\n","uploadtime":1643536895,"views":58,"p1id":"asterj","p2id":"washedupmence","formatid":"gen8nationaldexdraft","rating":0,"private":0,"password":null}