{"id":"sports-gen8nationaldexdraft-716606","p1":"Elon Musk Rusk","p2":"12Draft","format":"gen8nationaldexdraft","log":"|j|\u2606Elon Musk Rusk\n|j|\u260612Draft\n|t:|1661679329\n|gametype|singles\n|player|p1|Elon Musk Rusk|266|\n|player|p2|12Draft|169|\n|teamsize|p1|6\n|teamsize|p2|6\n|gen|8\n|tier|[Gen 8] National Dex Draft\n|rule|Sleep Clause Mod: Limit one foe put to sleep\n|rule|OHKO Clause: OHKO moves are banned\n|rule|Evasion Moves Clause: Evasion moves are banned\n|rule|Endless Battle Clause: Forcing endless battles is banned\n|rule|HP Percentage Mod: HP is shown in percentages\n|rule|Dynamax Clause: You cannot dynamax\n|clearpoke\n|poke|p1|Yanmega, F|\n|poke|p1|Aromatisse, M|\n|poke|p1|Heliolisk, F|\n|poke|p1|Mr. Rime, M|\n|poke|p1|Sharpedo, M|\n|poke|p1|Rhyperior, M|\n|poke|p2|Pangoro, F|\n|poke|p2|Minior-Indigo|\n|poke|p2|Venusaur, F|\n|poke|p2|Forretress, M|\n|poke|p2|Machamp, F|\n|poke|p2|Sigilyph, M|\n|teampreview\n|html|<button name=\"send\" class=\"button\" value=\"\/timer ds\"><i class=\"fa fa-hourglass-start\"><\/i> DS Timer<\/button> <button name=\"send\" class=\"button\" value=\"\/timer smogon\"><i class=\"fa fa-hourglass-start\"><\/i> Smogon Timer<\/button>\n|c|\u260612Draft|glgl\n|\n|t:|1661679390\n|start\n|switch|p1a: Heliolisk|Heliolisk, F|100\/100\n|switch|p2a: Forretress|Forretress, M|100\/100\n|turn|1\n|\n|t:|1661679407\n|move|p2a: Forretress|Protect|p2a: Forretress\n|-singleturn|p2a: Forretress|Protect\n|move|p1a: Heliolisk|Thunderbolt|p2a: Forretress\n|-activate|p2a: Forretress|move: Protect\n|\n|upkeep\n|turn|2\n|\n|t:|1661679435\n|move|p1a: Heliolisk|Glare|p2a: Forretress\n|-status|p2a: Forretress|par\n|move|p2a: Forretress|Stealth Rock|p1a: Heliolisk\n|-sidestart|p1: Elon Musk Rusk|move: Stealth Rock\n|\n|upkeep\n|turn|3\n|\n|t:|1661679471\n|move|p1a: Heliolisk|Thunderbolt|p2a: Forretress\n|-damage|p2a: Forretress|41\/100 par\n|move|p2a: Forretress|Toxic Spikes|p1a: Heliolisk\n|-sidestart|p1: Elon Musk Rusk|move: Toxic Spikes\n|\n|-heal|p2a: Forretress|47\/100 par|[from] item: Leftovers\n|upkeep\n|turn|4\n|\n|t:|1661679481\n|move|p2a: Forretress|Protect|p2a: Forretress\n|-singleturn|p2a: Forretress|Protect\n|move|p1a: Heliolisk|U-turn|p2a: Forretress\n|-activate|p2a: Forretress|move: Protect\n|\n|-heal|p2a: Forretress|54\/100 par|[from] item: Leftovers\n|upkeep\n|turn|5\n|\n|t:|1661679506\n|switch|p2a: Pangoro|Pangoro, F|100\/100\n|move|p1a: Heliolisk|U-turn|p2a: Pangoro\n|-damage|p2a: Pangoro|90\/100\n|\n|t:|1661679513\n|switch|p1a: Yanmega|Yanmega, F|100\/100|[from]move: U-turn\n|\n|upkeep\n|turn|6\n|\n|t:|1661679548\n|move|p1a: Yanmega|Air Slash|p2a: Pangoro\n|-supereffective|p2a: Pangoro\n|-damage|p2a: Pangoro|29\/100\n|cant|p2a: Pangoro|flinch\n|\n|upkeep\n|turn|7\n|c|\u2606Elon Musk Rusk|mb\n|\n|t:|1661679583\n|move|p2a: Pangoro|Bullet Punch|p1a: Yanmega\n|-damage|p1a: Yanmega|78\/100\n|move|p1a: Yanmega|Bug Buzz|p2a: Pangoro\n|-damage|p2a: Pangoro|0 fnt\n|faint|p2a: Pangoro\n|\n|upkeep\n|\n|t:|1661679610\n|switch|p2a: Machamp|Machamp, F|100\/100\n|turn|8\n|\n|t:|1661679618\n|move|p1a: Yanmega|Air Slash|p2a: Machamp\n|-supereffective|p2a: Machamp\n|-damage|p2a: Machamp|25\/100\n|move|p2a: Machamp|Fire Punch|p1a: Yanmega\n|-supereffective|p1a: Yanmega\n|-damage|p1a: Yanmega|1\/100\n|\n|-status|p2a: Machamp|brn|[from] item: Flame Orb\n|upkeep\n|turn|9\n|\n|t:|1661679630\n|switch|p1a: Heliolisk|Heliolisk, F|100\/100\n|move|p2a: Machamp|Bullet Punch|p1a: Heliolisk\n|-resisted|p1a: Heliolisk\n|-damage|p1a: Heliolisk|78\/100\n|\n|-damage|p2a: Machamp|19\/100 brn|[from] brn\n|upkeep\n|turn|10\n|\n|t:|1661679654\n|switch|p2a: Venusaur|Venusaur, F|100\/100\n|move|p1a: Heliolisk|Hyper Voice|p2a: Venusaur\n|-damage|p2a: Venusaur|70\/100\n|\n|-heal|p2a: Venusaur|76\/100|[from] item: Leftovers\n|upkeep\n|turn|11\n|\n|t:|1661679700\n|move|p1a: Heliolisk|U-turn|p2a: Venusaur\n|-damage|p2a: Venusaur|66\/100\n|\n|t:|1661679703\n|switch|p1a: Mr. Rime|Mr. Rime, M|100\/100|[from]move: U-turn\n|move|p2a: Venusaur|Leech Seed|p1a: Mr. Rime\n|-start|p1a: Mr. Rime|move: Leech Seed\n|\n|-heal|p2a: Venusaur|72\/100|[from] item: Leftovers\n|-damage|p1a: Mr. Rime|88\/100|[from] Leech Seed|[of] p2a: Venusaur\n|-heal|p2a: Venusaur|84\/100|[silent]\n|upkeep\n|turn|12\n|\n|t:|1661679758\n|switch|p2a: Forretress|Forretress, M|54\/100 par\n|move|p1a: Mr. Rime|Rapid Spin|p2a: Forretress\n|-resisted|p2a: Forretress\n|-damage|p2a: Forretress|51\/100 par\n|-boost|p1a: Mr. Rime|spe|1\n|-end|p1a: Mr. Rime|Leech Seed|[from] move: Rapid Spin|[of] p1a: Mr. Rime\n|-sideend|p1: Elon Musk Rusk|Toxic Spikes|[from] move: Rapid Spin|[of] p1a: Mr. Rime\n|-sideend|p1: Elon Musk Rusk|Stealth Rock|[from] move: Rapid Spin|[of] p1a: Mr. Rime\n|\n|-heal|p2a: Forretress|57\/100 par|[from] item: Leftovers\n|upkeep\n|turn|13\n|\n|t:|1661679770\n|switch|p1a: Yanmega|Yanmega, F|1\/100\n|move|p2a: Forretress|Volt Switch|p1a: Yanmega\n|-supereffective|p1a: Yanmega\n|-damage|p1a: Yanmega|0 fnt\n|faint|p1a: Yanmega\n|\n|t:|1661679809\n|switch|p2a: Sigilyph|Sigilyph, M|100\/100|[from]move: Volt Switch\n|\n|upkeep\n|\n|t:|1661679812\n|switch|p1a: Heliolisk|Heliolisk, F|78\/100\n|turn|14\n|\n|t:|1661679833\n|switch|p2a: Venusaur|Venusaur, F|84\/100\n|move|p1a: Heliolisk|Glare|p2a: Venusaur\n|-status|p2a: Venusaur|par\n|\n|-heal|p2a: Venusaur|90\/100 par|[from] item: Leftovers\n|upkeep\n|turn|15\n|\n|t:|1661679841\n|move|p1a: Heliolisk|U-turn|p2a: Venusaur\n|-damage|p2a: Venusaur|81\/100 par\n|\n|t:|1661679845\n|switch|p1a: Mr. Rime|Mr. Rime, M|88\/100|[from]move: U-turn\n|cant|p2a: Venusaur|par\n|\n|-heal|p2a: Venusaur|87\/100 par|[from] item: Leftovers\n|upkeep\n|turn|16\n|\n|t:|1661679853\n|switch|p1a: Rhyperior|Rhyperior, M|100\/100\n|switch|p2a: Forretress|Forretress, M|57\/100 par\n|\n|-heal|p2a: Forretress|63\/100 par|[from] item: Leftovers\n|upkeep\n|turn|17\n|\n|t:|1661679862\n|cant|p2a: Forretress|par\n|move|p1a: Rhyperior|Flamethrower|p2a: Forretress\n|-supereffective|p2a: Forretress\n|-damage|p2a: Forretress|0 fnt\n|faint|p2a: Forretress\n|\n|upkeep\n|\n|t:|1661679880\n|switch|p2a: Machamp|Machamp, F|19\/100 brn\n|turn|18\n|\n|t:|1661679884\n|switch|p1a: Aromatisse|Aromatisse, M|100\/100\n|move|p2a: Machamp|Close Combat|p1a: Aromatisse\n|-resisted|p1a: Aromatisse\n|-damage|p1a: Aromatisse|60\/100\n|-unboost|p2a: Machamp|def|1\n|-unboost|p2a: Machamp|spd|1\n|\n|-damage|p2a: Machamp|12\/100 brn|[from] brn\n|upkeep\n|turn|19\n|\n|t:|1661679905\n|move|p1a: Aromatisse|Protect|p1a: Aromatisse\n|-singleturn|p1a: Aromatisse|Protect\n|move|p2a: Machamp|Bullet Punch|p1a: Aromatisse\n|-activate|p1a: Aromatisse|move: Protect\n|\n|-damage|p2a: Machamp|6\/100 brn|[from] brn\n|upkeep\n|turn|20\n|\n|t:|1661679912\n|move|p2a: Machamp|Bullet Punch|p1a: Aromatisse\n|-supereffective|p1a: Aromatisse\n|-damage|p1a: Aromatisse|28\/100\n|move|p1a: Aromatisse|Wish|p1a: Aromatisse\n|\n|-damage|p2a: Machamp|0 fnt|[from] brn\n|faint|p2a: Machamp\n|upkeep\n|\n|t:|1661679924\n|switch|p2a: Sigilyph|Sigilyph, M|100\/100\n|turn|21\n|\n|t:|1661679951\n|move|p1a: Aromatisse|Protect|p1a: Aromatisse\n|-singleturn|p1a: Aromatisse|Protect\n|move|p2a: Sigilyph|Energy Ball|p1a: Aromatisse\n|-activate|p1a: Aromatisse|move: Protect\n|\n|-heal|p1a: Aromatisse|78\/100|[from] move: Wish|[wisher] Aromatisse\n|upkeep\n|turn|22\n|\n|t:|1661679964\n|move|p2a: Sigilyph|Energy Ball|p1a: Aromatisse\n|-damage|p1a: Aromatisse|43\/100\n|move|p1a: Aromatisse|Moonblast|p2a: Sigilyph\n|-damage|p2a: Sigilyph|56\/100\n|\n|upkeep\n|turn|23\n|\n|t:|1661679972\n|move|p2a: Sigilyph|Energy Ball|p1a: Aromatisse\n|-damage|p1a: Aromatisse|8\/100\n|move|p1a: Aromatisse|Wish|p1a: Aromatisse\n|\n|upkeep\n|turn|24\n|\n|t:|1661679982\n|switch|p2a: Venusaur|Venusaur, F|87\/100 par\n|move|p1a: Aromatisse|Protect||[still]\n|-fail|p1a: Aromatisse\n|\n|-heal|p1a: Aromatisse|58\/100|[from] move: Wish|[wisher] Aromatisse\n|-heal|p2a: Venusaur|93\/100 par|[from] item: Leftovers\n|upkeep\n|turn|25\n|\n|t:|1661679991\n|switch|p1a: Mr. Rime|Mr. Rime, M|88\/100\n|cant|p2a: Venusaur|par\n|\n|-heal|p2a: Venusaur|99\/100 par|[from] item: Leftovers\n|upkeep\n|turn|26\n|\n|t:|1661680001\n|move|p1a: Mr. Rime|Freeze-Dry|p2a: Venusaur\n|-supereffective|p2a: Venusaur\n|-damage|p2a: Venusaur|57\/100 par\n|move|p2a: Venusaur|Earth Power|p1a: Mr. Rime\n|-damage|p1a: Mr. Rime|68\/100\n|\n|-heal|p2a: Venusaur|63\/100 par|[from] item: Leftovers\n|upkeep\n|turn|27\n|\n|t:|1661680009\n|move|p1a: Mr. Rime|Freeze-Dry|p2a: Venusaur\n|-supereffective|p2a: Venusaur\n|-damage|p2a: Venusaur|25\/100 par\n|move|p2a: Venusaur|Leech Seed|p1a: Mr. Rime\n|-start|p1a: Mr. Rime|move: Leech Seed\n|\n|-heal|p2a: Venusaur|31\/100 par|[from] item: Leftovers\n|-damage|p1a: Mr. Rime|56\/100|[from] Leech Seed|[of] p2a: Venusaur\n|-heal|p2a: Venusaur|43\/100 par|[silent]\n|upkeep\n|turn|28\n|\n|t:|1661680018\n|move|p1a: Mr. Rime|Psychic|p2a: Venusaur\n|-supereffective|p2a: Venusaur\n|-crit|p2a: Venusaur\n|-damage|p2a: Venusaur|0 fnt\n|faint|p2a: Venusaur\n|\n|upkeep\n|\n|t:|1661680032\n|switch|p2a: Minior|Minior-Indigo|100\/100\n|-formechange|p2a: Minior|Minior-Meteor||[from] ability: Shields Down\n|turn|29\n|\n|t:|1661680039\n|switch|p1a: Rhyperior|Rhyperior, M|100\/100\n|move|p2a: Minior|Shell Smash|p2a: Minior\n|-unboost|p2a: Minior|def|1\n|-unboost|p2a: Minior|spd|1\n|-boost|p2a: Minior|atk|2\n|-boost|p2a: Minior|spa|2\n|-boost|p2a: Minior|spe|2\n|\n|upkeep\n|turn|30\n|\n|t:|1661680097\n|move|p2a: Minior|Shell Smash|p2a: Minior\n|-unboost|p2a: Minior|def|1\n|-unboost|p2a: Minior|spd|1\n|-boost|p2a: Minior|atk|2\n|-boost|p2a: Minior|spa|2\n|-boost|p2a: Minior|spe|2\n|move|p1a: Rhyperior|Rock Blast|p2a: Minior\n|-supereffective|p2a: Minior\n|-damage|p2a: Minior|32\/100\n|-supereffective|p2a: Minior\n|-damage|p2a: Minior|0 fnt\n|faint|p2a: Minior\n|-hitcount|p2: Minior|2\n|\n|upkeep\n|c|\u260612Draft|oh\n|c|\u260612Draft|:<\n|\n|t:|1661680114\n|switch|p2a: Sigilyph|Sigilyph, M|56\/100\n|turn|31\n|c|\u260612Draft|wpwp\n|c|\u2606Elon Musk Rusk|exactly what I prepped for\n|\n|t:|1661680143\n|switch|p1a: Heliolisk|Heliolisk, F|78\/100\n|move|p2a: Sigilyph|Energy Ball|p1a: Heliolisk\n|-damage|p1a: Heliolisk|25\/100\n|\n|upkeep\n|turn|32\n|\n|t:|1661680150\n|move|p1a: Heliolisk|Thunderbolt|p2a: Sigilyph\n|-supereffective|p2a: Sigilyph\n|-damage|p2a: Sigilyph|0 fnt\n|faint|p2a: Sigilyph\n|\n|win|Elon Musk Rusk\n|j| PorygonTheBot\n|c| PorygonTheBot|Porygon has digitized into the match... booting up... successfully calibrating stats!\n","uploadtime":1661680185,"views":9,"p1id":"elonmuskrusk","p2id":"12draft","formatid":"gen8nationaldexdraft","rating":0,"private":0,"password":null}