{"id":"sports-gen8nationaldexdraft-726101","p1":"Elon Musk Rusk","p2":"Rymith","format":"gen8nationaldexdraft","log":"|j|\u2606Elon Musk Rusk\n|j|\u2606Rymith\n|t:|1663093516\n|gametype|singles\n|player|p1|Elon Musk Rusk|1|\n|player|p2|Rymith|2|\n|teamsize|p1|6\n|teamsize|p2|6\n|gen|8\n|tier|[Gen 8] National Dex Draft\n|rule|Sleep Clause Mod: Limit one foe put to sleep\n|rule|OHKO Clause: OHKO moves are banned\n|rule|Evasion Moves Clause: Evasion moves are banned\n|rule|Endless Battle Clause: Forcing endless battles is banned\n|rule|HP Percentage Mod: HP is shown in percentages\n|rule|Dynamax Clause: You cannot dynamax\n|clearpoke\n|poke|p1|Rhyperior, M|\n|poke|p1|Heliolisk, M|\n|poke|p1|Appletun, M|\n|poke|p1|Aromatisse, M|\n|poke|p1|Sharpedo, F|\n|poke|p1|Wartortle, F|\n|poke|p2|Jellicent, F|\n|poke|p2|Camerupt, F|\n|poke|p2|Hitmontop, M|\n|poke|p2|Virizion|\n|poke|p2|Archeops, M|\n|poke|p2|Perrserker, M|\n|teampreview\n|html|<button name=\"send\" class=\"button\" value=\"\/timer ds\"><i class=\"fa fa-hourglass-start\"><\/i> DS Timer<\/button> <button name=\"send\" class=\"button\" value=\"\/timer smogon\"><i class=\"fa fa-hourglass-start\"><\/i> Smogon Timer<\/button>\n|c|\u2606Rymith|can you do the saving of the replay and share?  showdown and sports hasn't been working with my comp most of the time\n|\n|t:|1663093560\n|start\n|switch|p1a: Heliolisk|Heliolisk, M|100\/100\n|switch|p2a: Virizion|Virizion|100\/100\n|turn|1\n|\n|t:|1663093573\n|switch|p1a: Aromatisse|Aromatisse, M|100\/100\n|switch|p2a: Camerupt|Camerupt, F|100\/100\n|\n|upkeep\n|turn|2\n|\n|t:|1663093584\n|switch|p1a: Appletun|Appletun, M|100\/100\n|detailschange|p2a: Camerupt|Camerupt-Mega, F\n|-mega|p2a: Camerupt|Camerupt|Cameruptite\n|move|p2a: Camerupt|Flash Cannon|p1a: Appletun\n|-damage|p1a: Appletun|71\/100\n|\n|-heal|p1a: Appletun|77\/100|[from] item: Leftovers\n|upkeep\n|turn|3\n|c|\u2606Elon Musk Rusk|ok\n|\n|t:|1663093696\n|move|p1a: Appletun|Recover|p1a: Appletun\n|-heal|p1a: Appletun|100\/100\n|move|p2a: Camerupt|Flamethrower|p1a: Appletun\n|-damage|p1a: Appletun|76\/100\n|\n|-heal|p1a: Appletun|82\/100|[from] item: Leftovers\n|upkeep\n|turn|4\n|\n|t:|1663093705\n|switch|p2a: Archeops|Archeops, M|100\/100\n|move|p1a: Appletun|Apple Acid|p2a: Archeops\n|-damage|p2a: Archeops|52\/100\n|-unboost|p2a: Archeops|spd|1\n|\n|-heal|p1a: Appletun|88\/100|[from] item: Leftovers\n|upkeep\n|turn|5\n|\n|t:|1663093714\n|switch|p1a: Rhyperior|Rhyperior, M|100\/100\n|move|p2a: Archeops|Dual Wingbeat|p1a: Rhyperior\n|-resisted|p1a: Rhyperior\n|-damage|p1a: Rhyperior|92\/100\n|-resisted|p1a: Rhyperior\n|-damage|p1a: Rhyperior|82\/100\n|-hitcount|p1a: Rhyperior|2\n|\n|-heal|p1a: Rhyperior|88\/100|[from] item: Leftovers\n|upkeep\n|turn|6\n|\n|t:|1663093724\n|switch|p2a: Virizion|Virizion|100\/100\n|move|p1a: Rhyperior|Stealth Rock|p2a: Virizion\n|-sidestart|p2: Rymith|move: Stealth Rock\n|\n|-heal|p1a: Rhyperior|95\/100|[from] item: Leftovers\n|upkeep\n|turn|7\n|\n|t:|1663093733\n|switch|p1a: Aromatisse|Aromatisse, M|100\/100\n|move|p2a: Virizion|Swords Dance|p2a: Virizion\n|-boost|p2a: Virizion|atk|2\n|\n|upkeep\n|turn|8\n|\n|t:|1663093783\n|switch|p2a: Perrserker|Perrserker, M|100\/100\n|-damage|p2a: Perrserker|94\/100|[from] Stealth Rock\n|move|p1a: Aromatisse|Moonblast|p2a: Perrserker\n|-resisted|p2a: Perrserker\n|-damage|p2a: Perrserker|79\/100\n|\n|upkeep\n|turn|9\n|\n|t:|1663093792\n|switch|p1a: Wartortle|Wartortle, F|100\/100\n|move|p2a: Perrserker|U-turn|p1a: Wartortle\n|-damage|p1a: Wartortle|83\/100\n|\n|t:|1663093802\n|switch|p2a: Virizion|Virizion|100\/100|[from]move: U-turn\n|-damage|p2a: Virizion|94\/100|[from] Stealth Rock\n|\n|upkeep\n|turn|10\n|\n|t:|1663093807\n|switch|p1a: Aromatisse|Aromatisse, M|100\/100\n|move|p2a: Virizion|Stone Edge|p1a: Aromatisse\n|-damage|p1a: Aromatisse|80\/100\n|-damage|p2a: Virizion|84\/100|[from] item: Life Orb\n|\n|-heal|p1a: Aromatisse|86\/100|[from] item: Leftovers\n|upkeep\n|turn|11\n|\n|t:|1663093832\n|switch|p2a: Perrserker|Perrserker, M|79\/100\n|-damage|p2a: Perrserker|73\/100|[from] Stealth Rock\n|move|p1a: Aromatisse|Moonblast|p2a: Perrserker\n|-resisted|p2a: Perrserker\n|-damage|p2a: Perrserker|57\/100\n|\n|-heal|p1a: Aromatisse|92\/100|[from] item: Leftovers\n|upkeep\n|turn|12\n|\n|t:|1663093841\n|switch|p1a: Wartortle|Wartortle, F|83\/100\n|move|p2a: Perrserker|Seed Bomb|p1a: Wartortle\n|-supereffective|p1a: Wartortle\n|-damage|p1a: Wartortle|50\/100\n|\n|upkeep\n|turn|13\n|\n|t:|1663093849\n|switch|p2a: Hitmontop|Hitmontop, M|100\/100\n|-damage|p2a: Hitmontop|94\/100|[from] Stealth Rock\n|-ability|p2a: Hitmontop|Intimidate|boost\n|-unboost|p1a: Wartortle|atk|1\n|move|p1a: Wartortle|Flip Turn|p2a: Hitmontop\n|-damage|p2a: Hitmontop|82\/100\n|\n|t:|1663093858\n|switch|p1a: Aromatisse|Aromatisse, M|92\/100|[from]move: Flip Turn\n|\n|-heal|p1a: Aromatisse|99\/100|[from] item: Leftovers\n|upkeep\n|turn|14\n|\n|t:|1663093868\n|move|p2a: Hitmontop|Bullet Punch|p1a: Aromatisse\n|-supereffective|p1a: Aromatisse\n|-damage|p1a: Aromatisse|77\/100\n|move|p1a: Aromatisse|Wish|p1a: Aromatisse\n|\n|-heal|p1a: Aromatisse|83\/100|[from] item: Leftovers\n|upkeep\n|turn|15\n|\n|t:|1663093876\n|switch|p2a: Jellicent|Jellicent, F, shiny|100\/100\n|-damage|p2a: Jellicent|88\/100|[from] Stealth Rock\n|switch|p1a: Wartortle|Wartortle, F|50\/100\n|\n|-heal|p1a: Wartortle|100\/100|[from] move: Wish|[wisher] Aromatisse\n|-heal|p2a: Jellicent|94\/100|[from] item: Leftovers\n|upkeep\n|turn|16\n|\n|t:|1663093887\n|move|p2a: Jellicent|Toxic|p1a: Wartortle\n|-status|p1a: Wartortle|tox\n|move|p1a: Wartortle|Toxic|p2a: Jellicent\n|-status|p2a: Jellicent|tox\n|\n|-heal|p2a: Jellicent|100\/100 tox|[from] item: Leftovers\n|-damage|p2a: Jellicent|94\/100 tox|[from] psn\n|-damage|p1a: Wartortle|94\/100 tox|[from] psn\n|upkeep\n|turn|17\n|\n|t:|1663093895\n|switch|p1a: Sharpedo|Sharpedo, F|100\/100\n|move|p2a: Jellicent|Giga Drain|p1a: Sharpedo\n|-supereffective|p1a: Sharpedo\n|-damage|p1a: Sharpedo|28\/100\n|-heal|p2a: Jellicent|100\/100 tox|[from] drain|[of] p1a: Sharpedo\n|\n|-damage|p2a: Jellicent|88\/100 tox|[from] psn\n|upkeep\n|turn|18\n|\n|t:|1663093905\n|move|p1a: Sharpedo|Psychic Fangs|p2a: Jellicent\n|-damage|p2a: Jellicent|42\/100 tox\n|-damage|p1a: Sharpedo|18\/100|[from] item: Life Orb\n|move|p2a: Jellicent|Giga Drain|p1a: Sharpedo\n|-supereffective|p1a: Sharpedo\n|-damage|p1a: Sharpedo|0 fnt\n|-heal|p2a: Jellicent|50\/100 tox|[from] drain|[of] p1a: Sharpedo\n|faint|p1a: Sharpedo\n|\n|-heal|p2a: Jellicent|56\/100 tox|[from] item: Leftovers\n|-damage|p2a: Jellicent|37\/100 tox|[from] psn\n|upkeep\n|\n|t:|1663093909\n|switch|p1a: Heliolisk|Heliolisk, M|100\/100\n|turn|19\n|\n|t:|1663093918\n|switch|p2a: Camerupt|Camerupt-Mega, F|100\/100\n|-damage|p2a: Camerupt|88\/100|[from] Stealth Rock\n|move|p1a: Heliolisk|Thunderbolt|p2a: Camerupt\n|-immune|p2a: Camerupt\n|\n|upkeep\n|turn|20\n|\n|t:|1663093927\n|move|p1a: Heliolisk|Surf|p2a: Camerupt\n|-supereffective|p2a: Camerupt\n|-crit|p2a: Camerupt\n|-damage|p2a: Camerupt|0 fnt\n|faint|p2a: Camerupt\n|\n|upkeep\n|\n|t:|1663093933\n|switch|p2a: Virizion|Virizion|84\/100\n|-damage|p2a: Virizion|78\/100|[from] Stealth Rock\n|turn|21\n|\n|t:|1663093939\n|move|p1a: Heliolisk|U-turn|p2a: Virizion\n|-damage|p2a: Virizion|66\/100\n|\n|t:|1663093942\n|switch|p1a: Aromatisse|Aromatisse, M|83\/100|[from]move: U-turn\n|move|p2a: Virizion|Swords Dance|p2a: Virizion\n|-boost|p2a: Virizion|atk|2\n|\n|-heal|p1a: Aromatisse|90\/100|[from] item: Leftovers\n|upkeep\n|turn|22\n|\n|t:|1663093957\n|move|p2a: Virizion|Swords Dance|p2a: Virizion\n|-boost|p2a: Virizion|atk|2\n|move|p1a: Aromatisse|Moonblast|p2a: Virizion\n|-supereffective|p2a: Virizion\n|-damage|p2a: Virizion|24\/100\n|\n|-heal|p1a: Aromatisse|96\/100|[from] item: Leftovers\n|upkeep\n|turn|23\n|\n|t:|1663093966\n|move|p2a: Virizion|Stone Edge|p1a: Aromatisse\n|-damage|p1a: Aromatisse|35\/100\n|-damage|p2a: Virizion|14\/100|[from] item: Life Orb\n|move|p1a: Aromatisse|Moonblast|p2a: Virizion\n|-supereffective|p2a: Virizion\n|-damage|p2a: Virizion|0 fnt\n|faint|p2a: Virizion\n|\n|-heal|p1a: Aromatisse|41\/100|[from] item: Leftovers\n|upkeep\n|\n|t:|1663093975\n|switch|p2a: Perrserker|Perrserker, M|57\/100\n|-damage|p2a: Perrserker|51\/100|[from] Stealth Rock\n|turn|24\n|\n|t:|1663093981\n|move|p1a: Aromatisse|Protect|p1a: Aromatisse\n|-singleturn|p1a: Aromatisse|Protect\n|move|p2a: Perrserker|Iron Head|p1a: Aromatisse\n|-activate|p1a: Aromatisse|move: Protect\n|\n|-heal|p1a: Aromatisse|47\/100|[from] item: Leftovers\n|upkeep\n|turn|25\n|\n|t:|1663093988\n|switch|p1a: Wartortle|Wartortle, F|94\/100 tox\n|move|p2a: Perrserker|Iron Head|p1a: Wartortle\n|-resisted|p1a: Wartortle\n|-damage|p1a: Wartortle|79\/100 tox\n|\n|-damage|p1a: Wartortle|73\/100 tox|[from] psn\n|upkeep\n|turn|26\n|\n|t:|1663093995\n|move|p1a: Wartortle|Flip Turn|p2a: Perrserker\n|-damage|p2a: Perrserker|39\/100\n|\n|t:|1663094001\n|switch|p1a: Heliolisk|Heliolisk, M|100\/100|[from]move: Flip Turn\n|move|p2a: Perrserker|Seed Bomb|p1a: Heliolisk\n|-damage|p1a: Heliolisk|45\/100\n|\n|upkeep\n|turn|27\n|\n|t:|1663094026\n|move|p1a: Heliolisk|Thunderbolt|p2a: Perrserker\n|-damage|p2a: Perrserker|0 fnt\n|faint|p2a: Perrserker\n|\n|upkeep\n|\n|t:|1663094030\n|switch|p2a: Archeops|Archeops, M|52\/100\n|-damage|p2a: Archeops|27\/100|[from] Stealth Rock\n|turn|28\n|\n|t:|1663094037\n|switch|p1a: Appletun|Appletun, M|88\/100\n|move|p2a: Archeops|Earthquake|p1a: Appletun\n|-resisted|p1a: Appletun\n|-damage|p1a: Appletun|74\/100\n|\n|-heal|p1a: Appletun|80\/100|[from] item: Leftovers\n|upkeep\n|turn|29\n|\n|t:|1663094045\n|switch|p2a: Hitmontop|Hitmontop, M|82\/100\n|-damage|p2a: Hitmontop|76\/100|[from] Stealth Rock\n|-ability|p2a: Hitmontop|Intimidate|boost\n|-unboost|p1a: Appletun|atk|1\n|move|p1a: Appletun|Recover|p1a: Appletun\n|-heal|p1a: Appletun|100\/100\n|\n|upkeep\n|turn|30\n|\n|t:|1663094053\n|switch|p1a: Wartortle|Wartortle, F|73\/100 tox\n|move|p2a: Hitmontop|Rapid Spin|p1a: Wartortle\n|-damage|p1a: Wartortle|65\/100 tox\n|-boost|p2a: Hitmontop|spe|1\n|-sideend|p2: Rymith|Stealth Rock|[from] move: Rapid Spin|[of] p2a: Hitmontop\n|\n|-damage|p1a: Wartortle|58\/100 tox|[from] psn\n|upkeep\n|turn|31\n|\n|t:|1663094063\n|move|p2a: Hitmontop|Close Combat|p1a: Wartortle\n|-damage|p1a: Wartortle|28\/100 tox\n|-unboost|p2a: Hitmontop|def|1\n|-unboost|p2a: Hitmontop|spd|1\n|move|p1a: Wartortle|Toxic|p2a: Hitmontop|[miss]\n|-miss|p1a: Wartortle|p2a: Hitmontop\n|\n|-damage|p1a: Wartortle|15\/100 tox|[from] psn\n|upkeep\n|turn|32\n|\n|t:|1663094077\n|move|p2a: Hitmontop|Close Combat|p1a: Wartortle\n|-damage|p1a: Wartortle|0 fnt\n|-unboost|p2a: Hitmontop|def|1\n|-unboost|p2a: Hitmontop|spd|1\n|faint|p1a: Wartortle\n|\n|upkeep\n|\n|t:|1663094080\n|switch|p1a: Aromatisse|Aromatisse, M|47\/100\n|turn|33\n|\n|t:|1663094088\n|switch|p2a: Jellicent|Jellicent, F, shiny|37\/100 tox\n|move|p1a: Aromatisse|Wish|p1a: Aromatisse\n|\n|-heal|p2a: Jellicent|44\/100 tox|[from] item: Leftovers\n|-heal|p1a: Aromatisse|53\/100|[from] item: Leftovers\n|-damage|p2a: Jellicent|37\/100 tox|[from] psn\n|upkeep\n|turn|34\n|\n|t:|1663094096\n|move|p1a: Aromatisse|Protect|p1a: Aromatisse\n|-singleturn|p1a: Aromatisse|Protect\n|move|p2a: Jellicent|Toxic|p1a: Aromatisse\n|-activate|p1a: Aromatisse|move: Protect\n|\n|-heal|p1a: Aromatisse|100\/100|[from] move: Wish|[wisher] Aromatisse\n|-heal|p2a: Jellicent|44\/100 tox|[from] item: Leftovers\n|-damage|p2a: Jellicent|31\/100 tox|[from] psn\n|upkeep\n|turn|35\n|\n|t:|1663094105\n|move|p2a: Jellicent|Toxic|p1a: Aromatisse\n|-status|p1a: Aromatisse|tox\n|move|p1a: Aromatisse|Heal Bell|p1a: Aromatisse\n|-activate|p1a: Aromatisse|move: Heal Bell\n|-curestatus|p1a: Aromatisse|tox|[msg]\n|\n|-heal|p2a: Jellicent|37\/100 tox|[from] item: Leftovers\n|-damage|p2a: Jellicent|19\/100 tox|[from] psn\n|upkeep\n|turn|36\n|\n|t:|1663094115\n|move|p1a: Aromatisse|Protect|p1a: Aromatisse\n|-singleturn|p1a: Aromatisse|Protect\n|move|p2a: Jellicent|Giga Drain|p1a: Aromatisse\n|-activate|p1a: Aromatisse|move: Protect\n|\n|-heal|p2a: Jellicent|25\/100 tox|[from] item: Leftovers\n|-damage|p2a: Jellicent|0 fnt|[from] psn\n|faint|p2a: Jellicent\n|upkeep\n|\n|t:|1663094124\n|switch|p2a: Archeops|Archeops, M|27\/100\n|turn|37\n|\n|t:|1663094128\n|move|p2a: Archeops|Iron Tail|p1a: Aromatisse\n|-supereffective|p1a: Aromatisse\n|-damage|p1a: Aromatisse|55\/100\n|-unboost|p1a: Aromatisse|def|1\n|move|p1a: Aromatisse|Moonblast|p2a: Archeops\n|-damage|p2a: Archeops|0 fnt\n|faint|p2a: Archeops\n|\n|-heal|p1a: Aromatisse|61\/100|[from] item: Leftovers\n|upkeep\n|\n|t:|1663094136\n|switch|p2a: Hitmontop|Hitmontop, M|76\/100\n|-ability|p2a: Hitmontop|Intimidate|boost\n|-unboost|p1a: Aromatisse|atk|1\n|turn|38\n|\n|t:|1663094141\n|switch|p1a: Heliolisk|Heliolisk, M|45\/100\n|move|p2a: Hitmontop|Bullet Punch|p1a: Heliolisk\n|-resisted|p1a: Heliolisk\n|-damage|p1a: Heliolisk|33\/100\n|\n|upkeep\n|turn|39\n|\n|t:|1663094146\n|move|p1a: Heliolisk|U-turn|p2a: Hitmontop\n|-resisted|p2a: Hitmontop\n|-damage|p2a: Hitmontop|69\/100\n|\n|t:|1663094149\n|switch|p1a: Aromatisse|Aromatisse, M|61\/100|[from]move: U-turn\n|move|p2a: Hitmontop|Close Combat|p1a: Aromatisse\n|-resisted|p1a: Aromatisse\n|-damage|p1a: Aromatisse|42\/100\n|-unboost|p2a: Hitmontop|def|1\n|-unboost|p2a: Hitmontop|spd|1\n|\n|-heal|p1a: Aromatisse|48\/100|[from] item: Leftovers\n|upkeep\n|turn|40\n|\n|t:|1663094158\n|move|p2a: Hitmontop|Close Combat|p1a: Aromatisse\n|-resisted|p1a: Aromatisse\n|-damage|p1a: Aromatisse|30\/100\n|-unboost|p2a: Hitmontop|def|1\n|-unboost|p2a: Hitmontop|spd|1\n|move|p1a: Aromatisse|Wish|p1a: Aromatisse\n|\n|-heal|p1a: Aromatisse|37\/100|[from] item: Leftovers\n|upkeep\n|turn|41\n|\n|t:|1663094166\n|move|p1a: Aromatisse|Protect|p1a: Aromatisse\n|-singleturn|p1a: Aromatisse|Protect\n|move|p2a: Hitmontop|Close Combat|p1a: Aromatisse\n|-activate|p1a: Aromatisse|move: Protect\n|\n|-heal|p1a: Aromatisse|86\/100|[from] move: Wish|[wisher] Aromatisse\n|-heal|p1a: Aromatisse|93\/100|[from] item: Leftovers\n|upkeep\n|turn|42\n|c|\u2606Elon Musk Rusk|gg\n|c|\u2606Rymith|just hit it\n|\n|t:|1663094176\n|move|p2a: Hitmontop|Close Combat|p1a: Aromatisse\n|-resisted|p1a: Aromatisse\n|-damage|p1a: Aromatisse|73\/100\n|-unboost|p2a: Hitmontop|def|1\n|-unboost|p2a: Hitmontop|spd|1\n|move|p1a: Aromatisse|Moonblast|p2a: Hitmontop\n|-supereffective|p2a: Hitmontop\n|-damage|p2a: Hitmontop|0 fnt\n|faint|p2a: Hitmontop\n|\n|win|Elon Musk Rusk\n|l|\u2606Rymith\n|l|\u2606Elon Musk Rusk\n|j|\u2606Elon Musk Rusk\n|player|p1|Elon Musk Rusk|1\n","uploadtime":1663094235,"views":5,"p1id":"elonmuskrusk","p2id":"rymith","formatid":"gen8nationaldexdraft","rating":0,"private":0,"password":null}