{"id":"sports-gen8nationaldexdraft-710997","p1":"Amerillo","p2":"Elon Musk Rusk","format":"gen8nationaldexdraft","log":"|j|\u2606Amerillo\n|j|\u2606Elon Musk Rusk\n|t:|1660920247\n|gametype|singles\n|player|p1|Amerillo|amerillo.gif|\n|player|p2|Elon Musk Rusk|169|\n|teamsize|p1|6\n|teamsize|p2|6\n|gen|8\n|tier|[Gen 8] National Dex Draft\n|rule|Sleep Clause Mod: Limit one foe put to sleep\n|rule|OHKO Clause: OHKO moves are banned\n|rule|Evasion Moves Clause: Evasion moves are banned\n|rule|Endless Battle Clause: Forcing endless battles is banned\n|rule|HP Percentage Mod: HP is shown in percentages\n|rule|Dynamax Clause: You cannot dynamax\n|clearpoke\n|poke|p1|Garchomp, F|\n|poke|p1|Tornadus-Therian, M|\n|poke|p1|Slowking-Galar, F|\n|poke|p1|Rotom-Mow|\n|poke|p1|Incineroar, M|\n|poke|p1|Seismitoad, M|\n|poke|p2|Zapdos|\n|poke|p2|Whimsicott, F|\n|poke|p2|Medicham, M|\n|poke|p2|Swampert, F|\n|poke|p2|Aegislash, F|\n|poke|p2|Vaporeon, F|\n|teampreview\n|html|<button name=\"send\" class=\"button\" value=\"\/timer ds\"><i class=\"fa fa-hourglass-start\"><\/i> DS Timer<\/button> <button name=\"send\" class=\"button\" value=\"\/timer smogon\"><i class=\"fa fa-hourglass-start\"><\/i> Smogon Timer<\/button>\n|c|\u2606Amerillo|Glhf!\n|l|\u2606Elon Musk Rusk\n|player|p2|\n|j|\u2606Elon Musk Rusk\n|player|p2|Elon Musk Rusk|169\n|\n|t:|1660920286\n|start\n|switch|p1a: Bird Brainz|Tornadus-Therian, M|100\/100\n|switch|p2a: Kamareta|Whimsicott, F|100\/100\n|turn|1\n|\n|t:|1660920308\n|switch|p2a: Your Mom part 2|Vaporeon, F|100\/100\n|move|p1a: Bird Brainz|Knock Off|p2a: Your Mom part 2\n|-damage|p2a: Your Mom part 2|84\/100\n|-enditem|p2a: Your Mom part 2|Leftovers|[from] move: Knock Off|[of] p1a: Bird Brainz\n|\n|upkeep\n|turn|2\n|\n|t:|1660920321\n|move|p1a: Bird Brainz|Toxic|p2a: Your Mom part 2\n|-status|p2a: Your Mom part 2|tox\n|move|p2a: Your Mom part 2|Flip Turn|p1a: Bird Brainz\n|-damage|p1a: Bird Brainz|89\/100\n|\n|t:|1660920323\n|switch|p2a: Boom|Zapdos|100\/100|[from]move: Flip Turn\n|-ability|p2a: Boom|Pressure\n|\n|upkeep\n|turn|3\n|\n|t:|1660920332\n|switch|p1a: Toadally Awsome|Seismitoad, M|100\/100\n|move|p2a: Boom|Hurricane|p1a: Toadally Awsome|[miss]\n|-miss|p2a: Boom|p1a: Toadally Awsome\n|\n|upkeep\n|turn|4\n|\n|t:|1660920355\n|move|p2a: Boom|Hurricane|p1a: Toadally Awsome\n|-damage|p1a: Toadally Awsome|39\/100\n|move|p1a: Toadally Awsome|Knock Off|p2a: Boom\n|-damage|p2a: Boom|66\/100\n|-enditem|p2a: Boom|Heavy-Duty Boots|[from] move: Knock Off|[of] p1a: Toadally Awsome\n|\n|upkeep\n|turn|5\n|\n|t:|1660920366\n|switch|p1a: Frieza|Slowking-Galar, F, shiny|100\/100\n|move|p2a: Boom|Hurricane|p1a: Frieza\n|-damage|p1a: Frieza|50\/100\n|\n|-heal|p1a: Frieza|56\/100|[from] item: Black Sludge\n|upkeep\n|turn|6\n|\n|t:|1660920376\n|move|p1a: Frieza|Protect|p1a: Frieza\n|-singleturn|p1a: Frieza|Protect\n|move|p2a: Boom|U-turn|p1a: Frieza\n|-activate|p1a: Frieza|move: Protect\n|\n|-heal|p1a: Frieza|62\/100|[from] item: Black Sludge\n|upkeep\n|turn|7\n|\n|t:|1660920395\n|move|p2a: Boom|U-turn|p1a: Frieza\n|-damage|p1a: Frieza|53\/100\n|\n|t:|1660920398\n|switch|p2a: Wut|Swampert, F|100\/100|[from]move: U-turn\n|move|p1a: Frieza|Shadow Ball|p2a: Wut\n|-damage|p2a: Wut|84\/100\n|\n|-heal|p2a: Wut|90\/100|[from] item: Leftovers\n|-heal|p1a: Frieza|59\/100|[from] item: Black Sludge\n|upkeep\n|turn|8\n|\n|t:|1660920407\n|switch|p1a: Tell You Hwhat|Rotom-Mow|100\/100\n|move|p2a: Wut|Flip Turn|p1a: Tell You Hwhat\n|-resisted|p1a: Tell You Hwhat\n|-damage|p1a: Tell You Hwhat|89\/100\n|\n|t:|1660920414\n|switch|p2a: Boom|Zapdos|66\/100|[from]move: Flip Turn\n|-ability|p2a: Boom|Pressure\n|\n|upkeep\n|turn|9\n|\n|t:|1660920422\n|move|p1a: Tell You Hwhat|Light Screen|p1a: Tell You Hwhat\n|-sidestart|p1: Amerillo|move: Light Screen\n|move|p2a: Boom|Hurricane|p1a: Tell You Hwhat\n|-damage|p1a: Tell You Hwhat|60\/100\n|\n|upkeep\n|turn|10\n|\n|t:|1660920430\n|move|p1a: Tell You Hwhat|Volt Switch|p2a: Boom\n|-damage|p2a: Boom|37\/100\n|\n|t:|1660920438\n|switch|p1a: Frieza|Slowking-Galar, F, shiny|92\/100|[from]move: Volt Switch\n|move|p2a: Boom|U-turn|p1a: Frieza\n|-damage|p1a: Frieza|82\/100\n|\n|t:|1660920440\n|switch|p2a: Joom|Medicham, M|100\/100|[from]move: U-turn\n|\n|-heal|p1a: Frieza|88\/100|[from] item: Black Sludge\n|upkeep\n|turn|11\n|\n|t:|1660920448\n|detailschange|p2a: Joom|Medicham-Mega, M\n|-mega|p2a: Joom|Medicham|Medichamite\n|move|p2a: Joom|Substitute|p2a: Joom\n|-start|p2a: Joom|Substitute\n|-damage|p2a: Joom|76\/100\n|move|p1a: Frieza|Shadow Ball|p2a: Joom\n|-supereffective|p2a: Joom\n|-end|p2a: Joom|Substitute\n|\n|-heal|p1a: Frieza|94\/100|[from] item: Black Sludge\n|upkeep\n|turn|12\n|\n|t:|1660920460\n|move|p2a: Joom|Zen Headbutt|p1a: Frieza\n|-damage|p1a: Frieza|42\/100\n|move|p1a: Frieza|Sludge Bomb|p2a: Joom\n|-damage|p2a: Joom|25\/100\n|\n|-heal|p1a: Frieza|49\/100|[from] item: Black Sludge\n|upkeep\n|turn|13\n|\n|t:|1660920479\n|move|p1a: Frieza|Protect|p1a: Frieza\n|-singleturn|p1a: Frieza|Protect\n|move|p2a: Joom|Recover|p2a: Joom\n|-heal|p2a: Joom|75\/100\n|\n|-heal|p1a: Frieza|55\/100|[from] item: Black Sludge\n|upkeep\n|turn|14\n|\n|t:|1660920488\n|move|p2a: Joom|Zen Headbutt|p1a: Frieza\n|-damage|p1a: Frieza|5\/100\n|move|p1a: Frieza|Shadow Ball|p2a: Joom\n|-supereffective|p2a: Joom\n|-damage|p2a: Joom|14\/100\n|\n|-heal|p1a: Frieza|11\/100|[from] item: Black Sludge\n|upkeep\n|turn|15\n|\n|t:|1660920502\n|switch|p1a: Street Shark|Garchomp, F|100\/100\n|move|p2a: Joom|Recover|p2a: Joom\n|-heal|p2a: Joom|64\/100\n|\n|upkeep\n|turn|16\n|\n|t:|1660920522\n|switch|p2a: Kamareta|Whimsicott, F|100\/100\n|detailschange|p1a: Street Shark|Garchomp-Mega, F\n|-mega|p1a: Street Shark|Garchomp|Garchompite\n|move|p1a: Street Shark|Earthquake|p2a: Kamareta\n|-resisted|p2a: Kamareta\n|-damage|p2a: Kamareta|67\/100\n|\n|-heal|p2a: Kamareta|74\/100|[from] item: Leftovers\n|-sideend|p1: Amerillo|move: Light Screen\n|upkeep\n|turn|17\n|\n|t:|1660920551\n|switch|p1a: Frieza|Slowking-Galar, F, shiny|45\/100\n|move|p2a: Kamareta|Leech Seed|p1a: Frieza|[miss]\n|-miss|p2a: Kamareta|p1a: Frieza\n|\n|-heal|p2a: Kamareta|80\/100|[from] item: Leftovers\n|-heal|p1a: Frieza|51\/100|[from] item: Black Sludge\n|upkeep\n|turn|18\n|\n|t:|1660920563\n|switch|p2a: Wut|Swampert, F|90\/100\n|move|p1a: Frieza|Slack Off|p1a: Frieza\n|-heal|p1a: Frieza|100\/100\n|\n|-heal|p2a: Wut|96\/100|[from] item: Leftovers\n|upkeep\n|turn|19\n|\n|t:|1660920581\n|switch|p1a: Toadally Awsome|Seismitoad, M|39\/100\n|move|p2a: Wut|Flip Turn|p1a: Toadally Awsome\n|-heal|p1a: Toadally Awsome|63\/100|[from] ability: Water Absorb|[of] p2a: Wut\n|\n|-heal|p2a: Wut|100\/100|[from] item: Leftovers\n|upkeep\n|turn|20\n|\n|t:|1660920608\n|move|p1a: Toadally Awsome|Ice Punch|p2a: Wut\n|-damage|p2a: Wut|83\/100\n|move|p2a: Wut|Earthquake|p1a: Toadally Awsome\n|-damage|p1a: Toadally Awsome|23\/100\n|\n|-heal|p2a: Wut|90\/100|[from] item: Leftovers\n|upkeep\n|turn|21\n|\n|t:|1660920615\n|move|p1a: Toadally Awsome|Power Whip|p2a: Wut\n|-supereffective|p2a: Wut\n|-damage|p2a: Wut|0 fnt\n|faint|p2a: Wut\n|\n|upkeep\n|\n|t:|1660920622\n|switch|p2a: Joom|Medicham-Mega, M|64\/100\n|turn|22\n|\n|t:|1660920644\n|move|p2a: Joom|Zen Headbutt|p1a: Toadally Awsome\n|-damage|p1a: Toadally Awsome|0 fnt\n|faint|p1a: Toadally Awsome\n|\n|upkeep\n|\n|t:|1660920663\n|switch|p1a: Bird Brainz|Tornadus-Therian, M|100\/100\n|turn|23\n|\n|t:|1660920675\n|switch|p2a: Your Mom part 2|Vaporeon, F|84\/100 tox\n|move|p1a: Bird Brainz|U-turn|p2a: Your Mom part 2\n|-damage|p2a: Your Mom part 2|72\/100 tox\n|\n|t:|1660920681\n|switch|p1a: Tell You Hwhat|Rotom-Mow|60\/100|[from]move: U-turn\n|\n|-damage|p2a: Your Mom part 2|66\/100 tox|[from] psn\n|upkeep\n|turn|24\n|\n|t:|1660920718\n|move|p1a: Tell You Hwhat|Volt Switch|p2a: Your Mom part 2\n|-supereffective|p2a: Your Mom part 2\n|-damage|p2a: Your Mom part 2|28\/100 tox\n|\n|t:|1660920751\n|switch|p1a: Frieza|Slowking-Galar, F, shiny|100\/100|[from]move: Volt Switch\n|move|p2a: Your Mom part 2|Flip Turn|p1a: Frieza\n|-damage|p1a: Frieza|91\/100\n|\n|t:|1660920754\n|switch|p2a: Your mom|Aegislash, F|100\/100|[from]move: Flip Turn\n|\n|-heal|p1a: Frieza|97\/100|[from] item: Black Sludge\n|upkeep\n|turn|25\n|\n|t:|1660920791\n|switch|p1a: Street Shark|Garchomp-Mega, F|100\/100\n|move|p2a: Your mom|Swords Dance|p2a: Your mom\n|-boost|p2a: Your mom|atk|2\n|\n|upkeep\n|turn|26\n|\n|t:|1660920804\n|switch|p2a: Kamareta|Whimsicott, F|80\/100\n|move|p1a: Street Shark|Earthquake|p2a: Kamareta\n|-resisted|p2a: Kamareta\n|-damage|p2a: Kamareta|47\/100\n|\n|-heal|p2a: Kamareta|53\/100|[from] item: Leftovers\n|upkeep\n|turn|27\n|\n|t:|1660920814\n|switch|p2a: Your mom|Aegislash, F|100\/100\n|move|p1a: Street Shark|Poison Jab|p2a: Your mom\n|-immune|p2a: Your mom\n|\n|upkeep\n|turn|28\n|\n|t:|1660920822\n|switch|p2a: Your Mom part 2|Vaporeon, F|28\/100 tox\n|move|p1a: Street Shark|Stealth Rock|p2a: Your Mom part 2\n|-sidestart|p2: Elon Musk Rusk|move: Stealth Rock\n|\n|-damage|p2a: Your Mom part 2|22\/100 tox|[from] psn\n|upkeep\n|turn|29\n|\n|t:|1660920832\n|move|p1a: Street Shark|Scale Shot|p2a: Your Mom part 2\n|-damage|p2a: Your Mom part 2|10\/100 tox\n|-damage|p2a: Your Mom part 2|0 fnt\n|faint|p2a: Your Mom part 2\n|-hitcount|p2: Your Mom part 2|2\n|-unboost|p1a: Street Shark|def|1\n|-boost|p1a: Street Shark|spe|1\n|\n|upkeep\n|\n|t:|1660920834\n|switch|p2a: Kamareta|Whimsicott, F|53\/100\n|-damage|p2a: Kamareta|40\/100|[from] Stealth Rock\n|turn|30\n|\n|t:|1660920848\n|move|p2a: Kamareta|Encore|p1a: Street Shark\n|-start|p1a: Street Shark|Encore\n|move|p1a: Street Shark|Scale Shot|p2a: Kamareta\n|-immune|p2a: Kamareta\n|\n|-heal|p2a: Kamareta|47\/100|[from] item: Leftovers\n|upkeep\n|turn|31\n|\n|t:|1660920854\n|switch|p1a: Tell You Hwhat|Rotom-Mow|60\/100\n|move|p2a: Kamareta|Defog|p1a: Tell You Hwhat\n|-unboost|p1a: Tell You Hwhat|evasion|1\n|-sideend|p2: Elon Musk Rusk|Stealth Rock|[from] move: Defog|[of] p2a: Kamareta\n|\n|-heal|p2a: Kamareta|53\/100|[from] item: Leftovers\n|upkeep\n|turn|32\n|\n|t:|1660920867\n|move|p2a: Kamareta|Moonblast|p1a: Tell You Hwhat\n|-damage|p1a: Tell You Hwhat|34\/100\n|-unboost|p1a: Tell You Hwhat|spa|1\n|move|p1a: Tell You Hwhat|Toxic|p2a: Kamareta\n|-status|p2a: Kamareta|tox\n|\n|-heal|p2a: Kamareta|59\/100 tox|[from] item: Leftovers\n|-damage|p2a: Kamareta|53\/100 tox|[from] psn\n|upkeep\n|turn|33\n|\n|t:|1660920876\n|switch|p2a: Your mom|Aegislash, F|100\/100\n|move|p1a: Tell You Hwhat|Light Screen|p1a: Tell You Hwhat\n|-sidestart|p1: Amerillo|move: Light Screen\n|\n|upkeep\n|turn|34\n|\n|t:|1660920884\n|move|p1a: Tell You Hwhat|Volt Switch|p2a: Your mom\n|-damage|p2a: Your mom|87\/100\n|\n|t:|1660920887\n|switch|p1a: Where My Z Move?|Incineroar, M|100\/100|[from]move: Volt Switch\n|-ability|p1a: Where My Z Move?|Intimidate|boost\n|-unboost|p2a: Your mom|atk|1\n|-formechange|p2a: Your mom|Aegislash-Blade||[from] ability: Stance Change\n|move|p2a: Your mom|Close Combat|p1a: Where My Z Move?\n|-supereffective|p1a: Where My Z Move?\n|-damage|p1a: Where My Z Move?|30\/100\n|-unboost|p2a: Your mom|def|1\n|-unboost|p2a: Your mom|spd|1\n|-enditem|p1a: Where My Z Move?|Weakness Policy\n|-boost|p1a: Where My Z Move?|atk|2|[from] item: Weakness Policy\n|-boost|p1a: Where My Z Move?|spa|2|[from] item: Weakness Policy\n|\n|upkeep\n|turn|35\n|\n|t:|1660920905\n|switch|p2a: Joom|Medicham-Mega, M|64\/100\n|move|p1a: Where My Z Move?|Flame Charge|p2a: Joom\n|-damage|p2a: Joom|0 fnt\n|-boost|p1a: Where My Z Move?|spe|1\n|faint|p2a: Joom\n|\n|upkeep\n|\n|t:|1660920908\n|switch|p2a: Boom|Zapdos|37\/100\n|-ability|p2a: Boom|Pressure\n|turn|36\n|\n|t:|1660920917\n|move|p1a: Where My Z Move?|Power Trip|p2a: Boom\n|-damage|p2a: Boom|0 fnt\n|faint|p2a: Boom\n|\n|upkeep\n|\n|t:|1660920924\n|switch|p2a: Kamareta|Whimsicott, F|53\/100 tox\n|turn|37\n|\n|t:|1660920932\n|move|p2a: Kamareta|Encore|p1a: Where My Z Move?\n|-hint|Since gen 7, Dark is immune to Prankster moves.\n|-immune|p1a: Where My Z Move?\n|move|p1a: Where My Z Move?|Flame Charge|p2a: Kamareta\n|-supereffective|p2a: Kamareta\n|-damage|p2a: Kamareta|0 fnt\n|-boost|p1a: Where My Z Move?|spe|1\n|faint|p2a: Kamareta\n|\n|upkeep\n|\n|t:|1660920934\n|switch|p2a: Your mom|Aegislash, F|87\/100\n|turn|38\n|\n|t:|1660920947\n|move|p1a: Where My Z Move?|Power Trip|p2a: Your mom\n|-supereffective|p2a: Your mom\n|-damage|p2a: Your mom|0 fnt\n|faint|p2a: Your mom\n|\n|win|Amerillo\n|c|\u2606Amerillo|GGs\n|l|\u2606Elon Musk Rusk\n","uploadtime":1660920956,"views":34,"p1id":"amerillo","p2id":"elonmuskrusk","formatid":"gen8nationaldexdraft","rating":0,"private":0,"password":null}