{"id":"sports-gen8nationaldexdlclegacy-369452","p1":"Bagebers\u2714","p2":"DjezzeMwoan","format":"gen8nationaldexdlclegacy","log":"|j|\u2606Bagebers\u2714\n|j|\u2606DjezzeMwoan\n|t:|1616186423\n|player|p1|Bagebers\u2714|bagebers.png|\n|player|p2|DjezzeMwoan|52|\n|teamsize|p1|6\n|teamsize|p2|6\n|gametype|singles\n|gen|8\n|tier|[Gen 8] National Dex DLC Legacy\n|rule|Sleep Clause Mod: Limit one foe put to sleep\n|rule|OHKO Clause: OHKO moves are banned\n|rule|Evasion Moves Clause: Evasion moves are banned\n|rule|Endless Battle Clause: Forcing endless battles is banned\n|rule|HP Percentage Mod: HP is shown in percentages\n|clearpoke\n|poke|p1|Krookodile, M|\n|poke|p1|Jirachi|\n|poke|p1|Lopunny, F|\n|poke|p1|Jellicent, F|\n|poke|p1|Braviary, M|\n|poke|p1|Kyurem|\n|poke|p2|Melmetal|\n|poke|p2|Hippowdon, F|\n|poke|p2|Rotom-Wash|\n|poke|p2|Infernape, M|\n|poke|p2|Latias, F|\n|poke|p2|Blissey, F|\n|rule|Dynamax Clause: You cannot dynamax\n|teampreview\n|html|<button name=\"send\" class=\"button\" value=\"\/timer ds\"><i class=\"fa fa-hourglass-start\"><\/i> DS Timer<\/button> <button name=\"send\" class=\"button\" value=\"\/timer smogon\"><i class=\"fa fa-hourglass-start\"><\/i> Smogon Timer<\/button>\n|c|\u2606Bagebers\u2714|damn\n|c|\u2606Bagebers\u2714|hf\n|c|\u2606DjezzeMwoan|hf \n|c|\u2606DjezzeMwoan|damn what\n|j| MLG Popplio\n|c| MLG Popplio|les go\n|c|\u2606DjezzeMwoan|yeah lets go\n|c|\u2606Bagebers\u2714|thought you were gonna bring florges\n|c| MLG Popplio|lmfao\n|c| MLG Popplio|blame me for that one\n|c|\u2606DjezzeMwoan|this is true\n|\n|t:|1616186528\n|start\n|switch|p1a: Jellicent|Jellicent, F|100\/100\n|switch|p2a: Vlammen Tornado|Infernape, M|100\/100\n|turn|1\n|\n|t:|1616186607\n|switch|p2a: Kangaroe Trap|Blissey, F|100\/100\n|move|p1a: Jellicent|Scald|p2a: Kangaroe Trap\n|-damage|p2a: Kangaroe Trap|92\/100\n|\n|-heal|p2a: Kangaroe Trap|99\/100|[from] item: Leftovers\n|upkeep\n|turn|2\n|\n|t:|1616186636\n|move|p1a: Jellicent|Taunt|p2a: Kangaroe Trap\n|-start|p2a: Kangaroe Trap|move: Taunt\n|cant|p2a: Kangaroe Trap|move: Taunt|Wish\n|\n|-heal|p2a: Kangaroe Trap|100\/100|[from] item: Leftovers\n|upkeep\n|turn|3\n|c|\u2606DjezzeMwoan|wat is dit nou weer\n|c|\u2606DjezzeMwoan|can you niet\n|\n|t:|1616186653\n|switch|p1a: Braviary|Braviary, M|100\/100\n|switch|p2a: Tsunami Hengst|Rotom-Wash|100\/100\n|\n|upkeep\n|turn|4\n|\n|t:|1616186662\n|switch|p1a: Jellicent|Jellicent, F|100\/100\n|move|p2a: Tsunami Hengst|Discharge|p1a: Jellicent\n|-supereffective|p1a: Jellicent\n|-damage|p1a: Jellicent|53\/100\n|\n|upkeep\n|turn|5\n|\n|t:|1616186670\n|switch|p1a: Krookodile|Krookodile, M|100\/100\n|move|p2a: Tsunami Hengst|Discharge|p1a: Krookodile\n|-immune|p1a: Krookodile\n|\n|upkeep\n|turn|6\n|\n|t:|1616186676\n|move|p1a: Krookodile|Knock Off|p2a: Tsunami Hengst\n|-damage|p2a: Tsunami Hengst|62\/100\n|-enditem|p2a: Tsunami Hengst|Leftovers|[from] move: Knock Off|[of] p1a: Krookodile\n|move|p2a: Tsunami Hengst|Hydro Pump|p1a: Krookodile\n|-supereffective|p1a: Krookodile\n|-crit|p1a: Krookodile\n|-damage|p1a: Krookodile|0 fnt\n|faint|p1a: Krookodile\n|\n|upkeep\n|c|\u2606DjezzeMwoan|sorry for that\n|\n|t:|1616186690\n|switch|p1a: Lopunny|Lopunny, F|100\/100\n|turn|7\n|\n|t:|1616186704\n|switch|p2a: Aardbeving|Hippowdon, F|100\/100\n|detailschange|p1a: Lopunny|Lopunny-Mega, F\n|-mega|p1a: Lopunny|Lopunny|Lopunnite\n|move|p1a: Lopunny|Close Combat|p2a: Aardbeving\n|-damage|p2a: Aardbeving|62\/100\n|-unboost|p1a: Lopunny|def|1\n|-unboost|p1a: Lopunny|spd|1\n|-damage|p1a: Lopunny|84\/100|[from] item: Rocky Helmet|[of] p2a: Aardbeving\n|\n|upkeep\n|turn|8\n|c|\u2606DjezzeMwoan|that mightve mattered idk ur spread\n|c|\u2606Bagebers\u2714|i was AV\n|c|\u2606Bagebers\u2714|so probably\n|c|\u2606Bagebers\u2714|but\n|c|\u2606Bagebers\u2714|whatever\n|c|\u2606DjezzeMwoan|ye that sucks\n|\n|t:|1616186732\n|switch|p1a: Jellicent|Jellicent, F|53\/100\n|move|p2a: Aardbeving|Slack Off|p2a: Aardbeving\n|-heal|p2a: Aardbeving|100\/100\n|\n|upkeep\n|turn|9\n|j| Teleport Veszprem\n|\n|t:|1616186741\n|switch|p2a: Kangaroe Trap|Blissey, F|100\/100\n|move|p1a: Jellicent|Strength Sap|p2a: Kangaroe Trap\n|-unboost|p2a: Kangaroe Trap|atk|1\n|-heal|p1a: Jellicent|65\/100\n|\n|upkeep\n|turn|10\n|\n|t:|1616186747\n|switch|p2a: Tsunami Hengst|Rotom-Wash|62\/100\n|move|p1a: Jellicent|Taunt|p2a: Tsunami Hengst\n|-start|p2a: Tsunami Hengst|move: Taunt\n|\n|upkeep\n|turn|11\n|\n|t:|1616186756\n|switch|p1a: Kyurem|Kyurem|100\/100\n|-ability|p1a: Kyurem|Pressure\n|move|p2a: Tsunami Hengst|Discharge|p1a: Kyurem\n|-resisted|p1a: Kyurem\n|-damage|p1a: Kyurem|89\/100\n|\n|-heal|p1a: Kyurem|96\/100|[from] item: Leftovers\n|upkeep\n|turn|12\n|\n|t:|1616186768\n|switch|p1a: Jellicent|Jellicent, F|65\/100\n|switch|p2a: Ijzeren Muur|Melmetal|100\/100\n|\n|upkeep\n|turn|13\n|c|\u2606DjezzeMwoan|tfw strenght sap recovers like 2 %\n|\n|t:|1616186779\n|switch|p2a: Kangaroe Trap|Blissey, F|100\/100\n|move|p1a: Jellicent|Scald|p2a: Kangaroe Trap\n|-damage|p2a: Kangaroe Trap|92\/100\n|-status|p2a: Kangaroe Trap|brn\n|\n|-heal|p2a: Kangaroe Trap|98\/100 brn|[from] item: Leftovers\n|-damage|p2a: Kangaroe Trap|92\/100 brn|[from] brn\n|upkeep\n|turn|14\n|\n|t:|1616186788\n|switch|p2a: Tsunami Hengst|Rotom-Wash|62\/100\n|move|p1a: Jellicent|Shadow Ball|p2a: Tsunami Hengst\n|-damage|p2a: Tsunami Hengst|37\/100\n|\n|upkeep\n|turn|15\n|\n|t:|1616186800\n|switch|p1a: Kyurem|Kyurem|96\/100\n|-ability|p1a: Kyurem|Pressure\n|move|p2a: Tsunami Hengst|Rest|p2a: Tsunami Hengst\n|-status|p2a: Tsunami Hengst|slp|[from] move: Rest\n|-heal|p2a: Tsunami Hengst|100\/100 slp|[silent]\n|\n|-heal|p1a: Kyurem|100\/100|[from] item: Leftovers\n|upkeep\n|turn|16\n|\n|t:|1616186811\n|switch|p1a: Jellicent|Jellicent, F|65\/100\n|switch|p2a: Kangaroe Trap|Blissey, F|92\/100\n|\n|-heal|p2a: Kangaroe Trap|98\/100|[from] item: Leftovers\n|upkeep\n|turn|17\n|\n|t:|1616186818\n|switch|p2a: Tsunami Hengst|Rotom-Wash|100\/100 slp\n|move|p1a: Jellicent|Taunt|p2a: Tsunami Hengst\n|-start|p2a: Tsunami Hengst|move: Taunt\n|\n|upkeep\n|turn|18\n|\n|t:|1616186824\n|switch|p1a: Lopunny|Lopunny-Mega, F|84\/100\n|cant|p2a: Tsunami Hengst|slp\n|\n|upkeep\n|turn|19\n|\n|t:|1616186829\n|switch|p2a: Aardbeving|Hippowdon, F|100\/100\n|move|p1a: Lopunny|Close Combat|p2a: Aardbeving\n|-damage|p2a: Aardbeving|61\/100\n|-unboost|p1a: Lopunny|def|1\n|-unboost|p1a: Lopunny|spd|1\n|-damage|p1a: Lopunny|67\/100|[from] item: Rocky Helmet|[of] p2a: Aardbeving\n|\n|upkeep\n|turn|20\n|\n|t:|1616186837\n|move|p1a: Lopunny|Triple Axel|p2a: Aardbeving\n|-supereffective|p2a: Aardbeving\n|-damage|p2a: Aardbeving|53\/100\n|-damage|p1a: Lopunny|51\/100|[from] item: Rocky Helmet|[of] p2a: Aardbeving\n|-hitcount|p2a: Aardbeving|1\n|move|p2a: Aardbeving|Slack Off|p2a: Aardbeving\n|-heal|p2a: Aardbeving|100\/100\n|\n|upkeep\n|turn|21\n|c|\u2606DjezzeMwoan|oof\n|c| MLG Popplio|oof\n|c|\u2606Bagebers\u2714|bruh\n|c| MLG Popplio|die is kut\n|c|\u2606DjezzeMwoan|idk if that is lucky or not lol\n|\n|t:|1616186856\n|switch|p1a: Kyurem|Kyurem|100\/100\n|-ability|p1a: Kyurem|Pressure\n|move|p2a: Aardbeving|Stealth Rock|p1a: Kyurem\n|-sidestart|p1: Bagebers\u2714|move: Stealth Rock\n|\n|upkeep\n|turn|22\n|c| MLG Popplio|it is lol\n|c| MLG Popplio|think you died\n|c|\u2606Bagebers\u2714|yep\n|c|\u2606Bagebers\u2714|i don't think i can win\n|c|\u2606Bagebers\u2714|ngl\n|c|\u2606DjezzeMwoan|no ididnt\n|\n|t:|1616186907\n|switch|p1a: Braviary|Braviary, M|100\/100\n|switch|p2a: Kangaroe Trap|Blissey, F|98\/100\n|\n|-heal|p2a: Kangaroe Trap|100\/100|[from] item: Leftovers\n|upkeep\n|turn|23\n|c|\u2606DjezzeMwoan|i lived thaat\n|c| MLG Popplio|ye no nvm\n|c| MLG Popplio|he did\n|\n|t:|1616186917\n|switch|p2a: Ijzeren Muur|Melmetal|100\/100\n|move|p1a: Braviary|Close Combat|p2a: Ijzeren Muur\n|-supereffective|p2a: Ijzeren Muur\n|-damage|p2a: Ijzeren Muur|52\/100\n|-unboost|p1a: Braviary|def|1\n|-unboost|p1a: Braviary|spd|1\n|\n|upkeep\n|turn|24\n|c| MLG Popplio|8 16 24\n|c| MLG Popplio|then it didn't matter much lol\n|\n|t:|1616186929\n|move|p1a: Braviary|Close Combat|p2a: Ijzeren Muur\n|-supereffective|p2a: Ijzeren Muur\n|-damage|p2a: Ijzeren Muur|5\/100\n|-unboost|p1a: Braviary|def|1\n|-unboost|p1a: Braviary|spd|1\n|move|p2a: Ijzeren Muur|Double Iron Bash|p1a: Braviary\n|-damage|p1a: Braviary|7\/100\n|-damage|p1a: Braviary|0 fnt\n|-hitcount|p1a: Braviary|2\n|faint|p1a: Braviary\n|\n|upkeep\n|\n|t:|1616186950\n|switch|p1a: Jirachi|Jirachi|100\/100\n|-damage|p1a: Jirachi|94\/100|[from] Stealth Rock\n|turn|25\n|c|\u2606DjezzeMwoan|and then i got back to good health w slack off\n|c|\u2606DjezzeMwoan|and lopunnny would be dead\n|\n|t:|1616186961\n|switch|p2a: Draken Tornado|Latias, F|100\/100\n|move|p1a: Jirachi|Fire Punch|p2a: Draken Tornado\n|-resisted|p2a: Draken Tornado\n|-damage|p2a: Draken Tornado|90\/100\n|\n|upkeep\n|turn|26\n|\n|t:|1616186968\n|move|p1a: Jirachi|Ice Punch|p2a: Draken Tornado\n|-supereffective|p2a: Draken Tornado\n|-damage|p2a: Draken Tornado|48\/100\n|move|p2a: Draken Tornado|Reflect Type|p1a: Jirachi\n|-start|p2a: Draken Tornado|typechange|[from] move: Reflect Type|[of] p1a: Jirachi\n|\n|upkeep\n|turn|27\n|\n|t:|1616186973\n|move|p1a: Jirachi|Fire Punch|p2a: Draken Tornado\n|-supereffective|p2a: Draken Tornado\n|-damage|p2a: Draken Tornado|8\/100\n|move|p2a: Draken Tornado|Roost|p2a: Draken Tornado\n|-heal|p2a: Draken Tornado|58\/100\n|-singleturn|p2a: Draken Tornado|move: Roost\n|\n|upkeep\n|turn|28\n|\n|t:|1616186980\n|switch|p2a: Aardbeving|Hippowdon, F|100\/100\n|move|p1a: Jirachi|Stealth Rock|p2a: Aardbeving\n|-sidestart|p2: DjezzeMwoan|move: Stealth Rock\n|\n|upkeep\n|turn|29\n|\n|t:|1616186986\n|switch|p1a: Jellicent|Jellicent, F|65\/100\n|-damage|p1a: Jellicent|53\/100|[from] Stealth Rock\n|move|p2a: Aardbeving|Heavy Slam|p1a: Jellicent\n|-resisted|p1a: Jellicent\n|-damage|p1a: Jellicent|47\/100\n|-damage|p2a: Aardbeving|84\/100|[from] item: Rocky Helmet|[of] p1a: Jellicent\n|\n|upkeep\n|turn|30\n|\n|t:|1616186996\n|switch|p2a: Kangaroe Trap|Blissey, F|100\/100\n|-damage|p2a: Kangaroe Trap|88\/100|[from] Stealth Rock\n|move|p1a: Jellicent|Taunt|p2a: Kangaroe Trap\n|-start|p2a: Kangaroe Trap|move: Taunt\n|\n|-heal|p2a: Kangaroe Trap|94\/100|[from] item: Leftovers\n|upkeep\n|turn|31\n|\n|t:|1616187004\n|move|p1a: Jellicent|Strength Sap|p2a: Kangaroe Trap\n|-unboost|p2a: Kangaroe Trap|atk|1\n|-heal|p1a: Jellicent|59\/100\n|move|p2a: Kangaroe Trap|Seismic Toss|p1a: Jellicent\n|-immune|p1a: Jellicent\n|\n|-heal|p2a: Kangaroe Trap|99\/100|[from] item: Leftovers\n|upkeep\n|turn|32\n|\n|t:|1616187013\n|move|p1a: Jellicent|Scald|p2a: Kangaroe Trap\n|-damage|p2a: Kangaroe Trap|92\/100\n|move|p2a: Kangaroe Trap|Seismic Toss|p1a: Jellicent\n|-immune|p1a: Jellicent\n|\n|-heal|p2a: Kangaroe Trap|98\/100|[from] item: Leftovers\n|-end|p2a: Kangaroe Trap|move: Taunt\n|upkeep\n|turn|33\n|\n|t:|1616187022\n|switch|p2a: Tsunami Hengst|Rotom-Wash|100\/100 slp\n|-damage|p2a: Tsunami Hengst|88\/100 slp|[from] Stealth Rock\n|move|p1a: Jellicent|Taunt|p2a: Tsunami Hengst\n|-start|p2a: Tsunami Hengst|move: Taunt\n|\n|upkeep\n|turn|34\n|\n|t:|1616187030\n|switch|p1a: Lopunny|Lopunny-Mega, F|51\/100\n|-damage|p1a: Lopunny|44\/100|[from] Stealth Rock\n|cant|p2a: Tsunami Hengst|slp\n|\n|upkeep\n|turn|35\n|\n|t:|1616187037\n|switch|p2a: Aardbeving|Hippowdon, F|84\/100\n|-damage|p2a: Aardbeving|78\/100|[from] Stealth Rock\n|move|p1a: Lopunny|Close Combat|p2a: Aardbeving\n|-damage|p2a: Aardbeving|42\/100\n|-unboost|p1a: Lopunny|def|1\n|-unboost|p1a: Lopunny|spd|1\n|-damage|p1a: Lopunny|28\/100|[from] item: Rocky Helmet|[of] p2a: Aardbeving\n|\n|upkeep\n|turn|36\n|\n|t:|1616187046\n|move|p1a: Lopunny|Triple Axel|p2a: Aardbeving\n|-supereffective|p2a: Aardbeving\n|-damage|p2a: Aardbeving|34\/100\n|-damage|p1a: Lopunny|11\/100|[from] item: Rocky Helmet|[of] p2a: Aardbeving\n|-supereffective|p2a: Aardbeving\n|-damage|p2a: Aardbeving|17\/100\n|-damage|p1a: Lopunny|0 fnt|[from] item: Rocky Helmet|[of] p2a: Aardbeving\n|-hitcount|p2a: Aardbeving|2\n|faint|p1a: Lopunny\n|move|p2a: Aardbeving|Slack Off|p2a: Aardbeving\n|-heal|p2a: Aardbeving|67\/100\n|\n|upkeep\n|\n|t:|1616187057\n|switch|p1a: Kyurem|Kyurem|100\/100\n|-damage|p1a: Kyurem|76\/100|[from] Stealth Rock\n|-ability|p1a: Kyurem|Pressure\n|turn|37\n|\n|t:|1616187077\n|switch|p2a: Kangaroe Trap|Blissey, F|98\/100\n|-damage|p2a: Kangaroe Trap|86\/100|[from] Stealth Rock\n|move|p1a: Kyurem|Substitute|p1a: Kyurem\n|-start|p1a: Kyurem|Substitute\n|-damage|p1a: Kyurem|51\/100\n|\n|-heal|p1a: Kyurem|57\/100|[from] item: Leftovers\n|-heal|p2a: Kangaroe Trap|92\/100|[from] item: Leftovers\n|upkeep\n|turn|38\n|\n|t:|1616187086\n|move|p1a: Kyurem|Dragon Dance|p1a: Kyurem\n|-boost|p1a: Kyurem|atk|1\n|-boost|p1a: Kyurem|spe|1\n|move|p2a: Kangaroe Trap|Seismic Toss|p1a: Kyurem\n|-activate|p1a: Kyurem|move: Substitute|[damage]\n|\n|-heal|p1a: Kyurem|63\/100|[from] item: Leftovers\n|-heal|p2a: Kangaroe Trap|98\/100|[from] item: Leftovers\n|upkeep\n|turn|39\n|\n|t:|1616187098\n|move|p1a: Kyurem|Dragon Dance|p1a: Kyurem\n|-boost|p1a: Kyurem|atk|1\n|-boost|p1a: Kyurem|spe|1\n|move|p2a: Kangaroe Trap|Seismic Toss|p1a: Kyurem\n|-end|p1a: Kyurem|Substitute\n|\n|-heal|p1a: Kyurem|69\/100|[from] item: Leftovers\n|-heal|p2a: Kangaroe Trap|100\/100|[from] item: Leftovers\n|upkeep\n|turn|40\n|\n|t:|1616187114\n|switch|p2a: Vlammen Tornado|Infernape, M|100\/100\n|-damage|p2a: Vlammen Tornado|88\/100|[from] Stealth Rock\n|move|p1a: Kyurem|Substitute|p1a: Kyurem\n|-start|p1a: Kyurem|Substitute\n|-damage|p1a: Kyurem|44\/100\n|\n|-heal|p1a: Kyurem|50\/100|[from] item: Leftovers\n|upkeep\n|turn|41\n|\n|t:|1616187121\n|move|p1a: Kyurem|Icicle Spear|p2a: Vlammen Tornado\n|-resisted|p2a: Vlammen Tornado\n|-damage|p2a: Vlammen Tornado|69\/100\n|-resisted|p2a: Vlammen Tornado\n|-damage|p2a: Vlammen Tornado|49\/100\n|-resisted|p2a: Vlammen Tornado\n|-damage|p2a: Vlammen Tornado|28\/100\n|-resisted|p2a: Vlammen Tornado\n|-damage|p2a: Vlammen Tornado|9\/100\n|-resisted|p2a: Vlammen Tornado\n|-damage|p2a: Vlammen Tornado|0 fnt\n|-hitcount|p2a: Vlammen Tornado|5\n|faint|p2a: Vlammen Tornado\n|\n|-heal|p1a: Kyurem|57\/100|[from] item: Leftovers\n|upkeep\n|c|\u2606DjezzeMwoan|gg\n|c|\u2606Bagebers\u2714|ok\n|\n|t:|1616187135\n|switch|p2a: Tsunami Hengst|Rotom-Wash|88\/100 slp\n|-damage|p2a: Tsunami Hengst|75\/100 slp|[from] Stealth Rock\n|turn|42\n|\n|t:|1616187147\n|move|p1a: Kyurem|Icicle Spear|p2a: Tsunami Hengst\n|-resisted|p2a: Tsunami Hengst\n|-damage|p2a: Tsunami Hengst|64\/100 slp\n|-resisted|p2a: Tsunami Hengst\n|-damage|p2a: Tsunami Hengst|53\/100 slp\n|-hitcount|p2a: Tsunami Hengst|2\n|-curestatus|p2a: Tsunami Hengst|slp|[msg]\n|move|p2a: Tsunami Hengst|Discharge|p1a: Kyurem\n|-resisted|p1a: Kyurem\n|-crit|p1a: Kyurem\n|-activate|p1a: Kyurem|move: Substitute|[damage]\n|\n|-heal|p1a: Kyurem|63\/100|[from] item: Leftovers\n|upkeep\n|turn|43\n|c| MLG Popplio|lmfao\n|c| MLG Popplio|ok\n|c|\u2606Bagebers\u2714|not over yet\n|\n|t:|1616187158\n|move|p1a: Kyurem|Icicle Spear|p2a: Tsunami Hengst\n|-resisted|p2a: Tsunami Hengst\n|-damage|p2a: Tsunami Hengst|41\/100\n|-resisted|p2a: Tsunami Hengst\n|-crit|p2a: Tsunami Hengst\n|-damage|p2a: Tsunami Hengst|25\/100\n|-hitcount|p2a: Tsunami Hengst|2\n|move|p2a: Tsunami Hengst|Discharge|p1a: Kyurem\n|-resisted|p1a: Kyurem\n|-end|p1a: Kyurem|Substitute\n|\n|-heal|p1a: Kyurem|69\/100|[from] item: Leftovers\n|upkeep\n|turn|44\n|c| MLG Popplio|defenitely is lol\n|\n|t:|1616187168\n|move|p1a: Kyurem|Substitute|p1a: Kyurem\n|-start|p1a: Kyurem|Substitute\n|-damage|p1a: Kyurem|44\/100\n|move|p2a: Tsunami Hengst|Discharge|p1a: Kyurem\n|-resisted|p1a: Kyurem\n|-activate|p1a: Kyurem|move: Substitute|[damage]\n|\n|-heal|p1a: Kyurem|50\/100|[from] item: Leftovers\n|upkeep\n|turn|45\n|\n|t:|1616187176\n|move|p1a: Kyurem|Icicle Spear|p2a: Tsunami Hengst\n|-resisted|p2a: Tsunami Hengst\n|-damage|p2a: Tsunami Hengst|14\/100\n|-resisted|p2a: Tsunami Hengst\n|-damage|p2a: Tsunami Hengst|4\/100\n|-resisted|p2a: Tsunami Hengst\n|-damage|p2a: Tsunami Hengst|0 fnt\n|-hitcount|p2a: Tsunami Hengst|3\n|faint|p2a: Tsunami Hengst\n|\n|-heal|p1a: Kyurem|56\/100|[from] item: Leftovers\n|upkeep\n|\n|t:|1616187179\n|switch|p2a: Aardbeving|Hippowdon, F|67\/100\n|-damage|p2a: Aardbeving|61\/100|[from] Stealth Rock\n|turn|46\n|\n|t:|1616187188\n|move|p1a: Kyurem|Icicle Spear|p2a: Aardbeving\n|-supereffective|p2a: Aardbeving\n|-damage|p2a: Aardbeving|33\/100\n|-supereffective|p2a: Aardbeving\n|-damage|p2a: Aardbeving|4\/100\n|-supereffective|p2a: Aardbeving\n|-damage|p2a: Aardbeving|0 fnt\n|-hitcount|p2a: Aardbeving|3\n|faint|p2a: Aardbeving\n|\n|-heal|p1a: Kyurem|62\/100|[from] item: Leftovers\n|upkeep\n|c|\u2606DjezzeMwoan|ggg\n|\n|t:|1616187195\n|switch|p2a: Ijzeren Muur|Melmetal|5\/100\n|-damage|p2a: Ijzeren Muur|0 fnt|[from] Stealth Rock\n|faint|p2a: Ijzeren Muur\n|c|\u2606Bagebers\u2714|gg\n|\n|t:|1616187197\n|switch|p2a: Draken Tornado|Latias, F|58\/100\n|-damage|p2a: Draken Tornado|46\/100|[from] Stealth Rock\n|turn|47\n|c| MLG Popplio|ggggg\n|\n|t:|1616187208\n|move|p1a: Kyurem|Icicle Spear|p2a: Draken Tornado\n|-supereffective|p2a: Draken Tornado\n|-damage|p2a: Draken Tornado|0 fnt\n|-hitcount|p2a: Draken Tornado|1\n|faint|p2a: Draken Tornado\n|\n|-heal|p1a: Kyurem|69\/100|[from] item: Leftovers\n|upkeep\n|\n|t:|1616187211\n|switch|p2a: Kangaroe Trap|Blissey, F|100\/100\n|-damage|p2a: Kangaroe Trap|88\/100|[from] Stealth Rock\n|turn|48\n|c|\u2606DjezzeMwoan|kanker\n|\n|t:|1616187219\n|move|p1a: Kyurem|Icicle Spear|p2a: Kangaroe Trap\n|-damage|p2a: Kangaroe Trap|63\/100\n|-damage|p2a: Kangaroe Trap|36\/100\n|-damage|p2a: Kangaroe Trap|13\/100\n|-hitcount|p2a: Kangaroe Trap|3\n|move|p2a: Kangaroe Trap|Seismic Toss|p1a: Kyurem\n|-end|p1a: Kyurem|Substitute\n|\n|-heal|p1a: Kyurem|75\/100|[from] item: Leftovers\n|-heal|p2a: Kangaroe Trap|19\/100|[from] item: Leftovers\n|upkeep\n|turn|49\n|c|\u2606DjezzeMwoan|ik dacht dat die kyurem minder dan 100 hp hhad\n|c|\u2606DjezzeMwoan|base 100\n|c|\u2606DjezzeMwoan|dus ik denk gewoon sub breken\n|\n|t:|1616187236\n|move|p1a: Kyurem|Iron Head|p2a: Kangaroe Trap\n|-damage|p2a: Kangaroe Trap|0 fnt\n|faint|p2a: Kangaroe Trap\n|\n|win|Bagebers\u2714\n|c|\u2606Bagebers\u2714|yeah that 5 time hit won it \n|c| MLG Popplio|nop3\n|c|\u2606Bagebers\u2714|gg man\n|c|\u2606DjezzeMwoan|gg\n|l|\u2606DjezzeMwoan\n|l| Teleport Veszprem\n|c|\u2606Bagebers\u2714|kyurem has saved me this season xD\n|l|\u2606Bagebers\u2714\n|j| Lapras\/goodra\n|l| Lapras\/goodra\n|j|\u2606Bagebers\u2714\n|player|p1|Bagebers\u2714|bagebers.png\n","uploadtime":1616187358,"views":27,"p1id":"bagebers","p2id":"djezzemwoan","formatid":"gen8nationaldexdlclegacy","rating":0,"private":0,"password":null}