{"id":"sports-gen8nationaldexdraft-592249","p1":"MAVERICK SHOOTERS","p2":"jtk81","format":"gen8nationaldexdraft","log":"|j|\u2606MAVERICK SHOOTERS\n|j|\u2606jtk81\n|t:|1644734849\n|gametype|singles\n|player|p1|MAVERICK SHOOTERS|170|\n|player|p2|jtk81|n|\n|teamsize|p1|6\n|teamsize|p2|6\n|gen|8\n|tier|[Gen 8] National Dex Draft\n|rule|Sleep Clause Mod: Limit one foe put to sleep\n|rule|OHKO Clause: OHKO moves are banned\n|rule|Evasion Moves Clause: Evasion moves are banned\n|rule|Endless Battle Clause: Forcing endless battles is banned\n|rule|HP Percentage Mod: HP is shown in percentages\n|rule|Dynamax Clause: You cannot dynamax\n|clearpoke\n|poke|p1|Landorus, M|\n|poke|p1|Aggron, F|\n|poke|p1|Milotic, M|\n|poke|p1|Latias, F|\n|poke|p1|Volbeat, M|\n|poke|p1|Kangaskhan, F|\n|poke|p2|Landorus-Therian, M|\n|poke|p2|Kartana|\n|poke|p2|Gyarados, F|\n|poke|p2|Deoxys-Defense|\n|poke|p2|Regieleki|\n|poke|p2|Altaria, F|\n|teampreview\n|html|<button name=\"send\" class=\"button\" value=\"\/timer ds\"><i class=\"fa fa-hourglass-start\"><\/i> DS Timer<\/button> <button name=\"send\" class=\"button\" value=\"\/timer smogon\"><i class=\"fa fa-hourglass-start\"><\/i> Smogon Timer<\/button>\n|c|\u2606jtk81|glhf\n|c|\u2606MAVERICK SHOOTERS|hf\n|j| PorygonTheBot\n|c| PorygonTheBot|Porygon has digitized into the match... booting up... successfully calibrating stats!\n|c|\u2606MAVERICK SHOOTERS|just know \n|c|\u2606MAVERICK SHOOTERS|this match is doomed from the start \n|c|\u2606MAVERICK SHOOTERS|tho enjoy the sets \n|j| TEC Vanilla\n|j| hypergames255\n|c|\u2606jtk81|i mean gotta do what you gotta do\n|c| TEC Vanilla|glhf\n|c|\u2606jtk81|unfortunately i have to play this out to try for POs\n|c|\u2606MAVERICK SHOOTERS|nah i didnt wanna do this \n|c|\u2606MAVERICK SHOOTERS|but i play u in playoff\n|c|\u2606MAVERICK SHOOTERS|so cant bring srs stuff\n|\n|t:|1644734942\n|start\n|switch|p1a: Kangaskhan|Kangaskhan, F|100\/100\n|switch|p2a: Deoxys|Deoxys-Defense|100\/100\n|-ability|p2a: Deoxys|Pressure\n|turn|1\n|\n|t:|1644734949\n|move|p1a: Kangaskhan|Double-Edge|p2a: Deoxys\n|-damage|p2a: Deoxys|39\/100\n|-damage|p1a: Kangaskhan|84\/100|[from] item: Rocky Helmet|[of] p2a: Deoxys\n|-damage|p1a: Kangaskhan|66\/100|[from] Recoil\n|move|p2a: Deoxys|Taunt|p1a: Kangaskhan\n|-start|p1a: Kangaskhan|move: Taunt\n|\n|upkeep\n|turn|2\n|c|\u2606MAVERICK SHOOTERS|BASHOOM\n|\n|t:|1644734957\n|switch|p2a: Landorus|Landorus-Therian, M|100\/100\n|-ability|p2a: Landorus|Intimidate|boost\n|-fail|p1a: Kangaskhan|unboost|Attack|[from] ability: Inner Focus|[of] p1a: Kangaskhan\n|move|p1a: Kangaskhan|Double-Edge|p2a: Landorus\n|-damage|p2a: Landorus|23\/100\n|-damage|p1a: Kangaskhan|38\/100|[from] Recoil\n|\n|-heal|p2a: Landorus|29\/100|[from] item: Leftovers\n|upkeep\n|turn|3\n|c|\u2606MAVERICK SHOOTERS|pazz\n|c|\u2606jtk81|thonk\n|c| hypergames255|:thonk:\n|\n|t:|1644735046\n|switch|p2a: Kartana|Kartana|100\/100\n|move|p1a: Kangaskhan|Double-Edge|p2a: Kartana\n|-resisted|p2a: Kartana\n|-crit|p2a: Kartana\n|-damage|p2a: Kartana|33\/100\n|-damage|p1a: Kangaskhan|22\/100|[from] Recoil\n|\n|upkeep\n|turn|4\n|\n|t:|1644735095\n|switch|p1a: Volbeat|Volbeat, M|100\/100\n|move|p2a: Kartana|Knock Off|p1a: Volbeat\n|-damage|p1a: Volbeat|45\/100\n|-enditem|p1a: Volbeat|Heavy-Duty Boots|[from] move: Knock Off|[of] p2a: Kartana\n|\n|upkeep\n|turn|5\n|\n|t:|1644735121\n|switch|p2a: Regieleki|Regieleki|100\/100\n|move|p1a: Volbeat|Roost|p1a: Volbeat\n|-heal|p1a: Volbeat|95\/100\n|-singleturn|p1a: Volbeat|move: Roost\n|\n|upkeep\n|turn|6\n|\n|t:|1644735178\n|switch|p1a: Landorus|Landorus, M|100\/100\n|move|p2a: Regieleki|Light Screen|p2a: Regieleki\n|-sidestart|p2: jtk81|move: Light Screen\n|\n|upkeep\n|turn|7\n|c|\u2606MAVERICK SHOOTERS|i was gonna stay in too \n|c|\u2606MAVERICK SHOOTERS|paz\n|\n|t:|1644735200\n|switch|p2a: Gyarados|Gyarados, F|100\/100\n|-ability|p2a: Gyarados|Intimidate|boost\n|-unboost|p1a: Landorus|atk|1\n|move|p1a: Landorus|Earth Power|p2a: Gyarados\n|-immune|p2a: Gyarados\n|\n|upkeep\n|turn|8\n|\n|t:|1644735212\n|switch|p1a: Milotic|Milotic, M|100\/100\n|move|p2a: Gyarados|Waterfall|p1a: Milotic\n|-resisted|p1a: Milotic\n|-damage|p1a: Milotic|86\/100\n|\n|upkeep\n|turn|9\n|\n|t:|1644735218\n|move|p2a: Gyarados|Dragon Dance|p2a: Gyarados\n|-boost|p2a: Gyarados|atk|1\n|-boost|p2a: Gyarados|spe|1\n|move|p1a: Milotic|Toxic|p2a: Gyarados\n|-status|p2a: Gyarados|tox\n|\n|-damage|p2a: Gyarados|94\/100 tox|[from] psn\n|upkeep\n|turn|10\n|\n|t:|1644735236\n|move|p2a: Gyarados|Power Whip|p1a: Milotic\n|-supereffective|p1a: Milotic\n|-enditem|p1a: Milotic|Rindo Berry|[eat]\n|-enditem|p1a: Milotic|Rindo Berry|[weaken]\n|-damage|p1a: Milotic|39\/100\n|move|p1a: Milotic|Flip Turn|p2a: Gyarados\n|-resisted|p2a: Gyarados\n|-damage|p2a: Gyarados|87\/100 tox\n|\n|t:|1644735243\n|switch|p1a: Volbeat|Volbeat, M|95\/100|[from]move: Flip Turn\n|\n|-damage|p2a: Gyarados|74\/100 tox|[from] psn\n|-sideend|p2: jtk81|move: Light Screen\n|upkeep\n|turn|11\n|\n|t:|1644735246\n|switch|p2a: Regieleki|Regieleki|100\/100\n|move|p1a: Volbeat|U-turn|p2a: Regieleki\n|-damage|p2a: Regieleki|63\/100\n|l| hypergames255\n|\n|t:|1644735259\n|switch|p1a: Landorus|Landorus, M|100\/100|[from]move: U-turn\n|\n|upkeep\n|turn|12\n|j| Amerillo\n|j| hypergames255\n|\n|t:|1644735297\n|switch|p2a: Gyarados|Gyarados, F|74\/100 tox\n|-ability|p2a: Gyarados|Intimidate|boost\n|-unboost|p1a: Landorus|atk|1\n|switch|p1a: Kangaskhan|Kangaskhan, F|22\/100\n|\n|-damage|p2a: Gyarados|68\/100 tox|[from] psn\n|upkeep\n|turn|13\n|c| Amerillo|Neither one of u deserves to win. No nicknames\n|\n|t:|1644735308\n|move|p1a: Kangaskhan|Double-Edge|p2a: Gyarados\n|-damage|p2a: Gyarados|0 fnt\n|faint|p2a: Gyarados\n|-damage|p1a: Kangaskhan|0 fnt|[from] Recoil\n|faint|p1a: Kangaskhan\n|\n|upkeep\n|c|\u2606MAVERICK SHOOTERS|i had nicknames \n|c|\u2606MAVERICK SHOOTERS|which prison gave\n|c|\u2606MAVERICK SHOOTERS|removed em \n|c| Amerillo|This league really just is \"who can use prison sets better\", orn, then the rest of us \n|c|\u2606MAVERICK SHOOTERS|nah i removed prison sets\n|c|\u2606MAVERICK SHOOTERS|and made them memes\n|c|\u2606MAVERICK SHOOTERS|and look\n|c|\u2606MAVERICK SHOOTERS|what it did\n|\n|t:|1644735446\n|switch|p1a: Landorus|Landorus, M|100\/100\n|switch|p2a: Regieleki|Regieleki|63\/100\n|turn|14\n|\n|t:|1644735459\n|move|p2a: Regieleki|Light Screen|p2a: Regieleki\n|-sidestart|p2: jtk81|move: Light Screen\n|move|p1a: Landorus|Psychic|p2a: Regieleki\n|-damage|p2a: Regieleki|16\/100\n|\n|upkeep\n|turn|15\n|\n|t:|1644735468\n|switch|p2a: Deoxys|Deoxys-Defense|39\/100\n|-ability|p2a: Deoxys|Pressure\n|move|p1a: Landorus|Earth Power|p2a: Deoxys\n|-damage|p2a: Deoxys|17\/100\n|\n|upkeep\n|turn|16\n|\n|t:|1644735476\n|switch|p2a: Altaria|Altaria, F|100\/100\n|move|p1a: Landorus|Knock Off|p2a: Altaria\n|-damage|p2a: Altaria|70\/100\n|-damage|p1a: Landorus|91\/100|[from] item: Life Orb\n|\n|upkeep\n|turn|17\n|\n|t:|1644735487\n|switch|p1a: Volbeat|Volbeat, M|95\/100\n|switch|p2a: Kartana|Kartana|33\/100\n|\n|upkeep\n|turn|18\n|\n|t:|1644735496\n|move|p2a: Kartana|Smart Strike|p1a: Volbeat\n|-damage|p1a: Volbeat|36\/100\n|move|p1a: Volbeat|U-turn|p2a: Kartana\n|-damage|p2a: Kartana|14\/100\n|c|\u2606MAVERICK SHOOTERS|oh wait\n|c|\u2606MAVERICK SHOOTERS|i forgot this move existed\n|\n|t:|1644735535\n|switch|p1a: Aggron|Aggron, F|100\/100|[from]move: U-turn\n|\n|-sideend|p2: jtk81|move: Light Screen\n|upkeep\n|turn|19\n|\n|t:|1644735550\n|switch|p2a: Landorus|Landorus-Therian, M|29\/100\n|-ability|p2a: Landorus|Intimidate|boost\n|-unboost|p1a: Aggron|atk|1\n|detailschange|p1a: Aggron|Aggron-Mega, F\n|-mega|p1a: Aggron|Aggron|Aggronite\n|move|p1a: Aggron|Iron Defense|p1a: Aggron\n|-boost|p1a: Aggron|def|2\n|\n|-heal|p2a: Landorus|35\/100|[from] item: Leftovers\n|upkeep\n|turn|20\n|c| Amerillo|The win  button. Ofcourse \n|l| Amerillo\n|c|\u2606MAVERICK SHOOTERS|jtk must be so frustrated rn lol,i called all his doubles i think \n|c|\u2606MAVERICK SHOOTERS|now i even know this lando has earth power \n|\n|t:|1644735639\n|move|p2a: Landorus|Stealth Rock|p1a: Aggron\n|-sidestart|p1: MAVERICK SHOOTERS|move: Stealth Rock\n|move|p1a: Aggron|Body Press|p2a: Landorus\n|-resisted|p2a: Landorus\n|-damage|p2a: Landorus|0 fnt\n|faint|p2a: Landorus\n|\n|upkeep\n|\n|t:|1644735643\n|switch|p2a: Deoxys|Deoxys-Defense|17\/100\n|-ability|p2a: Deoxys|Pressure\n|turn|21\n|\n|t:|1644735653\n|move|p2a: Deoxys|Recover|p2a: Deoxys\n|-heal|p2a: Deoxys|67\/100\n|move|p1a: Aggron|Iron Defense|p1a: Aggron\n|-boost|p1a: Aggron|def|2\n|\n|upkeep\n|turn|22\n|j| Amerillo\n|\n|t:|1644735665\n|move|p2a: Deoxys|Taunt|p1a: Aggron\n|-start|p1a: Aggron|move: Taunt\n|move|p1a: Aggron|Body Press|p2a: Deoxys\n|-resisted|p2a: Deoxys\n|-damage|p2a: Deoxys|24\/100\n|-damage|p1a: Aggron|84\/100|[from] item: Rocky Helmet|[of] p2a: Deoxys\n|\n|upkeep\n|turn|23\n|\n|t:|1644735672\n|move|p2a: Deoxys|Recover|p2a: Deoxys\n|-heal|p2a: Deoxys|74\/100\n|move|p1a: Aggron|Body Press|p2a: Deoxys\n|-resisted|p2a: Deoxys\n|-damage|p2a: Deoxys|32\/100\n|-damage|p1a: Aggron|67\/100|[from] item: Rocky Helmet|[of] p2a: Deoxys\n|\n|upkeep\n|turn|24\n|\n|t:|1644735679\n|move|p2a: Deoxys|Recover|p2a: Deoxys\n|-heal|p2a: Deoxys|82\/100\n|move|p1a: Aggron|Body Press|p2a: Deoxys\n|-resisted|p2a: Deoxys\n|-damage|p2a: Deoxys|42\/100\n|-damage|p1a: Aggron|51\/100|[from] item: Rocky Helmet|[of] p2a: Deoxys\n|\n|-end|p1a: Aggron|move: Taunt\n|upkeep\n|turn|25\n|\n|t:|1644735737\n|move|p2a: Deoxys|Taunt|p1a: Aggron\n|-start|p1a: Aggron|move: Taunt\n|cant|p1a: Aggron|move: Taunt|Iron Defense\n|\n|upkeep\n|turn|26\n|\n|t:|1644735745\n|switch|p1a: Volbeat|Volbeat, M|36\/100\n|-damage|p1a: Volbeat|11\/100|[from] Stealth Rock\n|move|p2a: Deoxys|Recover|p2a: Deoxys\n|-heal|p2a: Deoxys|92\/100\n|\n|upkeep\n|turn|27\n|\n|t:|1644735752\n|move|p1a: Volbeat|Roost|p1a: Volbeat\n|-heal|p1a: Volbeat|61\/100\n|-singleturn|p1a: Volbeat|move: Roost\n|move|p2a: Deoxys|Spikes|p1a: Volbeat\n|-sidestart|p1: MAVERICK SHOOTERS|Spikes\n|\n|upkeep\n|turn|28\n|\n|t:|1644735763\n|switch|p2a: Altaria|Altaria, F|70\/100\n|move|p1a: Volbeat|Toxic|p2a: Altaria\n|-status|p2a: Altaria|tox\n|\n|-damage|p2a: Altaria|64\/100 tox|[from] psn\n|upkeep\n|turn|29\n|\n|t:|1644735770\n|move|p1a: Volbeat|Roost|p1a: Volbeat\n|-heal|p1a: Volbeat|100\/100\n|-singleturn|p1a: Volbeat|move: Roost\n|move|p2a: Altaria|Roost|p2a: Altaria\n|-heal|p2a: Altaria|100\/100 tox\n|-singleturn|p2a: Altaria|move: Roost\n|\n|-damage|p2a: Altaria|88\/100 tox|[from] psn\n|upkeep\n|turn|30\n|\n|t:|1644735777\n|-curestatus|p2a: Altaria|tox|[from] ability: Natural Cure\n|switch|p2a: Deoxys|Deoxys-Defense|92\/100\n|-ability|p2a: Deoxys|Pressure\n|move|p1a: Volbeat|Encore||[still]\n|-fail|p1a: Volbeat\n|\n|upkeep\n|turn|31\n|\n|t:|1644735815\n|move|p1a: Volbeat|Toxic|p2a: Deoxys|[miss]\n|-miss|p1a: Volbeat|p2a: Deoxys\n|move|p2a: Deoxys|Toxic|p1a: Volbeat\n|-status|p1a: Volbeat|tox\n|\n|-damage|p1a: Volbeat|95\/100 tox|[from] psn\n|upkeep\n|turn|32\n|c|\u2606jtk81|damn\n|c|\u2606jtk81|you called the 50\/50 too\n|c|\u2606MAVERICK SHOOTERS|but i get haxxed \n|\n|t:|1644735844\n|switch|p2a: Altaria|Altaria, F|88\/100\n|move|p1a: Volbeat|U-turn|p2a: Altaria\n|-resisted|p2a: Altaria\n|-damage|p2a: Altaria|78\/100\n|c| Amerillo|Safe 50-50 for him to click toxic tbh\n|c| hypergames255|toxic is one of the most inaccurate moves ever, I swear it's more like 40%\n|\n|t:|1644735865\n|switch|p1a: Landorus|Landorus, M|91\/100|[from]move: U-turn\n|-damage|p1a: Landorus|79\/100|[from] Stealth Rock\n|\n|upkeep\n|turn|33\n|\n|t:|1644735937\n|switch|p2a: Deoxys|Deoxys-Defense|92\/100\n|-ability|p2a: Deoxys|Pressure\n|move|p1a: Landorus|Sludge Wave|p2a: Deoxys\n|-damage|p2a: Deoxys|61\/100\n|\n|upkeep\n|turn|34\n|\n|t:|1644736019\n|switch|p2a: Regieleki|Regieleki|16\/100\n|move|p1a: Landorus|Earth Power|p2a: Regieleki\n|-supereffective|p2a: Regieleki\n|-damage|p2a: Regieleki|0 fnt\n|faint|p2a: Regieleki\n|\n|upkeep\n|\n|t:|1644736021\n|switch|p2a: Kartana|Kartana|14\/100\n|turn|35\n|l| hypergames255\n|j| hypergames255\n|\n|t:|1644736128\n|switch|p1a: Milotic|Milotic, M|39\/100\n|-damage|p1a: Milotic|26\/100|[from] Stealth Rock\n|-damage|p1a: Milotic|14\/100|[from] Spikes\n|move|p2a: Kartana|Leaf Blade|p1a: Milotic\n|-supereffective|p1a: Milotic\n|-damage|p1a: Milotic|0 fnt\n|faint|p1a: Milotic\n|-ability|p2a: Kartana|Beast Boost|boost\n|-boost|p2a: Kartana|atk|1\n|\n|upkeep\n|\n|t:|1644736141\n|switch|p1a: Latias|Latias, F|100\/100\n|-damage|p1a: Latias|88\/100|[from] Stealth Rock\n|turn|36\n|l| Amerillo\n|\n|t:|1644736199\n|move|p1a: Latias|Aura Sphere|p2a: Kartana\n|-supereffective|p2a: Kartana\n|-damage|p2a: Kartana|0 fnt\n|faint|p2a: Kartana\n|\n|upkeep\n|j| Amerillo\n|\n|t:|1644736204\n|switch|p2a: Altaria|Altaria, F|78\/100\n|turn|37\n|c|\u2606MAVERICK SHOOTERS|this game had gotten so much closer than it needed to lol\n|\n|t:|1644736236\n|move|p1a: Latias|Calm Mind|p1a: Latias\n|-boost|p1a: Latias|spa|1\n|-boost|p1a: Latias|spd|1\n|move|p2a: Altaria|Dragon Dance|p2a: Altaria\n|-boost|p2a: Altaria|atk|1\n|-boost|p2a: Altaria|spe|1\n|\n|upkeep\n|turn|38\n|\n|t:|1644736250\n|detailschange|p2a: Altaria|Altaria-Mega, F\n|-mega|p2a: Altaria|Altaria|Altarianite\n|move|p2a: Altaria|Body Slam|p1a: Latias\n|-supereffective|p1a: Latias\n|-damage|p1a: Latias|0 fnt\n|faint|p1a: Latias\n|\n|upkeep\n|\n|t:|1644736257\n|switch|p1a: Volbeat|Volbeat, M|95\/100 tox\n|-damage|p1a: Volbeat|82\/100 tox|[from] Spikes\n|-damage|p1a: Volbeat|57\/100 tox|[from] Stealth Rock\n|turn|39\n|\n|t:|1644736264\n|move|p1a: Volbeat|Roost|p1a: Volbeat\n|-heal|p1a: Volbeat|100\/100 tox\n|-singleturn|p1a: Volbeat|move: Roost\n|move|p2a: Altaria|Body Slam|p1a: Volbeat\n|-damage|p1a: Volbeat|42\/100 tox\n|\n|-damage|p1a: Volbeat|36\/100 tox|[from] psn\n|upkeep\n|turn|40\n|\n|t:|1644736266\n|move|p1a: Volbeat|Toxic|p2a: Altaria|[miss]\n|-miss|p1a: Volbeat|p2a: Altaria\n|move|p2a: Altaria|Body Slam|p1a: Volbeat\n|-damage|p1a: Volbeat|0 fnt\n|faint|p1a: Volbeat\n|\n|upkeep\n|c|\u2606MAVERICK SHOOTERS|...\n|\n|t:|1644736272\n|switch|p1a: Aggron|Aggron-Mega, F|51\/100\n|-damage|p1a: Aggron|45\/100|[from] Stealth Rock\n|-damage|p1a: Aggron|32\/100|[from] Spikes\n|turn|41\n|c|\u2606MAVERICK SHOOTERS|gg\n|c|\u2606MAVERICK SHOOTERS|the dual toxic miss \n|c|\u2606MAVERICK SHOOTERS|sucks\n|\n|t:|1644736300\n|switch|p2a: Deoxys|Deoxys-Defense|61\/100\n|-ability|p2a: Deoxys|Pressure\n|move|p1a: Aggron|Rest|p1a: Aggron\n|-status|p1a: Aggron|slp|[from] move: Rest\n|-heal|p1a: Aggron|100\/100 slp|[silent]\n|\n|upkeep\n|turn|42\n|j| Myriadmoon\n|c| TEC Vanilla|No Quake \n|\n|t:|1644736311\n|switch|p1a: Landorus|Landorus, M|79\/100\n|-damage|p1a: Landorus|66\/100|[from] Stealth Rock\n|move|p2a: Deoxys|Recover|p2a: Deoxys\n|-heal|p2a: Deoxys|100\/100\n|\n|upkeep\n|turn|43\n|c| Amerillo|Or fire blast\n|c|\u2606MAVERICK SHOOTERS|what\n|c|\u2606MAVERICK SHOOTERS|LOL\n|c| Amerillo|Shocked\n|\n|t:|1644736349\n|move|p1a: Landorus|Earth Power|p2a: Deoxys\n|-damage|p2a: Deoxys|52\/100\n|move|p2a: Deoxys|Recover|p2a: Deoxys\n|-heal|p2a: Deoxys|100\/100\n|\n|upkeep\n|turn|44\n|\n|t:|1644736379\n|move|p1a: Landorus|Knock Off|p2a: Deoxys\n|-supereffective|p2a: Deoxys\n|-damage|p2a: Deoxys|44\/100\n|-damage|p1a: Landorus|50\/100|[from] item: Rocky Helmet|[of] p2a: Deoxys\n|-enditem|p2a: Deoxys|Rocky Helmet|[from] move: Knock Off|[of] p1a: Landorus\n|-damage|p1a: Landorus|40\/100|[from] item: Life Orb\n|move|p2a: Deoxys|Recover|p2a: Deoxys\n|-heal|p2a: Deoxys|94\/100\n|\n|upkeep\n|turn|45\n|\n|t:|1644736391\n|move|p1a: Landorus|Earth Power|p2a: Deoxys\n|-damage|p2a: Deoxys|43\/100\n|move|p2a: Deoxys|Recover|p2a: Deoxys\n|-heal|p2a: Deoxys|94\/100\n|\n|upkeep\n|turn|46\n|\n|t:|1644736397\n|move|p1a: Landorus|Earth Power|p2a: Deoxys\n|-damage|p2a: Deoxys|45\/100\n|move|p2a: Deoxys|Recover|p2a: Deoxys\n|-heal|p2a: Deoxys|96\/100\n|\n|upkeep\n|turn|47\n|\n|t:|1644736407\n|move|p1a: Landorus|Sludge Wave|p2a: Deoxys\n|-damage|p2a: Deoxys|64\/100\n|move|p2a: Deoxys|Recover|p2a: Deoxys\n|-heal|p2a: Deoxys|100\/100\n|\n|upkeep\n|turn|48\n|\n|t:|1644736412\n|move|p1a: Landorus|Earth Power|p2a: Deoxys\n|-crit|p2a: Deoxys\n|-damage|p2a: Deoxys|29\/100\n|move|p2a: Deoxys|Toxic|p1a: Landorus\n|-status|p1a: Landorus|tox\n|\n|-damage|p1a: Landorus|34\/100 tox|[from] psn\n|upkeep\n|turn|49\n|c|\u2606MAVERICK SHOOTERS|LOL\n|c|\u2606MAVERICK SHOOTERS|welp\n|c|\u2606MAVERICK SHOOTERS|gg\n|c|\u2606jtk81|wow\n|c|\u2606jtk81|gg\n|c| Amerillo|The rng take and give\n|c|\u2606MAVERICK SHOOTERS|even if i didnt crit \n|c|\u2606MAVERICK SHOOTERS|magg won \n|c| Amerillo|Since no quake yea\n|c|\u2606MAVERICK SHOOTERS|cuz sleep talk doesnt take pp from body press\n|\n|t:|1644736471\n|move|p1a: Landorus|Earth Power|p2a: Deoxys\n|-damage|p2a: Deoxys|0 fnt\n|faint|p2a: Deoxys\n|\n|-damage|p1a: Landorus|22\/100 tox|[from] psn\n|upkeep\n|\n|t:|1644736473\n|switch|p2a: Altaria|Altaria-Mega, F|78\/100\n|turn|50\n|\n|t:|1644736475\n|move|p1a: Landorus|Sludge Wave|p2a: Altaria\n|-supereffective|p2a: Altaria\n|-damage|p2a: Altaria|0 fnt\n|faint|p2a: Altaria\n|\n|win|MAVERICK SHOOTERS\n|l| PorygonTheBot\n|c|\u2606jtk81|well\n|c|\u2606jtk81|dont i just taunt the sleep talk\n|c|\u2606jtk81|?\n|c|\u2606jtk81|idk\n|c|\u2606MAVERICK SHOOTERS|idk if sleep talk gets taunt \n|c|\u2606MAVERICK SHOOTERS|and i mean \n|c| Amerillo|Even better for him\n|c|\u2606MAVERICK SHOOTERS|i should of always been winning \n|c|\u2606MAVERICK SHOOTERS|if i didnt miss 2 toxics\n|c|\u2606MAVERICK SHOOTERS|so its fair \n|c| Amerillo|Bc he outstalls ur PP \n|c|\u2606jtk81|well that means hes forced to click body press\n|c| Amerillo|Rest turns dont consume Pp \n|c|\u2606jtk81|true\n|c|\u2606MAVERICK SHOOTERS|guys\n|c|\u2606MAVERICK SHOOTERS|why we missing\n|c| Amerillo|But yeah B press once awake \n|c| TEC Vanilla|What was the last move on the Alt?\n|c|\u2606MAVERICK SHOOTERS|that i missed my toxic on deo d \n|c|\u2606jtk81|it was defog \n|c| TEC Vanilla|I see\n|c| Amerillo|We're not. \n|c|\u2606MAVERICK SHOOTERS|game would of ended 30 turns before if i landed \n|c|\u2606MAVERICK SHOOTERS|lel\n|c|\u2606MAVERICK SHOOTERS|defog\n|c|\u2606MAVERICK SHOOTERS|ew\n|c| Amerillo|I understand RNG hardship\n|c|\u2606MAVERICK SHOOTERS|7 weeks in a row \n|c|\u2606MAVERICK SHOOTERS|no defog\n|c| Amerillo|Yeah defog on dd is weird\n|c| Amerillo|Especially with stacking deo\n|c|\u2606jtk81|yea im not gonna get into specifics but this team got widely changed by other people\n|c|\u2606jtk81|prolly shouldve quality checked further but\n|c|\u2606jtk81|whatev\n|l|\u2606jtk81\n|l| Myriadmoon\n|l| hypergames255\n|l|\u2606MAVERICK SHOOTERS\n|l| TEC Vanilla\n|l| Amerillo\n|j|\u2606jtk81\n|player|p2|jtk81|n\n","uploadtime":1644736476,"views":57,"p1id":"maverickshooters","p2id":"jtk81","formatid":"gen8nationaldexdraft","rating":0,"private":0,"password":null}