{"id":"sports-gen8nationaldexlegacy-303289","p1":"TehranTyphlosions","p2":"jeanmachine22","format":"gen8nationaldexlegacy","log":"|j|\u2606TehranTyphlosions\n|j|\u2606jeanmachine22\n|t:|1608526495\n|player|p1|TehranTyphlosions|clair|\n|player|p2|jeanmachine22|jeanmachine22.png|\n|teamsize|p1|6\n|teamsize|p2|6\n|gametype|singles\n|gen|8\n|tier|[Gen 8] National Dex Legacy\n|rule|Sleep Clause Mod: Limit one foe put to sleep\n|rule|OHKO Clause: OHKO moves are banned\n|rule|Evasion Moves Clause: Evasion moves are banned\n|rule|Endless Battle Clause: Forcing endless battles is banned\n|rule|HP Percentage Mod: HP is shown in percentages\n|clearpoke\n|poke|p1|Drifblim, F|\n|poke|p1|Hoopa-Unbound|\n|poke|p1|Charizard, M|\n|poke|p1|Rotom-Wash|\n|poke|p1|Melmetal|\n|poke|p1|Tapu Koko|\n|poke|p2|Medicham, M|\n|poke|p2|Volcanion|\n|poke|p2|Pikachu, F|\n|poke|p2|Celesteela|\n|poke|p2|Hydreigon, F|\n|poke|p2|Spectrier|\n|rule|Dynamax Clause: You cannot dynamax\n|teampreview\n|html|<button name=\"send\" class=\"button\" value=\"\/timer ds\"><i class=\"fa fa-hourglass-start\"><\/i> DS Timer<\/button> <button name=\"send\" class=\"button\" value=\"\/timer smogon\"><i class=\"fa fa-hourglass-start\"><\/i> Smogon Timer<\/button>\n|c|\u2606TehranTyphlosions|gl gl\n|c|\u2606jeanmachine22|u 2\n|j| Pineco Guru\n|c| Pineco Guru|go jean!\n|\n|t:|1608526535\n|start\n|switch|p1a: Tapu Koko|Tapu Koko|100\/100\n|switch|p2a: Cammy|Pikachu, F|100\/100\n|-fieldstart|move: Electric Terrain|[from] ability: Electric Surge|[of] p1a: Tapu Koko\n|turn|1\n|j| Not EGACammy\n|j| EGADrifblims\n|\n|t:|1608526543\n|move|p1a: Tapu Koko|Dazzling Gleam|p2a: Cammy\n|-damage|p2a: Cammy|0 fnt\n|faint|p2a: Cammy\n|\n|upkeep\n|c|\u2606jeanmachine22|rip\n|c| Not EGACammy|wrong format smh my head\n|c| Not EGACammy|it's cool tho if no one had a problem bringing sets you're good\n|\n|t:|1608526578\n|switch|p2a: Plant|Volcanion|100\/100\n|turn|2\n|\n|t:|1608526583\n|switch|p1a: Rotom|Rotom-Wash|100\/100\n|move|p2a: Plant|Flame Charge|p1a: Rotom\n|-resisted|p1a: Rotom\n|-damage|p1a: Rotom|88\/100\n|-boost|p2a: Plant|spe|1\n|\n|-heal|p1a: Rotom|95\/100|[from] item: Leftovers\n|upkeep\n|turn|3\n|\n|t:|1608526589\n|move|p2a: Plant|Steam Eruption|p1a: Rotom\n|-resisted|p1a: Rotom\n|-damage|p1a: Rotom|55\/100\n|-status|p1a: Rotom|brn\n|move|p1a: Rotom|Thunderbolt|p2a: Plant\n|-supereffective|p2a: Plant\n|-damage|p2a: Plant|6\/100\n|-enditem|p2a: Plant|Weakness Policy\n|-boost|p2a: Plant|atk|2|[from] item: Weakness Policy\n|-boost|p2a: Plant|spa|2|[from] item: Weakness Policy\n|\n|-heal|p1a: Rotom|61\/100 brn|[from] item: Leftovers\n|-damage|p1a: Rotom|55\/100 brn|[from] brn\n|upkeep\n|turn|4\n|c| Not EGACammy|hi plant\n|j| Bananacrazy111\n|c| Bananacrazy111|wait\n|\n|t:|1608526595\n|move|p2a: Plant|Steam Eruption|p1a: Rotom\n|-resisted|p1a: Rotom\n|-damage|p1a: Rotom|0 fnt\n|faint|p1a: Rotom\n|\n|upkeep\n|j| ASword6\n|\n|t:|1608526617\n|switch|p1a: Hoopa|Hoopa-Unbound|100\/100\n|turn|5\n|\n|t:|1608526620\n|move|p1a: Hoopa|Hyperspace Fury|p2a: Plant\n|-damage|p2a: Plant|0 fnt\n|-unboost|p1a: Hoopa|def|1\n|faint|p2a: Plant\n|\n|-fieldend|move: Electric Terrain\n|upkeep\n|\n|t:|1608526624\n|switch|p2a: Tyler|Hydreigon, F|100\/100\n|turn|6\n|c| Not EGACammy|that was sadge\n|\n|t:|1608526634\n|switch|p1a: Tapu Koko|Tapu Koko|100\/100\n|-fieldstart|move: Electric Terrain|[from] ability: Electric Surge|[of] p1a: Tapu Koko\n|move|p2a: Tyler|Dragon Dance|p2a: Tyler\n|-boost|p2a: Tyler|atk|1\n|-boost|p2a: Tyler|spe|1\n|\n|upkeep\n|turn|7\n|\n|t:|1608526637\n|move|p2a: Tyler|Earthquake|p1a: Tapu Koko\n|-supereffective|p1a: Tapu Koko\n|-damage|p1a: Tapu Koko|0 fnt\n|faint|p1a: Tapu Koko\n|\n|upkeep\n|\n|t:|1608526668\n|switch|p1a: Melmetal|Melmetal|100\/100\n|turn|8\n|\n|t:|1608526677\n|move|p2a: Tyler|Dragon Dance|p2a: Tyler\n|-boost|p2a: Tyler|atk|1\n|-boost|p2a: Tyler|spe|1\n|move|p1a: Melmetal|Double Iron Bash|p2a: Tyler\n|-damage|p2a: Tyler|38\/100\n|-damage|p2a: Tyler|0 fnt\n|-hitcount|p2a: Tyler|2\n|faint|p2a: Tyler\n|\n|upkeep\n|c|\u2606jeanmachine22|oh\n|c|\u2606jeanmachine22|wtf\n|c|\u2606jeanmachine22|lmao\n|\n|t:|1608526689\n|switch|p2a: Steve Harvey|Medicham, M|100\/100\n|turn|9\n|c| Not EGACammy|tyler got rolled\n|c| Not EGACammy|hi steve harvey\n|\n|t:|1608526697\n|detailschange|p2a: Steve Harvey|Medicham-Mega, M\n|-mega|p2a: Steve Harvey|Medicham|Medichamite\n|move|p2a: Steve Harvey|Bulk Up|p2a: Steve Harvey\n|-boost|p2a: Steve Harvey|atk|1\n|-boost|p2a: Steve Harvey|def|1\n|move|p1a: Melmetal|Double Iron Bash|p2a: Steve Harvey\n|-damage|p2a: Steve Harvey|36\/100\n|-damage|p2a: Steve Harvey|0 fnt\n|-hitcount|p2a: Steve Harvey|2\n|faint|p2a: Steve Harvey\n|\n|upkeep\n|c|\u2606jeanmachine22|bruh\n|\n|t:|1608526703\n|switch|p2a: Fluffy|Celesteela|100\/100\n|turn|10\n|c| Not EGACammy|YUP\n|\n|t:|1608526714\n|move|p2a: Fluffy|Autotomize|p2a: Fluffy\n|-boost|p2a: Fluffy|spe|2\n|-start|p2a: Fluffy|Autotomize\n|move|p1a: Melmetal|Double Iron Bash|p2a: Fluffy\n|-resisted|p2a: Fluffy\n|-damage|p2a: Fluffy|74\/100\n|-resisted|p2a: Fluffy\n|-damage|p2a: Fluffy|43\/100\n|-hitcount|p2a: Fluffy|2\n|\n|-fieldend|move: Electric Terrain\n|upkeep\n|turn|11\n|\n|t:|1608526734\n|move|p2a: Fluffy|Air Slash|p1a: Melmetal\n|-resisted|p1a: Melmetal\n|-damage|p1a: Melmetal|83\/100\n|move|p1a: Melmetal|Double Iron Bash|p2a: Fluffy\n|-resisted|p2a: Fluffy\n|-damage|p2a: Fluffy|12\/100\n|-resisted|p2a: Fluffy\n|-damage|p2a: Fluffy|0 fnt\n|-hitcount|p2a: Fluffy|2\n|faint|p2a: Fluffy\n|\n|upkeep\n|\n|t:|1608526740\n|switch|p2a: Jean|Spectrier|100\/100\n|turn|12\n|c| Not EGACammy|never lucky smh\n|\n|t:|1608526748\n|move|p2a: Jean|Substitute|p2a: Jean\n|-start|p2a: Jean|Substitute\n|-damage|p2a: Jean|76\/100\n|move|p1a: Melmetal|Double Iron Bash|p2a: Jean\n|-end|p2a: Jean|Substitute\n|-damage|p2a: Jean|0 fnt\n|-hitcount|p2a: Jean|2\n|faint|p2a: Jean\n|\n|win|TehranTyphlosions\n|c|\u2606jeanmachine22|:kekw:\n|c| ASword6|Single\n|c| ASword6|Iron\n|c|\u2606jeanmachine22|gg\n|c| ASword6|bash\n|c|\u2606TehranTyphlosions|sry for the cheese lmao\n|c|\u2606TehranTyphlosions|gg\n|l| ASword6\n|c|\u2606jeanmachine22|nothing to be sorry about lmao\n|l| EGADrifblims\n|l|\u2606TehranTyphlosions\n","uploadtime":1608526815,"views":8,"p1id":"tehrantyphlosions","p2id":"jeanmachine22","formatid":"gen8nationaldexlegacy","rating":0,"private":0,"password":null}