{"id":"sports-gen8nationaldexdlcdraft-364001","p1":"GeniusX","p2":"Rainyday1_1","format":"gen8nationaldexdlcdraft","log":"|j|\u2606GeniusX\n|j|\u2606Rainyday1_1\n|t:|1615646058\n|player|p1|GeniusX|geniusx.gif|\n|player|p2|Rainyday1_1|cynthia-gen4|\n|teamsize|p1|6\n|teamsize|p2|6\n|gametype|singles\n|gen|8\n|tier|[Gen 8] National Dex DLC Draft\n|rule|Sleep Clause Mod: Limit one foe put to sleep\n|rule|OHKO Clause: OHKO moves are banned\n|rule|Evasion Moves Clause: Evasion moves are banned\n|rule|Endless Battle Clause: Forcing endless battles is banned\n|rule|HP Percentage Mod: HP is shown in percentages\n|clearpoke\n|poke|p1|Unfezant, F|\n|poke|p1|Regigigas|\n|poke|p1|Cramorant, F|\n|poke|p1|Porygon2|\n|poke|p1|Lopunny, M|\n|poke|p1|Tapu Fini|\n|poke|p2|Volcarona, M|\n|poke|p2|Mandibuzz, F|\n|poke|p2|Hydreigon, F|\n|poke|p2|Cacturne, M|\n|poke|p2|Pangoro, M|\n|poke|p2|Tyranitar, F|\n|rule|Dynamax Clause: You cannot dynamax\n|teampreview\n|html|<button name=\"send\" class=\"button\" value=\"\/timer ds\"><i class=\"fa fa-hourglass-start\"><\/i> DS Timer<\/button> <button name=\"send\" class=\"button\" value=\"\/timer smogon\"><i class=\"fa fa-hourglass-start\"><\/i> Smogon Timer<\/button>\n|inactive|Battle timer is ON: inactive players will automatically lose when time's up. (requested by Rainyday1_1)\n|inactiveoff|Battle timer is now OFF.\n|c|\u2606GeniusX|hf\n|c|\u2606Rainyday1_1|u2:D\n|\n|t:|1615646092\n|start\n|switch|p1a: Lopunny|Lopunny, M|100\/100\n|switch|p2a: Tyranitar|Tyranitar, F|100\/100\n|-weather|Sandstorm|[from] ability: Sand Stream|[of] p2a: Tyranitar\n|turn|1\n|j| thunderflight\n|c| thunderflight|hf bois\n|\n|t:|1615646102\n|switch|p2a: Mandibuzz|Mandibuzz, F|100\/100\n|detailschange|p1a: Lopunny|Lopunny-Mega, M\n|-mega|p1a: Lopunny|Lopunny|Lopunnite\n|move|p1a: Lopunny|High Jump Kick|p2a: Mandibuzz\n|-damage|p2a: Mandibuzz|60\/100\n|\n|-weather|Sandstorm|[upkeep]\n|-damage|p1a: Lopunny|94\/100|[from] Sandstorm\n|upkeep\n|turn|2\n|\n|t:|1615646109\n|-singleturn|p1a: Lopunny|move: Focus Punch\n|move|p2a: Mandibuzz|Roost|p2a: Mandibuzz\n|-heal|p2a: Mandibuzz|100\/100\n|-singleturn|p2a: Mandibuzz|move: Roost\n|move|p1a: Lopunny|Focus Punch|p2a: Mandibuzz\n|-supereffective|p2a: Mandibuzz\n|-damage|p2a: Mandibuzz|14\/100\n|\n|-weather|Sandstorm|[upkeep]\n|-damage|p1a: Lopunny|88\/100|[from] Sandstorm\n|upkeep\n|turn|3\n|c| thunderflight|pog \n|j| high nyoom\n|\n|t:|1615646124\n|switch|p2a: Volcarona|Volcarona, M|100\/100\n|move|p1a: Lopunny|High Jump Kick|p2a: Volcarona\n|-resisted|p2a: Volcarona\n|-damage|p2a: Volcarona|44\/100\n|\n|-weather|Sandstorm|[upkeep]\n|-damage|p1a: Lopunny|82\/100|[from] Sandstorm\n|-damage|p2a: Volcarona|37\/100|[from] Sandstorm\n|upkeep\n|turn|4\n|c| thunderflight|bruh lopunny op\n|\n|t:|1615646134\n|switch|p2a: Mandibuzz|Mandibuzz, F|14\/100\n|move|p1a: Lopunny|High Jump Kick|p2a: Mandibuzz\n|-damage|p2a: Mandibuzz|0 fnt\n|faint|p2a: Mandibuzz\n|\n|-weather|Sandstorm|[upkeep]\n|-damage|p1a: Lopunny|76\/100|[from] Sandstorm\n|upkeep\n|c|\u2606Rainyday1_1|Yeah i have basically mono dark... Haha\n|\n|t:|1615646159\n|switch|p2a: Hydreigon|Hydreigon, F|100\/100\n|turn|5\n|\n|t:|1615646168\n|switch|p1a: Porygon2|Porygon2|100\/100\n|-ability|p1a: Porygon2|Levitate|[from] ability: Trace|[of] p2a: Hydreigon\n|move|p2a: Hydreigon|Iron Tail|p1a: Porygon2\n|-damage|p1a: Porygon2|70\/100\n|\n|-weather|none\n|upkeep\n|turn|6\n|\n|t:|1615646177\n|switch|p2a: Volcarona|Volcarona, M|37\/100\n|move|p1a: Porygon2|Toxic|p2a: Volcarona|[miss]\n|-miss|p1a: Porygon2|p2a: Volcarona\n|\n|upkeep\n|turn|7\n|\n|t:|1615646181\n|move|p2a: Volcarona|Safeguard|p2a: Volcarona\n|-sidestart|p2: Rainyday1_1|Safeguard\n|move|p1a: Porygon2|Toxic|p2a: Volcarona\n|-activate|p2a: Volcarona|move: Safeguard\n|\n|upkeep\n|turn|8\n|\n|t:|1615646184\n|move|p2a: Volcarona|Roost|p2a: Volcarona\n|-heal|p2a: Volcarona|88\/100\n|-singleturn|p2a: Volcarona|move: Roost\n|move|p1a: Porygon2|Teleport|p1a: Porygon2\n|\n|t:|1615646191\n|switch|p1a: Unfezant|Unfezant, F|100\/100|[from]move: Teleport\n|\n|upkeep\n|turn|9\n|\n|t:|1615646202\n|switch|p2a: Tyranitar|Tyranitar, F|100\/100\n|-weather|Sandstorm|[from] ability: Sand Stream|[of] p2a: Tyranitar\n|move|p1a: Unfezant|Dual Wingbeat|p2a: Tyranitar\n|-resisted|p2a: Tyranitar\n|-damage|p2a: Tyranitar|95\/100\n|-resisted|p2a: Tyranitar\n|-damage|p2a: Tyranitar|89\/100\n|-hitcount|p2a: Tyranitar|2\n|\n|-weather|Sandstorm|[upkeep]\n|-damage|p1a: Unfezant|94\/100|[from] Sandstorm\n|upkeep\n|turn|10\n|\n|t:|1615646212\n|detailschange|p2a: Tyranitar|Tyranitar-Mega, F\n|-mega|p2a: Tyranitar|Tyranitar|Tyranitarite\n|move|p1a: Unfezant|Feather Dance|p2a: Tyranitar\n|-unboost|p2a: Tyranitar|atk|2\n|move|p2a: Tyranitar|Stone Edge|p1a: Unfezant|[miss]\n|-miss|p2a: Tyranitar|p1a: Unfezant\n|\n|-weather|Sandstorm|[upkeep]\n|-damage|p1a: Unfezant|88\/100|[from] Sandstorm\n|upkeep\n|turn|11\n|j| Thesun27\n|\n|t:|1615646219\n|move|p1a: Unfezant|Feather Dance|p2a: Tyranitar\n|-unboost|p2a: Tyranitar|atk|2\n|move|p2a: Tyranitar|Stealth Rock|p1a: Unfezant\n|-sidestart|p1: GeniusX|move: Stealth Rock\n|\n|-weather|Sandstorm|[upkeep]\n|-damage|p1a: Unfezant|82\/100|[from] Sandstorm\n|-sideend|p2: Rainyday1_1|Safeguard\n|upkeep\n|turn|12\n|\n|t:|1615646224\n|switch|p2a: Hydreigon|Hydreigon, F|100\/100\n|move|p1a: Unfezant|Toxic|p2a: Hydreigon\n|-status|p2a: Hydreigon|tox\n|\n|-weather|Sandstorm|[upkeep]\n|-damage|p2a: Hydreigon|94\/100 tox|[from] Sandstorm\n|-damage|p1a: Unfezant|76\/100|[from] Sandstorm\n|-damage|p2a: Hydreigon|88\/100 tox|[from] psn\n|upkeep\n|turn|13\n|\n|t:|1615646230\n|move|p2a: Hydreigon|U-turn|p1a: Unfezant\n|-resisted|p1a: Unfezant\n|-damage|p1a: Unfezant|57\/100\n|\n|t:|1615646234\n|switch|p2a: Tyranitar|Tyranitar-Mega, F|89\/100|[from]move: U-turn\n|move|p1a: Unfezant|Roost|p1a: Unfezant\n|-heal|p1a: Unfezant|100\/100\n|-singleturn|p1a: Unfezant|move: Roost\n|\n|-weather|none\n|upkeep\n|turn|14\n|c| thunderflight|this unfezant set\n|\n|t:|1615646240\n|move|p1a: Unfezant|Feather Dance|p2a: Tyranitar\n|-unboost|p2a: Tyranitar|atk|2\n|move|p2a: Tyranitar|Toxic|p1a: Unfezant\n|-status|p1a: Unfezant|tox\n|\n|-damage|p1a: Unfezant|94\/100 tox|[from] psn\n|upkeep\n|turn|15\n|\n|t:|1615646248\n|switch|p2a: Hydreigon|Hydreigon, F|88\/100 tox\n|move|p1a: Unfezant|Toxic|p2a: Hydreigon|[miss]\n|-miss|p1a: Unfezant|p2a: Hydreigon\n|\n|-damage|p2a: Hydreigon|82\/100 tox|[from] psn\n|-damage|p1a: Unfezant|82\/100 tox|[from] psn\n|upkeep\n|turn|16\n|c| thunderflight|:puke:\n|\n|t:|1615646256\n|move|p2a: Hydreigon|Superpower|p1a: Unfezant\n|-crit|p1a: Unfezant\n|-damage|p1a: Unfezant|0 fnt\n|-unboost|p2a: Hydreigon|atk|1\n|-unboost|p2a: Hydreigon|def|1\n|faint|p1a: Unfezant\n|\n|-damage|p2a: Hydreigon|70\/100 tox|[from] psn\n|upkeep\n|\n|t:|1615646267\n|switch|p1a: Regigigas|Regigigas|100\/100\n|-damage|p1a: Regigigas|88\/100|[from] Stealth Rock\n|-start|p1a: Regigigas|ability: Slow Start\n|turn|17\n|c| Thesun27|o\n|\n|t:|1615646273\n|move|p2a: Hydreigon|Superpower|p1a: Regigigas\n|-supereffective|p1a: Regigigas\n|-damage|p1a: Regigigas|32\/100\n|-unboost|p2a: Hydreigon|atk|1\n|-unboost|p2a: Hydreigon|def|1\n|move|p1a: Regigigas|Power-Up Punch|p2a: Hydreigon\n|-supereffective|p2a: Hydreigon\n|-damage|p2a: Hydreigon|27\/100 tox\n|-boost|p1a: Regigigas|atk|1\n|\n|-heal|p1a: Regigigas|39\/100|[from] item: Leftovers\n|-damage|p2a: Hydreigon|9\/100 tox|[from] psn\n|upkeep\n|turn|18\n|\n|t:|1615646280\n|move|p2a: Hydreigon|Superpower|p1a: Regigigas\n|-supereffective|p1a: Regigigas\n|-damage|p1a: Regigigas|0 fnt\n|-unboost|p2a: Hydreigon|atk|1\n|-unboost|p2a: Hydreigon|def|1\n|faint|p1a: Regigigas\n|-end|p1a: Regigigas|Slow Start|[silent]\n|\n|-damage|p2a: Hydreigon|0 fnt|[from] psn\n|faint|p2a: Hydreigon\n|upkeep\n|c| thunderflight|rip regi\n|\n|t:|1615646295\n|switch|p2a: Volcarona|Volcarona, M|88\/100\n|switch|p1a: Tapu Fini|Tapu Fini|100\/100\n|-damage|p1a: Tapu Fini|88\/100|[from] Stealth Rock\n|-fieldstart|move: Misty Terrain|[from] ability: Misty Surge|[of] p1a: Tapu Fini\n|turn|19\n|\n|t:|1615646302\n|switch|p2a: Cacturne|Cacturne, M|100\/100\n|move|p1a: Tapu Fini|Calm Mind|p1a: Tapu Fini\n|-boost|p1a: Tapu Fini|spa|1\n|-boost|p1a: Tapu Fini|spd|1\n|\n|-heal|p1a: Tapu Fini|94\/100|[from] item: Leftovers\n|upkeep\n|turn|20\n|\n|t:|1615646308\n|move|p1a: Tapu Fini|Iron Defense|p1a: Tapu Fini\n|-boost|p1a: Tapu Fini|def|2\n|move|p2a: Cacturne|Seed Bomb|p1a: Tapu Fini\n|-supereffective|p1a: Tapu Fini\n|-damage|p1a: Tapu Fini|69\/100\n|\n|-heal|p1a: Tapu Fini|75\/100|[from] item: Leftovers\n|upkeep\n|turn|21\n|c| Thesun27|o\n|c| thunderflight|oh god\n|\n|t:|1615646316\n|move|p1a: Tapu Fini|Calm Mind|p1a: Tapu Fini\n|-boost|p1a: Tapu Fini|spa|1\n|-boost|p1a: Tapu Fini|spd|1\n|move|p2a: Cacturne|Seed Bomb|p1a: Tapu Fini\n|-supereffective|p1a: Tapu Fini\n|-damage|p1a: Tapu Fini|52\/100\n|\n|-heal|p1a: Tapu Fini|58\/100|[from] item: Leftovers\n|upkeep\n|turn|22\n|\n|t:|1615646320\n|move|p1a: Tapu Fini|Draining Kiss|p2a: Cacturne\n|-supereffective|p2a: Cacturne\n|-damage|p2a: Cacturne|34\/100\n|-heal|p1a: Tapu Fini|100\/100|[from] drain|[of] p2a: Cacturne\n|move|p2a: Cacturne|Seed Bomb|p1a: Tapu Fini\n|-supereffective|p1a: Tapu Fini\n|-damage|p1a: Tapu Fini|78\/100\n|\n|-heal|p1a: Tapu Fini|84\/100|[from] item: Leftovers\n|-heal|p2a: Cacturne|40\/100|[from] item: Leftovers\n|upkeep\n|turn|23\n|c| thunderflight|genius thats disgusting lol\n|\n|t:|1615646324\n|move|p2a: Cacturne|Spiky Shield|p2a: Cacturne\n|-singleturn|p2a: Cacturne|move: Protect\n|move|p1a: Tapu Fini|Draining Kiss|p2a: Cacturne\n|-activate|p2a: Cacturne|move: Protect\n|-damage|p1a: Tapu Fini|72\/100|[from] Spiky Shield|[of] p2a: Cacturne\n|\n|-heal|p1a: Tapu Fini|78\/100|[from] item: Leftovers\n|-heal|p2a: Cacturne|46\/100|[from] item: Leftovers\n|-fieldend|Misty Terrain\n|upkeep\n|turn|24\n|\n|t:|1615646328\n|move|p1a: Tapu Fini|Draining Kiss|p2a: Cacturne\n|-supereffective|p2a: Cacturne\n|-damage|p2a: Cacturne|0 fnt\n|-heal|p1a: Tapu Fini|100\/100|[from] drain|[of] p2a: Cacturne\n|faint|p2a: Cacturne\n|\n|upkeep\n|\n|t:|1615646331\n|switch|p2a: Pangoro|Pangoro, M|100\/100\n|turn|25\n|\n|t:|1615646334\n|move|p2a: Pangoro|Gunk Shot|p1a: Tapu Fini\n|-supereffective|p1a: Tapu Fini\n|-damage|p1a: Tapu Fini|62\/100\n|-status|p1a: Tapu Fini|psn\n|-damage|p2a: Pangoro|91\/100|[from] item: Life Orb\n|move|p1a: Tapu Fini|Draining Kiss|p2a: Pangoro\n|-supereffective|p2a: Pangoro\n|-damage|p2a: Pangoro|0 fnt\n|-heal|p1a: Tapu Fini|100\/100 psn|[from] drain|[of] p2a: Pangoro\n|faint|p2a: Pangoro\n|\n|-damage|p1a: Tapu Fini|88\/100 psn|[from] psn\n|upkeep\n|\n|t:|1615646338\n|switch|p2a: Volcarona|Volcarona, M|88\/100\n|turn|26\n|\n|t:|1615646345\n|move|p2a: Volcarona|Quiver Dance|p2a: Volcarona\n|-boost|p2a: Volcarona|spa|1\n|-boost|p2a: Volcarona|spd|1\n|-boost|p2a: Volcarona|spe|1\n|move|p1a: Tapu Fini|Surf|p2a: Volcarona\n|-supereffective|p2a: Volcarona\n|-damage|p2a: Volcarona|3\/100\n|\n|-heal|p1a: Tapu Fini|94\/100 psn|[from] item: Leftovers\n|-damage|p1a: Tapu Fini|82\/100 psn|[from] psn\n|upkeep\n|turn|27\n|\n|t:|1615646360\n|move|p2a: Volcarona|Giga Drain|p1a: Tapu Fini\n|-supereffective|p1a: Tapu Fini\n|-damage|p1a: Tapu Fini|52\/100 psn\n|-heal|p2a: Volcarona|19\/100|[from] drain|[of] p1a: Tapu Fini\n|move|p1a: Tapu Fini|Surf|p2a: Volcarona\n|-supereffective|p2a: Volcarona\n|-damage|p2a: Volcarona|0 fnt\n|faint|p2a: Volcarona\n|\n|-heal|p1a: Tapu Fini|59\/100 psn|[from] item: Leftovers\n|-damage|p1a: Tapu Fini|46\/100 psn|[from] psn\n|upkeep\n|\n|t:|1615646363\n|switch|p2a: Tyranitar|Tyranitar-Mega, F|89\/100\n|-weather|Sandstorm|[from] ability: Sand Stream|[of] p2a: Tyranitar\n|turn|28\n|c|\u2606GeniusX|fini is a broken moon\n|\n|t:|1615646378\n|move|p1a: Tapu Fini|Surf|p2a: Tyranitar\n|-supereffective|p2a: Tyranitar\n|-crit|p2a: Tyranitar\n|-damage|p2a: Tyranitar|3\/100\n|move|p2a: Tyranitar|Stone Edge|p1a: Tapu Fini\n|-damage|p1a: Tapu Fini|21\/100 psn\n|\n|-weather|Sandstorm|[upkeep]\n|-damage|p1a: Tapu Fini|15\/100 psn|[from] Sandstorm\n|-heal|p1a: Tapu Fini|21\/100 psn|[from] item: Leftovers\n|-damage|p1a: Tapu Fini|9\/100 psn|[from] psn\n|upkeep\n|turn|29\n|c|\u2606Rainyday1_1|I think i might just be bad lol\n|c| thunderflight|that set is lowkey broke tho\n|\n|t:|1615646395\n|move|p1a: Tapu Fini|Draining Kiss|p2a: Tyranitar\n|-supereffective|p2a: Tyranitar\n|-damage|p2a: Tyranitar|0 fnt\n|-heal|p1a: Tapu Fini|11\/100 psn|[from] drain|[of] p2a: Tyranitar\n|faint|p2a: Tyranitar\n|\n|win|GeniusX\n|c|\u2606Rainyday1_1|gg\n|c|\u2606GeniusX|gg\n|c| thunderflight|gg\n|l|\u2606Rainyday1_1\n|l| high nyoom\n|l|\u2606GeniusX\n|l| Thesun27\n|j| mini feebas\n|l| mini feebas\n|j| Thesun27\n","uploadtime":1615646480,"views":30,"p1id":"geniusx","p2id":"rainyday11","formatid":"gen8nationaldexdlcdraft","rating":0,"private":0,"password":null}