{"id":"sports-gen8nationaldexdlcdraft-97700","p1":"Legits","p2":"GeniusX","format":"gen8nationaldexdlcdraft","log":"|j|\u2606Legits\n|j|\u2606GeniusX\n|player|p1|Legits|juan|\n|player|p2|GeniusX|geniusx.gif|\n|teamsize|p1|6\n|teamsize|p2|6\n|gametype|singles\n|gen|8\n|tier|[Gen 8] National Dex DLC Draft\n|rule|Sleep Clause Mod: Limit one foe put to sleep\n|rule|OHKO Clause: OHKO moves are banned\n|rule|Evasion Moves Clause: Evasion moves are banned\n|rule|Endless Battle Clause: Forcing endless battles is banned\n|rule|HP Percentage Mod: HP is shown in percentages\n|clearpoke\n|poke|p1|Rotom-Wash|\n|poke|p1|Nidoking, M|\n|poke|p1|Alakazam, M|\n|poke|p1|Chesnaught, M|\n|poke|p1|Lycanroc-Dusk, M|\n|poke|p1|Camerupt, M|\n|poke|p2|Victini|\n|poke|p2|Zeraora|\n|poke|p2|Tapu Bulu|\n|poke|p2|Nidoqueen, F|\n|poke|p2|Slowbro, F|\n|poke|p2|Registeel|\n|rule|Dynamax Clause: You cannot dynamax\n|teampreview\n|c|\u2606GeniusX|hf\n|c|\u2606Legits|u2\n|\n|start\n|switch|p1a: Rotom|Rotom-Wash|100\/100\n|switch|p2a: Victini|Victini|100\/100\n|turn|1\n|j| Rinnegan frs\n|\n|move|p2a: Victini|U-turn|p1a: Rotom\n|-damage|p1a: Rotom|75\/100\n|\n|switch|p2a: Tapu Bulu|Tapu Bulu|100\/100|[from]move: U-turn\n|-fieldstart|move: Grassy Terrain|[from] ability: Grassy Surge|[of] p2a: Tapu Bulu\n|move|p1a: Rotom|Volt Switch|p2a: Tapu Bulu\n|-resisted|p2a: Tapu Bulu\n|-damage|p2a: Tapu Bulu|94\/100\n|\n|switch|p1a: Camerupt|Camerupt, M|100\/100|[from]move: Volt Switch\n|\n|-heal|p2a: Tapu Bulu|100\/100|[from] Grassy Terrain\n|upkeep\n|turn|2\n|\n|switch|p2a: Nidoqueen|Nidoqueen, F|100\/100\n|move|p1a: Camerupt|Stealth Rock|p2a: Nidoqueen\n|-sidestart|p2: GeniusX|move: Stealth Rock\n|\n|upkeep\n|turn|3\n|\n|switch|p1a: Rotom|Rotom-Wash|75\/100\n|move|p2a: Nidoqueen|Stealth Rock|p1a: Rotom\n|-sidestart|p1: Legits|move: Stealth Rock\n|\n|-heal|p1a: Rotom|81\/100|[from] item: Leftovers\n|upkeep\n|turn|4\n|\n|move|p1a: Rotom|Volt Switch|p2a: Nidoqueen\n|-immune|p2a: Nidoqueen\n|move|p2a: Nidoqueen|Sludge Wave|p1a: Rotom\n|-damage|p1a: Rotom|31\/100\n|\n|-heal|p1a: Rotom|38\/100|[from] item: Leftovers\n|upkeep\n|turn|5\n|\n|switch|p2a: Tapu Bulu|Tapu Bulu|100\/100\n|-damage|p2a: Tapu Bulu|88\/100|[from] Stealth Rock\n|move|p1a: Rotom|Pain Split|p2a: Tapu Bulu\n|-sethp|p2a: Tapu Bulu|61\/100|[from] move: Pain Split|[silent]\n|-sethp|p1a: Rotom|69\/100|[from] move: Pain Split\n|\n|-heal|p1a: Rotom|75\/100|[from] item: Leftovers\n|-heal|p2a: Tapu Bulu|67\/100|[from] Grassy Terrain\n|-fieldend|move: Grassy Terrain\n|upkeep\n|turn|6\n|\n|switch|p1a: Chesnaught|Chesnaught, M|100\/100\n|-damage|p1a: Chesnaught|94\/100|[from] Stealth Rock\n|move|p2a: Tapu Bulu|Horn Leech|p1a: Chesnaught\n|-resisted|p1a: Chesnaught\n|-damage|p1a: Chesnaught|84\/100\n|-heal|p2a: Tapu Bulu|73\/100|[from] drain|[of] p1a: Chesnaught\n|-damage|p2a: Tapu Bulu|56\/100|[from] item: Rocky Helmet|[of] p1a: Chesnaught\n|\n|upkeep\n|turn|7\n|\n|switch|p2a: Nidoqueen|Nidoqueen, F|100\/100\n|-damage|p2a: Nidoqueen|94\/100|[from] Stealth Rock\n|move|p1a: Chesnaught|Spikes|p2a: Nidoqueen\n|-sidestart|p2: GeniusX|Spikes\n|\n|upkeep\n|turn|8\n|\n|switch|p1a: Rotom|Rotom-Wash|75\/100\n|-damage|p1a: Rotom|62\/100|[from] Stealth Rock\n|move|p2a: Nidoqueen|Earth Power|p1a: Rotom\n|-immune|p1a: Rotom|[from] ability: Levitate\n|\n|-heal|p1a: Rotom|69\/100|[from] item: Leftovers\n|upkeep\n|turn|9\n|j| TOOXIC860\n|\n|move|p1a: Rotom|Hydro Pump|p2a: Nidoqueen\n|-supereffective|p2a: Nidoqueen\n|-crit|p2a: Nidoqueen\n|-damage|p2a: Nidoqueen|0 fnt\n|faint|p2a: Nidoqueen\n|\n|-heal|p1a: Rotom|75\/100|[from] item: Leftovers\n|upkeep\n|\n|switch|p2a: Tapu Bulu|Tapu Bulu|56\/100\n|-damage|p2a: Tapu Bulu|44\/100|[from] Spikes\n|-damage|p2a: Tapu Bulu|31\/100|[from] Stealth Rock\n|-fieldstart|move: Grassy Terrain|[from] ability: Grassy Surge|[of] p2a: Tapu Bulu\n|turn|10\n|\n|switch|p1a: Chesnaught|Chesnaught, M|84\/100\n|-damage|p1a: Chesnaught|78\/100|[from] Stealth Rock\n|move|p2a: Tapu Bulu|Play Rough|p1a: Chesnaught\n|-supereffective|p1a: Chesnaught\n|-damage|p1a: Chesnaught|29\/100\n|-damage|p2a: Tapu Bulu|15\/100|[from] item: Rocky Helmet|[of] p1a: Chesnaught\n|\n|-heal|p2a: Tapu Bulu|21\/100|[from] Grassy Terrain\n|-heal|p1a: Chesnaught|35\/100|[from] Grassy Terrain\n|upkeep\n|turn|11\n|\n|move|p2a: Tapu Bulu|Play Rough|p1a: Chesnaught\n|-supereffective|p1a: Chesnaught\n|-damage|p1a: Chesnaught|0 fnt\n|-damage|p2a: Tapu Bulu|4\/100|[from] item: Rocky Helmet|[of] p1a: Chesnaught\n|faint|p1a: Chesnaught\n|\n|-heal|p2a: Tapu Bulu|10\/100|[from] Grassy Terrain\n|upkeep\n|\n|switch|p1a: Lycanroc|Lycanroc-Dusk, M|100\/100\n|-damage|p1a: Lycanroc|88\/100|[from] Stealth Rock\n|turn|12\n|\n|move|p1a: Lycanroc|Accelerock|p2a: Tapu Bulu\n|-damage|p2a: Tapu Bulu|0 fnt\n|-damage|p1a: Lycanroc|78\/100|[from] item: Life Orb\n|faint|p2a: Tapu Bulu\n|\n|-heal|p1a: Lycanroc|84\/100|[from] Grassy Terrain\n|upkeep\n|\n|switch|p2a: Registeel|Registeel|100\/100\n|-damage|p2a: Registeel|94\/100|[from] Stealth Rock\n|-damage|p2a: Registeel|82\/100|[from] Spikes\n|turn|13\n|\n|move|p1a: Lycanroc|Close Combat|p2a: Registeel\n|-supereffective|p2a: Registeel\n|-damage|p2a: Registeel|0 fnt\n|-unboost|p1a: Lycanroc|def|1\n|-unboost|p1a: Lycanroc|spd|1\n|-damage|p1a: Lycanroc|74\/100|[from] item: Life Orb\n|faint|p2a: Registeel\n|\n|-heal|p1a: Lycanroc|81\/100|[from] Grassy Terrain\n|upkeep\n|\n|switch|p2a: Zeraora|Zeraora|100\/100\n|-damage|p2a: Zeraora|88\/100|[from] Stealth Rock\n|-damage|p2a: Zeraora|76\/100|[from] Spikes\n|turn|14\n|\n|switch|p1a: Camerupt|Camerupt, M|100\/100\n|-damage|p1a: Camerupt|88\/100|[from] Stealth Rock\n|move|p2a: Zeraora|Knock Off|p1a: Camerupt\n|-damage|p1a: Camerupt|47\/100\n|-damage|p2a: Zeraora|59\/100|[from] item: Rocky Helmet|[of] p1a: Camerupt\n|-enditem|p1a: Camerupt|Rocky Helmet|[from] move: Knock Off|[of] p2a: Zeraora\n|-damage|p2a: Zeraora|49\/100|[from] item: Life Orb\n|\n|-heal|p2a: Zeraora|56\/100|[from] Grassy Terrain\n|-heal|p1a: Camerupt|53\/100|[from] Grassy Terrain\n|-fieldend|move: Grassy Terrain\n|upkeep\n|turn|15\n|\n|switch|p2a: Slowbro|Slowbro, F|100\/100\n|-damage|p2a: Slowbro|88\/100|[from] Spikes\n|-damage|p2a: Slowbro|76\/100|[from] Stealth Rock\n|move|p1a: Camerupt|Earth Power|p2a: Slowbro\n|-damage|p2a: Slowbro|50\/100\n|\n|upkeep\n|turn|16\n|j|%mayoouran\n|\n|switch|p1a: Alakazam|Alakazam, M|100\/100\n|move|p2a: Slowbro|Slack Off|p2a: Slowbro\n|-heal|p2a: Slowbro|99\/100\n|\n|upkeep\n|turn|17\n|\n|move|p1a: Alakazam|Shadow Ball|p2a: Slowbro\n|-supereffective|p2a: Slowbro\n|-damage|p2a: Slowbro|46\/100\n|-unboost|p2a: Slowbro|spd|1\n|move|p2a: Slowbro|Teleport|p2a: Slowbro\n|\n|switch|p2a: Zeraora|Zeraora|56\/100|[from]move: Teleport\n|-damage|p2a: Zeraora|43\/100|[from] Spikes\n|-damage|p2a: Zeraora|31\/100|[from] Stealth Rock\n|\n|upkeep\n|turn|18\n|\n|switch|p1a: Camerupt|Camerupt, M|53\/100\n|-damage|p1a: Camerupt|41\/100|[from] Stealth Rock\n|move|p2a: Zeraora|Knock Off|p1a: Camerupt\n|-damage|p1a: Camerupt|13\/100\n|-damage|p2a: Zeraora|21\/100|[from] item: Life Orb\n|\n|upkeep\n|turn|19\n|\n|move|p2a: Zeraora|Knock Off|p1a: Camerupt\n|-damage|p1a: Camerupt|0 fnt\n|-damage|p2a: Zeraora|11\/100|[from] item: Life Orb\n|faint|p1a: Camerupt\n|\n|upkeep\n|\n|switch|p1a: Lycanroc|Lycanroc-Dusk, M|81\/100\n|-damage|p1a: Lycanroc|68\/100|[from] Stealth Rock\n|turn|20\n|\n|move|p1a: Lycanroc|Accelerock|p2a: Zeraora\n|-damage|p2a: Zeraora|0 fnt\n|-damage|p1a: Lycanroc|58\/100|[from] item: Life Orb\n|faint|p2a: Zeraora\n|\n|upkeep\n|\n|switch|p2a: Slowbro|Slowbro, F|79\/100\n|-damage|p2a: Slowbro|66\/100|[from] Stealth Rock\n|-damage|p2a: Slowbro|54\/100|[from] Spikes\n|turn|21\n|\n|switch|p1a: Alakazam|Alakazam, M|100\/100\n|detailschange|p2a: Slowbro|Slowbro-Mega, F\n|-mega|p2a: Slowbro|Slowbro|Slowbronite\n|move|p2a: Slowbro|Slack Off|p2a: Slowbro\n|-heal|p2a: Slowbro|100\/100\n|\n|upkeep\n|turn|22\n|\n|move|p1a: Alakazam|Nasty Plot|p1a: Alakazam\n|-boost|p1a: Alakazam|spa|2\n|move|p2a: Slowbro|Teleport|p2a: Slowbro\n|\n|switch|p2a: Victini|Victini|100\/100|[from]move: Teleport\n|-damage|p2a: Victini|88\/100|[from] Spikes\n|-damage|p2a: Victini|63\/100|[from] Stealth Rock\n|\n|upkeep\n|turn|23\n|\n|switch|p1a: Rotom|Rotom-Wash|75\/100\n|-damage|p1a: Rotom|62\/100|[from] Stealth Rock\n|move|p2a: Victini|V-create|p1a: Rotom\n|-resisted|p1a: Rotom\n|-damage|p1a: Rotom|19\/100\n|-unboost|p2a: Victini|spe|1\n|-unboost|p2a: Victini|def|1\n|-unboost|p2a: Victini|spd|1\n|\n|-heal|p1a: Rotom|25\/100|[from] item: Leftovers\n|upkeep\n|turn|24\n|\n|move|p2a: Victini|V-create|p1a: Rotom\n|-resisted|p1a: Rotom\n|-damage|p1a: Rotom|0 fnt\n|-unboost|p2a: Victini|spe|1\n|-unboost|p2a: Victini|def|1\n|-unboost|p2a: Victini|spd|1\n|faint|p1a: Rotom\n|\n|upkeep\n|\n|switch|p1a: Nidoking|Nidoking, M|100\/100\n|-damage|p1a: Nidoking|95\/100|[from] Stealth Rock\n|turn|25\n|\n|switch|p2a: Slowbro|Slowbro-Mega, F|100\/100\n|-damage|p2a: Slowbro|88\/100|[from] Spikes\n|-damage|p2a: Slowbro|76\/100|[from] Stealth Rock\n|move|p1a: Nidoking|Earth Power|p2a: Slowbro\n|-damage|p2a: Slowbro|32\/100\n|\n|upkeep\n|turn|26\n|\n|move|p1a: Nidoking|Earth Power|p2a: Slowbro\n|-damage|p2a: Slowbro|0 fnt\n|faint|p2a: Slowbro\n|\n|upkeep\n|\n|switch|p2a: Victini|Victini|63\/100\n|-damage|p2a: Victini|51\/100|[from] Spikes\n|-damage|p2a: Victini|26\/100|[from] Stealth Rock\n|turn|27\n|\n|move|p2a: Victini|V-create|p1a: Nidoking\n|-damage|p1a: Nidoking|0 fnt\n|-unboost|p2a: Victini|spe|1\n|-unboost|p2a: Victini|def|1\n|-unboost|p2a: Victini|spd|1\n|faint|p1a: Nidoking\n|\n|upkeep\n|\n|switch|p1a: Lycanroc|Lycanroc-Dusk, M|58\/100\n|-damage|p1a: Lycanroc|46\/100|[from] Stealth Rock\n|turn|28\n|c|\u2606GeniusX|gg\n|\n|move|p1a: Lycanroc|Accelerock|p2a: Victini\n|-supereffective|p2a: Victini\n|-damage|p2a: Victini|0 fnt\n|-damage|p1a: Lycanroc|36\/100|[from] item: Life Orb\n|faint|p2a: Victini\n|\n|win|Legits\n|c|\u2606Legits|gg\n","uploadtime":1592743838,"views":62,"p1id":"legits","p2id":"geniusx","formatid":"gen8nationaldexdlcdraft","rating":0,"private":0,"password":null}