{"id":"sports-gen8nationaldexdlclegacy-359406","p1":"DjezzeMwoan","p2":"MLG Popplio","format":"gen8nationaldexdlclegacy","log":"|j|\u2606DjezzeMwoan\n|j|\u2606MLG Popplio\n|t:|1615150395\n|player|p1|DjezzeMwoan|52|\n|player|p2|MLG Popplio|266|\n|teamsize|p1|6\n|teamsize|p2|6\n|gametype|singles\n|gen|8\n|tier|[Gen 8] National Dex DLC Legacy\n|rule|Sleep Clause Mod: Limit one foe put to sleep\n|rule|OHKO Clause: OHKO moves are banned\n|rule|Evasion Moves Clause: Evasion moves are banned\n|rule|Endless Battle Clause: Forcing endless battles is banned\n|rule|HP Percentage Mod: HP is shown in percentages\n|clearpoke\n|poke|p1|Cresselia, F|\n|poke|p1|Vikavolt, M|\n|poke|p1|Hydreigon, F|\n|poke|p1|Flygon, F|\n|poke|p1|Bronzong|\n|poke|p1|Rotom-Wash|\n|poke|p2|Avalugg, M|\n|poke|p2|Chansey, F|\n|poke|p2|Clefable, F|\n|poke|p2|Gallade, M|\n|poke|p2|Seismitoad, M|\n|poke|p2|Moltres|\n|rule|Dynamax Clause: You cannot dynamax\n|teampreview\n|html|<button name=\"send\" class=\"button\" value=\"\/timer ds\"><i class=\"fa fa-hourglass-start\"><\/i> DS Timer<\/button> <button name=\"send\" class=\"button\" value=\"\/timer smogon\"><i class=\"fa fa-hourglass-start\"><\/i> Smogon Timer<\/button>\n|c|\u2606MLG Popplio|glhf\n|c|\u2606DjezzeMwoan|zal ff linken\n|j| PorygonTheBot\n|c| PorygonTheBot|This game looks fun!\n|c|\u2606MLG Popplio|isg\n|\n|t:|1615150473\n|start\n|switch|p1a: inzekt|Vikavolt, M|100\/100\n|switch|p2a: Chansey|Chansey, F|100\/100\n|turn|1\n|c|\u2606MLG Popplio|oh kut geen nicks\n|c|\u2606MLG Popplio|rips\n|c|\u2606DjezzeMwoan|dikke rip\n|\n|t:|1615150492\n|move|p2a: Chansey|Toxic|p1a: inzekt\n|-status|p1a: inzekt|tox\n|move|p1a: inzekt|Volt Switch|p2a: Chansey\n|-damage|p2a: Chansey|80\/100\n|c|\u2606DjezzeMwoan|ja ik heb echt kut nicks\n|c|\u2606DjezzeMwoan|wat is een goeie vikavolt nick\n|c|\u2606MLG Popplio|inzekt bro\n|c|\u2606MLG Popplio|fire nickname\n|j| Mr Bumblebee tuna\n|l| Mr Bumblebee tuna\n|c|\u2606MLG Popplio|also wtf dat ding is echt\n|c|\u2606DjezzeMwoan|ty ty\n|j| Mr Bumblebee tuna\n|c|\u2606MLG Popplio|hoerensterk\n|c|\u2606DjezzeMwoan|ja ik lol\n|\n|t:|1615150523\n|switch|p1a: Bronze Dong|Bronzong|100\/100|[from]move: Volt Switch\n|\n|upkeep\n|turn|2\n|\n|t:|1615150532\n|switch|p2a: Moltres|Moltres|100\/100\n|-ability|p2a: Moltres|Pressure\n|move|p1a: Bronze Dong|Explosion|p2a: Moltres\n|-damage|p2a: Moltres|0 fnt\n|faint|p1a: Bronze Dong\n|faint|p2a: Moltres\n|\n|upkeep\n|c|\u2606DjezzeMwoan|boom\n|c|\u2606MLG Popplio|holy shit\n|c|\u2606MLG Popplio|threat.\n|\n|t:|1615150549\n|switch|p2a: Chansey|Chansey, F|80\/100\n|switch|p1a: toch geen insect|Flygon, F|100\/100\n|turn|3\n|c|\u2606DjezzeMwoan|facts\n|c| Mr Bumblebee tuna|My dong isn't bronze :flush:\n|\n|t:|1615150558\n|move|p1a: toch geen insect|U-turn|p2a: Chansey\n|-damage|p2a: Chansey|62\/100\n|c|\u2606DjezzeMwoan|lmao\n|\n|t:|1615150565\n|switch|p1a: inzekt|Vikavolt, M|100\/100 tox|[from]move: U-turn\n|move|p2a: Chansey|Teleport|p2a: Chansey\n|\n|t:|1615150572\n|switch|p2a: Seismitoad|Seismitoad, M|100\/100|[from]move: Teleport\n|\n|-damage|p1a: inzekt|94\/100 tox|[from] psn\n|upkeep\n|turn|4\n|\n|t:|1615150579\n|switch|p2a: Chansey|Chansey, F|62\/100\n|move|p1a: inzekt|Energy Ball|p2a: Chansey\n|-damage|p2a: Chansey|44\/100\n|\n|-damage|p1a: inzekt|82\/100 tox|[from] psn\n|upkeep\n|turn|5\n|\n|t:|1615150584\n|switch|p1a: toch geen insect|Flygon, F|100\/100\n|move|p2a: Chansey|Soft-Boiled|p2a: Chansey\n|-heal|p2a: Chansey|94\/100\n|\n|upkeep\n|turn|6\n|\n|t:|1615150656\n|move|p1a: toch geen insect|Earthquake|p2a: Chansey\n|-damage|p2a: Chansey|53\/100\n|move|p2a: Chansey|Teleport|p2a: Chansey\n|\n|t:|1615150659\n|switch|p2a: Gallade|Gallade, M|100\/100|[from]move: Teleport\n|\n|upkeep\n|turn|7\n|\n|t:|1615150670\n|switch|p1a: inzekt|Vikavolt, M|82\/100 tox\n|detailschange|p2a: Gallade|Gallade-Mega, M\n|-mega|p2a: Gallade|Gallade|Galladite\n|move|p2a: Gallade|Swords Dance|p2a: Gallade\n|-boost|p2a: Gallade|atk|2\n|\n|-damage|p1a: inzekt|76\/100 tox|[from] psn\n|upkeep\n|turn|8\n|c|\u2606DjezzeMwoan|oof\n|c|\u2606MLG Popplio|bop\n|c|\u2606MLG Popplio|in.\n|c|\u2606DjezzeMwoan|das geen ice punch lmao\n|c|\u2606MLG Popplio|zeker niet\n|c|\u2606MLG Popplio|also wie runned ice punch\n|c|\u2606MLG Popplio|axel gang\n|c|\u2606DjezzeMwoan|ja fair lol\n|c|\u2606DjezzeMwoan|maar helmet voor melly thoo\n|l| Mr Bumblebee tuna\n|j| 2020 is dead!\n|c|\u2606MLG Popplio|true \n|c|\u2606MLG Popplio|maar still\n|c|\u2606MLG Popplio|gewoon uitgaan dat je mist\n|c|\u2606MLG Popplio|ez\n|\n|t:|1615150798\n|move|p2a: Gallade|Knock Off|p1a: inzekt\n|-damage|p1a: inzekt|0 fnt\n|-enditem|p1a: inzekt|Choice Specs|[from] move: Knock Off|[of] p2a: Gallade\n|faint|p1a: inzekt\n|\n|upkeep\n|c|\u2606MLG Popplio|he so strong\n|c|\u2606DjezzeMwoan|ummmm\n|c|\u2606DjezzeMwoan|ummmm\n|\n|t:|1615150812\n|switch|p1a: Og Dragapult|Hydreigon, F|100\/100\n|turn|9\n|c|\u2606MLG Popplio|bopped\n|c|\u2606MLG Popplio|mega gallade first 7 weeks: 5 kills\n|c|\u2606DjezzeMwoan|lol daar gaat mn fucking vikavolt\n|c|\u2606MLG Popplio|mega gallade final 2 weeks:\n|c|\u2606MLG Popplio|goodbye\n|\n|t:|1615150836\n|move|p2a: Gallade|Close Combat|p1a: Og Dragapult\n|-supereffective|p1a: Og Dragapult\n|-damage|p1a: Og Dragapult|0 fnt\n|-unboost|p2a: Gallade|def|1\n|-unboost|p2a: Gallade|spd|1\n|faint|p1a: Og Dragapult\n|\n|upkeep\n|c|\u2606MLG Popplio|oof\n|\n|t:|1615150846\n|switch|p1a: Sokke|Rotom-Wash|100\/100\n|turn|10\n|c|\u2606MLG Popplio|rip hydreigon\n|c|\u2606DjezzeMwoan|f\n|c|\u2606MLG Popplio|you will be missed\n|\n|t:|1615150853\n|move|p1a: Sokke|Foul Play|p2a: Gallade\n|-damage|p2a: Gallade|0 fnt\n|faint|p2a: Gallade\n|\n|upkeep\n|c|\u2606DjezzeMwoan|zekers\n|c| 2020 is dead!|Mega gallade is so Stupid omg\n|c|\u2606DjezzeMwoan|doei druif\n|c|\u2606DjezzeMwoan|lol\n|c|\u2606MLG Popplio|oh\n|c|\u2606DjezzeMwoan|gotem\n|c|\u2606MLG Popplio|lmfao\n|c|\u2606MLG Popplio|ehh\n|c|\u2606MLG Popplio|kanker?\n|c|\u2606MLG Popplio|kanker.\n|c|\u2606DjezzeMwoan|daar gaat je gallade\n|c|\u2606DjezzeMwoan|zeker kanekr lmfao\n|\n|t:|1615150876\n|switch|p2a: Avalugg|Avalugg, M|100\/100\n|turn|11\n|c|\u2606MLG Popplio|kanekr\n|\n|t:|1615150892\n|switch|p1a: Sickle cell|Cresselia, F|100\/100\n|move|p2a: Avalugg|Toxic|p1a: Sickle cell\n|-status|p1a: Sickle cell|tox\n|\n|-damage|p1a: Sickle cell|94\/100 tox|[from] psn\n|upkeep\n|turn|12\n|\n|t:|1615150903\n|switch|p2a: Clefable|Clefable, F|100\/100\n|move|p1a: Sickle cell|Calm Mind|p1a: Sickle cell\n|-boost|p1a: Sickle cell|spa|1\n|-boost|p1a: Sickle cell|spd|1\n|\n|-heal|p1a: Sickle cell|100\/100 tox|[from] item: Leftovers\n|-damage|p1a: Sickle cell|88\/100 tox|[from] psn\n|upkeep\n|turn|13\n|\n|t:|1615150908\n|move|p1a: Sickle cell|Calm Mind|p1a: Sickle cell\n|-boost|p1a: Sickle cell|spa|1\n|-boost|p1a: Sickle cell|spd|1\n|move|p2a: Clefable|Moonblast|p1a: Sickle cell\n|-damage|p1a: Sickle cell|69\/100 tox\n|\n|-heal|p1a: Sickle cell|75\/100 tox|[from] item: Leftovers\n|-damage|p1a: Sickle cell|57\/100 tox|[from] psn\n|upkeep\n|turn|14\n|\n|t:|1615150912\n|move|p1a: Sickle cell|Rest|p1a: Sickle cell\n|-status|p1a: Sickle cell|slp|[from] move: Rest\n|-heal|p1a: Sickle cell|100\/100 slp|[silent]\n|move|p2a: Clefable|Moonblast|p1a: Sickle cell\n|-damage|p1a: Sickle cell|80\/100 slp\n|\n|-heal|p1a: Sickle cell|86\/100 slp|[from] item: Leftovers\n|upkeep\n|turn|15\n|c|\u2606MLG Popplio|oh\n|c|\u2606MLG Popplio|die is jammer\n|c|\u2606DjezzeMwoan|ja\n|c|\u2606DjezzeMwoan|en nu\n|c|\u2606DjezzeMwoan|he\n|c|\u2606MLG Popplio|ehm\n|c|\u2606MLG Popplio|sd seismitoad bro\n|c|\u2606MLG Popplio|ez games\n|c|\u2606DjezzeMwoan|kom dan\n|c|\u2606DjezzeMwoan|met je sd toad\n|c|\u2606MLG Popplio|krijgt niet eens sd\n|c|\u2606MLG Popplio|fuck\n|\n|t:|1615150959\n|switch|p2a: Seismitoad|Seismitoad, M|100\/100\n|cant|p1a: Sickle cell|slp\n|move|p1a: Sickle cell|Sleep Talk|p1a: Sickle cell\n|move|p1a: Sickle cell|Rest||[from]move: Sleep Talk|[still]\n|-fail|p1a: Sickle cell\n|\n|-heal|p1a: Sickle cell|92\/100 slp|[from] item: Leftovers\n|upkeep\n|turn|16\n|c|\u2606DjezzeMwoan|lmao\n|\n|t:|1615150967\n|move|p2a: Seismitoad|Knock Off|p1a: Sickle cell\n|-supereffective|p1a: Sickle cell\n|-damage|p1a: Sickle cell|63\/100 slp\n|-enditem|p1a: Sickle cell|Leftovers|[from] move: Knock Off|[of] p2a: Seismitoad\n|cant|p1a: Sickle cell|slp\n|move|p1a: Sickle cell|Sleep Talk|p1a: Sickle cell\n|move|p1a: Sickle cell|Rest||[from]move: Sleep Talk|[still]\n|-fail|p1a: Sickle cell\n|\n|upkeep\n|turn|17\n|c|\u2606MLG Popplio|ultra crit gooooo\n|c|\u2606DjezzeMwoan|nice chip tho\n|c|\u2606MLG Popplio|ez chip\n|c|\u2606MLG Popplio|nu gewoon ff\n|c|\u2606MLG Popplio|eh\n|c|\u2606MLG Popplio|idk\n|\n|t:|1615150984\n|move|p2a: Seismitoad|Knock Off|p1a: Sickle cell\n|-supereffective|p1a: Sickle cell\n|-damage|p1a: Sickle cell|43\/100 slp\n|-curestatus|p1a: Sickle cell|slp|[msg]\n|move|p1a: Sickle cell|Calm Mind|p1a: Sickle cell\n|-boost|p1a: Sickle cell|spa|1\n|-boost|p1a: Sickle cell|spd|1\n|\n|upkeep\n|turn|18\n|\n|t:|1615150990\n|move|p2a: Seismitoad|Knock Off|p1a: Sickle cell\n|-supereffective|p1a: Sickle cell\n|-damage|p1a: Sickle cell|25\/100\n|move|p1a: Sickle cell|Rest|p1a: Sickle cell\n|-status|p1a: Sickle cell|slp|[from] move: Rest\n|-heal|p1a: Sickle cell|100\/100 slp|[silent]\n|\n|upkeep\n|turn|19\n|\n|t:|1615150995\n|move|p2a: Seismitoad|Knock Off|p1a: Sickle cell\n|-supereffective|p1a: Sickle cell\n|-damage|p1a: Sickle cell|82\/100 slp\n|cant|p1a: Sickle cell|slp\n|move|p1a: Sickle cell|Sleep Talk|p1a: Sickle cell\n|move|p1a: Sickle cell|Stored Power|p2a: Seismitoad|[from]move: Sleep Talk\n|-damage|p2a: Seismitoad|0 fnt\n|faint|p2a: Seismitoad\n|\n|upkeep\n|c|\u2606DjezzeMwoan|als sleep talk ff wat doet\n|c|\u2606MLG Popplio|juist\n|\n|t:|1615151008\n|switch|p2a: Chansey|Chansey, F|53\/100\n|turn|20\n|c|\u2606MLG Popplio|seismic toss goooooo\n|\n|t:|1615151015\n|cant|p1a: Sickle cell|slp\n|move|p1a: Sickle cell|Sleep Talk|p1a: Sickle cell\n|move|p1a: Sickle cell|Calm Mind|p1a: Sickle cell|[from]move: Sleep Talk\n|-boost|p1a: Sickle cell|spa|1\n|-boost|p1a: Sickle cell|spd|1\n|move|p2a: Chansey|Seismic Toss|p1a: Sickle cell\n|-damage|p1a: Sickle cell|60\/100 slp\n|\n|upkeep\n|turn|21\n|\n|t:|1615151019\n|-curestatus|p1a: Sickle cell|slp|[msg]\n|move|p1a: Sickle cell|Stored Power|p2a: Chansey\n|-damage|p2a: Chansey|11\/100\n|move|p2a: Chansey|Soft-Boiled|p2a: Chansey\n|-heal|p2a: Chansey|61\/100\n|\n|upkeep\n|turn|22\n|c|\u2606MLG Popplio|jesus\n|c|\u2606DjezzeMwoan|nou ff klein beetje meer boosts\n|c|\u2606MLG Popplio|dat ding hoort niet sterk te zijn\n|c|\u2606MLG Popplio|cursed\n|\n|t:|1615151037\n|move|p1a: Sickle cell|Calm Mind|p1a: Sickle cell\n|-boost|p1a: Sickle cell|spa|1\n|-boost|p1a: Sickle cell|spd|1\n|move|p2a: Chansey|Soft-Boiled|p2a: Chansey\n|-heal|p2a: Chansey|100\/100\n|\n|upkeep\n|turn|23\n|c|\u2606DjezzeMwoan|ja ik\n|c|\u2606MLG Popplio|seismic crit goooo\n|c|\u2606DjezzeMwoan|ik heb dat ding gebruikt met psychic\n|\n|t:|1615151048\n|move|p1a: Sickle cell|Stored Power|p2a: Chansey\n|-damage|p2a: Chansey|38\/100\n|move|p2a: Chansey|Seismic Toss|p1a: Sickle cell\n|-damage|p1a: Sickle cell|37\/100\n|\n|upkeep\n|turn|24\n|c|\u2606MLG Popplio|lmfao\n|c|\u2606DjezzeMwoan|serieus doet niks\n|c|\u2606MLG Popplio|ez 2%\n|c|\u2606DjezzeMwoan|echt zo van\n|c|\u2606DjezzeMwoan|psychic op een fighting type\n|c|\u2606DjezzeMwoan|goeie 45%\n|c|\u2606DjezzeMwoan|van hoe dan\n|c|\u2606MLG Popplio|cresselia users be like: ok de roll om sub te 20 shotten is in m'n favor\n|\n|t:|1615151086\n|move|p1a: Sickle cell|Rest|p1a: Sickle cell\n|-status|p1a: Sickle cell|slp|[from] move: Rest\n|-heal|p1a: Sickle cell|100\/100 slp|[silent]\n|move|p2a: Chansey|Seismic Toss|p1a: Sickle cell\n|-damage|p1a: Sickle cell|78\/100 slp\n|\n|upkeep\n|turn|25\n|j| HawaiianShaymin\n|\n|t:|1615151093\n|cant|p1a: Sickle cell|slp\n|move|p1a: Sickle cell|Sleep Talk|p1a: Sickle cell\n|move|p1a: Sickle cell|Stored Power|p2a: Chansey|[from]move: Sleep Talk\n|-damage|p2a: Chansey|0 fnt\n|faint|p2a: Chansey\n|\n|upkeep\n|\n|t:|1615151099\n|switch|p2a: Avalugg|Avalugg, M|100\/100\n|turn|26\n|c|\u2606MLG Popplio|mirror coat bro\n|c|\u2606MLG Popplio|u better switch\n|\n|t:|1615151110\n|cant|p1a: Sickle cell|slp\n|move|p1a: Sickle cell|Sleep Talk|p1a: Sickle cell\n|move|p1a: Sickle cell|Stored Power|p2a: Avalugg|[from]move: Sleep Talk\n|-ability|p2a: Avalugg|Sturdy\n|-damage|p2a: Avalugg|1\/100\n|move|p2a: Avalugg|Icicle Spear|p1a: Sickle cell\n|-damage|p1a: Sickle cell|73\/100 slp\n|-damage|p1a: Sickle cell|68\/100 slp\n|-damage|p1a: Sickle cell|63\/100 slp\n|-damage|p1a: Sickle cell|58\/100 slp\n|-crit|p1a: Sickle cell\n|-damage|p1a: Sickle cell|50\/100 slp\n|-hitcount|p1a: Sickle cell|5\n|\n|upkeep\n|turn|27\n|c|\u2606MLG Popplio|ok holdup\n|c|\u2606MLG Popplio|kan nog\n|c|\u2606DjezzeMwoan|kom dan jonge\n|c|\u2606DjezzeMwoan|tering\n|c|\u2606MLG Popplio|avalugg sterk\n|\n|t:|1615151131\n|switch|p1a: Sokke|Rotom-Wash|100\/100\n|move|p2a: Avalugg|Icicle Spear|p1a: Sokke\n|-resisted|p1a: Sokke\n|-damage|p1a: Sokke|94\/100\n|-resisted|p1a: Sokke\n|-damage|p1a: Sokke|87\/100\n|-resisted|p1a: Sokke\n|-crit|p1a: Sokke\n|-damage|p1a: Sokke|76\/100\n|-hitcount|p1a: Sokke|3\n|\n|upkeep\n|turn|28\n|c|\u2606MLG Popplio|LMFAO\n|c| 2020 is dead!|If you actually had mirror coat there... LMAO\n|c|\u2606MLG Popplio|de disrespect\n|c|\u2606DjezzeMwoan|ik vertrouw dit niet lmfao\n|c|\u2606DjezzeMwoan|straks 5 hit je me\n|c|\u2606MLG Popplio|honestly wouldn't be the first time\n|c|\u2606DjezzeMwoan|koekebakker\n|c|\u2606MLG Popplio|i've ran mirror coat avalugg before\n|c|\u2606MLG Popplio|only once, but still\n|\n|t:|1615151170\n|switch|p2a: Clefable|Clefable, F|100\/100\n|move|p1a: Sokke|Volt Switch|p2a: Clefable\n|-damage|p2a: Clefable|75\/100\n|\n|t:|1615151173\n|switch|p1a: Sickle cell|Cresselia, F|50\/100 slp|[from]move: Volt Switch\n|\n|-heal|p2a: Clefable|81\/100|[from] item: Leftovers\n|upkeep\n|turn|29\n|c|\u2606MLG Popplio|ok kom op\n|c|\u2606MLG Popplio|crits clef\n|c|\u2606MLG Popplio|crits\n|\n|t:|1615151187\n|-curestatus|p1a: Sickle cell|slp|[msg]\n|move|p1a: Sickle cell|Calm Mind|p1a: Sickle cell\n|-boost|p1a: Sickle cell|spa|1\n|-boost|p1a: Sickle cell|spd|1\n|move|p2a: Clefable|Moonblast|p1a: Sickle cell\n|-damage|p1a: Sickle cell|31\/100\n|-unboost|p1a: Sickle cell|spa|1\n|\n|-heal|p2a: Clefable|87\/100|[from] item: Leftovers\n|upkeep\n|turn|30\n|c|\u2606DjezzeMwoan|dacht ik mooi ff niet\n|c|\u2606MLG Popplio|wel leuk hoe met insane hax\n|c|\u2606MLG Popplio|ik dit legit nog kan winnen\n|c|\u2606DjezzeMwoan|het nog steeds niks word\n|\n|t:|1615151206\n|switch|p2a: Avalugg|Avalugg, M|1\/100\n|move|p1a: Sickle cell|Rest|p1a: Sickle cell\n|-status|p1a: Sickle cell|slp|[from] move: Rest\n|-heal|p1a: Sickle cell|100\/100 slp|[silent]\n|\n|upkeep\n|turn|31\n|c|\u2606MLG Popplio|5 crits\n|c|\u2606MLG Popplio|lesgo\n|\n|t:|1615151214\n|cant|p1a: Sickle cell|slp\n|move|p1a: Sickle cell|Sleep Talk|p1a: Sickle cell\n|move|p1a: Sickle cell|Calm Mind|p1a: Sickle cell|[from]move: Sleep Talk\n|-boost|p1a: Sickle cell|spa|1\n|-boost|p1a: Sickle cell|spd|1\n|move|p2a: Avalugg|Icicle Spear|p1a: Sickle cell\n|-damage|p1a: Sickle cell|96\/100 slp\n|-damage|p1a: Sickle cell|91\/100 slp\n|-hitcount|p1a: Sickle cell|2\n|\n|upkeep\n|turn|32\n|c|\u2606MLG Popplio|lmao\n|c|\u2606MLG Popplio|bijna \n|\n|t:|1615151225\n|cant|p1a: Sickle cell|slp\n|move|p1a: Sickle cell|Sleep Talk|p1a: Sickle cell\n|move|p1a: Sickle cell|Rest||[from]move: Sleep Talk|[still]\n|-fail|p1a: Sickle cell\n|move|p2a: Avalugg|Icicle Spear|p1a: Sickle cell\n|-damage|p1a: Sickle cell|85\/100 slp\n|-damage|p1a: Sickle cell|80\/100 slp\n|-hitcount|p1a: Sickle cell|2\n|\n|upkeep\n|turn|33\n|\n|t:|1615151231\n|-curestatus|p1a: Sickle cell|slp|[msg]\n|move|p1a: Sickle cell|Sleep Talk||[still]\n|-fail|p1a: Sickle cell\n|move|p2a: Avalugg|Icicle Spear|p1a: Sickle cell\n|-damage|p1a: Sickle cell|75\/100\n|-damage|p1a: Sickle cell|69\/100\n|-damage|p1a: Sickle cell|65\/100\n|-hitcount|p1a: Sickle cell|3\n|\n|upkeep\n|turn|34\n|c|\u2606DjezzeMwoan|f\n|c|\u2606DjezzeMwoan|daar gaat je rngf\n|c|\u2606DjezzeMwoan|rng\n|c|\u2606MLG Popplio|ff turns bij houden man\n|\n|t:|1615151243\n|switch|p2a: Clefable|Clefable, F|87\/100\n|move|p1a: Sickle cell|Stored Power|p2a: Clefable\n|-damage|p2a: Clefable|71\/100\n|\n|-heal|p2a: Clefable|77\/100|[from] item: Leftovers\n|upkeep\n|turn|35\n|\n|t:|1615151246\n|move|p1a: Sickle cell|Calm Mind|p1a: Sickle cell\n|-boost|p1a: Sickle cell|spa|1\n|-boost|p1a: Sickle cell|spd|1\n|move|p2a: Clefable|Moonblast|p1a: Sickle cell\n|-damage|p1a: Sickle cell|47\/100\n|\n|-heal|p2a: Clefable|83\/100|[from] item: Leftovers\n|upkeep\n|turn|36\n|\n|t:|1615151251\n|move|p1a: Sickle cell|Rest|p1a: Sickle cell\n|-status|p1a: Sickle cell|slp|[from] move: Rest\n|-heal|p1a: Sickle cell|100\/100 slp|[silent]\n|move|p2a: Clefable|Moonblast|p1a: Sickle cell\n|-damage|p1a: Sickle cell|83\/100 slp\n|\n|-heal|p2a: Clefable|89\/100|[from] item: Leftovers\n|upkeep\n|turn|37\n|\n|t:|1615151255\n|cant|p1a: Sickle cell|slp\n|move|p1a: Sickle cell|Sleep Talk|p1a: Sickle cell\n|move|p1a: Sickle cell|Stored Power|p2a: Clefable|[from]move: Sleep Talk\n|-damage|p2a: Clefable|64\/100\n|move|p2a: Clefable|Moonblast|p1a: Sickle cell\n|-damage|p1a: Sickle cell|64\/100 slp\n|-unboost|p1a: Sickle cell|spa|1\n|\n|-heal|p2a: Clefable|70\/100|[from] item: Leftovers\n|upkeep\n|turn|38\n|c|\u2606DjezzeMwoan|je gaat me zeker niet critten\n|\n|t:|1615151263\n|cant|p1a: Sickle cell|slp\n|move|p1a: Sickle cell|Sleep Talk|p1a: Sickle cell\n|move|p1a: Sickle cell|Calm Mind|p1a: Sickle cell|[from]move: Sleep Talk\n|-boost|p1a: Sickle cell|spa|1\n|-boost|p1a: Sickle cell|spd|1\n|move|p2a: Clefable|Moonblast|p1a: Sickle cell\n|-damage|p1a: Sickle cell|45\/100 slp\n|\n|-heal|p2a: Clefable|76\/100|[from] item: Leftovers\n|upkeep\n|turn|39\n|c|\u2606DjezzeMwoan|stop eens\n|c|\u2606MLG Popplio|lmoa\n|\n|t:|1615151273\n|switch|p2a: Avalugg|Avalugg, M|1\/100\n|-curestatus|p1a: Sickle cell|slp|[msg]\n|move|p1a: Sickle cell|Stored Power|p2a: Avalugg\n|-damage|p2a: Avalugg|0 fnt\n|faint|p2a: Avalugg\n|\n|upkeep\n|c|\u2606MLG Popplio|oh\n|c|\u2606MLG Popplio|niet rest daar\n|c|\u2606MLG Popplio|ic\n|c|\u2606MLG Popplio|eh\n|c|\u2606MLG Popplio|gg\n|c|\u2606MLG Popplio|lol\n|\n|t:|1615151284\n|switch|p2a: Clefable|Clefable, F|76\/100\n|turn|40\n|c|\u2606DjezzeMwoan|ja rip man\n|c|\u2606DjezzeMwoan|ggs\n|\n|t:|1615151289\n|move|p1a: Sickle cell|Stored Power|p2a: Clefable\n|-damage|p2a: Clefable|43\/100\n|move|p2a: Clefable|Wish|p2a: Clefable\n|\n|-heal|p2a: Clefable|49\/100|[from] item: Leftovers\n|upkeep\n|turn|41\n|\n|t:|1615151292\n|move|p1a: Sickle cell|Calm Mind|p1a: Sickle cell\n|-boost|p1a: Sickle cell|spa|1\n|-boost|p1a: Sickle cell|spd|1\n|move|p2a: Clefable|Moonblast|p1a: Sickle cell\n|-damage|p1a: Sickle cell|27\/100\n|\n|-heal|p2a: Clefable|99\/100|[from] move: Wish|[wisher] Clefable\n|-heal|p2a: Clefable|100\/100|[from] item: Leftovers\n|upkeep\n|turn|42\n|\n|t:|1615151295\n|move|p1a: Sickle cell|Rest|p1a: Sickle cell\n|-status|p1a: Sickle cell|slp|[from] move: Rest\n|-heal|p1a: Sickle cell|100\/100 slp|[silent]\n|move|p2a: Clefable|Moonblast|p1a: Sickle cell\n|-damage|p1a: Sickle cell|80\/100 slp\n|\n|upkeep\n|turn|43\n|c|\u2606DjezzeMwoan|nee\n|c|\u2606DjezzeMwoan|niet critten\n|c|\u2606MLG Popplio|:(\n|\n|t:|1615151305\n|cant|p1a: Sickle cell|slp\n|move|p1a: Sickle cell|Sleep Talk|p1a: Sickle cell\n|move|p1a: Sickle cell|Calm Mind|p1a: Sickle cell|[from]move: Sleep Talk\n|-boost|p1a: Sickle cell|spa|1\n|-boost|p1a: Sickle cell|spd|1\n|move|p2a: Clefable|Moonblast|p1a: Sickle cell\n|-damage|p1a: Sickle cell|59\/100 slp\n|\n|upkeep\n|turn|44\n|\n|t:|1615151311\n|cant|p1a: Sickle cell|slp\n|move|p1a: Sickle cell|Sleep Talk|p1a: Sickle cell\n|move|p1a: Sickle cell|Stored Power|p2a: Clefable|[from]move: Sleep Talk\n|-damage|p2a: Clefable|51\/100\n|move|p2a: Clefable|Moonblast|p1a: Sickle cell\n|-damage|p1a: Sickle cell|40\/100 slp\n|\n|-heal|p2a: Clefable|57\/100|[from] item: Leftovers\n|upkeep\n|turn|45\n|c|\u2606DjezzeMwoan|kut sleep talk\n|c|\u2606DjezzeMwoan|doe es wat\n|\n|t:|1615151323\n|-curestatus|p1a: Sickle cell|slp|[msg]\n|move|p1a: Sickle cell|Calm Mind|p1a: Sickle cell\n|-boost|p1a: Sickle cell|spa|1\n|-boost|p1a: Sickle cell|spd|0\n|move|p2a: Clefable|Moonblast|p1a: Sickle cell\n|-damage|p1a: Sickle cell|20\/100\n|\n|-heal|p2a: Clefable|63\/100|[from] item: Leftovers\n|upkeep\n|turn|46\n|\n|t:|1615151329\n|move|p2a: Clefable|Protect|p2a: Clefable\n|-singleturn|p2a: Clefable|Protect\n|move|p1a: Sickle cell|Rest|p1a: Sickle cell\n|-status|p1a: Sickle cell|slp|[from] move: Rest\n|-heal|p1a: Sickle cell|100\/100 slp|[silent]\n|\n|-heal|p2a: Clefable|70\/100|[from] item: Leftovers\n|upkeep\n|turn|47\n|\n|t:|1615151331\n|cant|p1a: Sickle cell|slp\n|move|p1a: Sickle cell|Sleep Talk|p1a: Sickle cell\n|move|p1a: Sickle cell|Stored Power|p2a: Clefable|[from]move: Sleep Talk\n|-damage|p2a: Clefable|17\/100\n|move|p2a: Clefable|Wish|p2a: Clefable\n|\n|-heal|p2a: Clefable|23\/100|[from] item: Leftovers\n|upkeep\n|turn|48\n|\n|t:|1615151335\n|cant|p1a: Sickle cell|slp\n|move|p1a: Sickle cell|Sleep Talk|p1a: Sickle cell\n|move|p1a: Sickle cell|Stored Power|p2a: Clefable|[from]move: Sleep Talk\n|-damage|p2a: Clefable|0 fnt\n|faint|p2a: Clefable\n|\n|win|DjezzeMwoan\n|l| PorygonTheBot\n|c|\u2606DjezzeMwoan|eindelijk\n|c|\u2606MLG Popplio|gg lmfao\n|c|\u2606DjezzeMwoan|godverdomme\n|c|\u2606DjezzeMwoan|gg\n|c|\u2606MLG Popplio|submit jij?\n","uploadtime":1615151336,"views":23,"p1id":"djezzemwoan","p2id":"mlgpopplio","formatid":"gen8nationaldexdlclegacy","rating":0,"private":0,"password":null}