{"id":"sports-gen8nationaldexdraft-603367","p1":"AsterJ","p2":"Littlebigness","format":"gen8nationaldexdraft","log":"|j|\u2606AsterJ\n|j|\u2606Littlebigness\n|t:|1646015468\n|gametype|singles\n|player|p1|AsterJ|asterj.png|\n|player|p2|Littlebigness|ethan|\n|teamsize|p1|6\n|teamsize|p2|6\n|gen|8\n|tier|[Gen 8] National Dex Draft\n|rule|Sleep Clause Mod: Limit one foe put to sleep\n|rule|OHKO Clause: OHKO moves are banned\n|rule|Evasion Moves Clause: Evasion moves are banned\n|rule|Endless Battle Clause: Forcing endless battles is banned\n|rule|HP Percentage Mod: HP is shown in percentages\n|rule|Dynamax Clause: You cannot dynamax\n|clearpoke\n|poke|p1|Volcanion|\n|poke|p1|Gallade, M|\n|poke|p1|Cinccino, F|\n|poke|p1|Tapu Fini|\n|poke|p1|Nidoqueen, F|\n|poke|p1|Rotom|\n|poke|p2|Darmanitan-Galar, M|\n|poke|p2|Lycanroc-Dusk, F|\n|poke|p2|Mesprit|\n|poke|p2|Regieleki|\n|poke|p2|Mawile, F|\n|poke|p2|Hydreigon, M|\n|teampreview\n|html|<button name=\"send\" class=\"button\" value=\"\/timer ds\"><i class=\"fa fa-hourglass-start\"><\/i> DS Timer<\/button> <button name=\"send\" class=\"button\" value=\"\/timer smogon\"><i class=\"fa fa-hourglass-start\"><\/i> Smogon Timer<\/button>\n|c|\u2606AsterJ|Gl hf man\n|c|\u2606Littlebigness|hf\n|\n|t:|1646015537\n|start\n|switch|p1a: Cinccino|Cinccino, F|100\/100\n|switch|p2a: jay-z|Darmanitan-Galar, M|100\/100\n|turn|1\n|\n|t:|1646015567\n|switch|p2a: darla|Mawile, F|100\/100\n|-ability|p2a: darla|Intimidate|boost\n|-unboost|p1a: Cinccino|atk|1\n|move|p1a: Cinccino|Rock Blast|p2a: darla\n|-resisted|p2a: darla\n|-damage|p2a: darla|97\/100\n|-resisted|p2a: darla\n|-damage|p2a: darla|94\/100\n|-resisted|p2a: darla\n|-damage|p2a: darla|90\/100\n|-resisted|p2a: darla\n|-damage|p2a: darla|87\/100\n|-resisted|p2a: darla\n|-damage|p2a: darla|84\/100\n|-hitcount|p2a: darla|5\n|\n|upkeep\n|turn|2\n|\n|t:|1646015613\n|switch|p1a: Volcanion|Volcanion|100\/100\n|detailschange|p2a: darla|Mawile-Mega, F\n|-mega|p2a: darla|Mawile|Mawilite\n|move|p2a: darla|Iron Head|p1a: Volcanion\n|-resisted|p1a: Volcanion\n|-damage|p1a: Volcanion|86\/100\n|\n|-heal|p1a: Volcanion|92\/100|[from] item: Leftovers\n|upkeep\n|turn|3\n|\n|t:|1646015626\n|switch|p2a: sock|Hydreigon, M|100\/100\n|move|p1a: Volcanion|Substitute|p1a: Volcanion\n|-start|p1a: Volcanion|Substitute\n|-damage|p1a: Volcanion|67\/100\n|\n|-heal|p1a: Volcanion|73\/100|[from] item: Leftovers\n|upkeep\n|turn|4\n|\n|t:|1646015637\n|move|p1a: Volcanion|Protect|p1a: Volcanion\n|-singleturn|p1a: Volcanion|Protect\n|move|p2a: sock|Dark Pulse|p1a: Volcanion\n|-activate|p1a: Volcanion|move: Protect\n|\n|-heal|p1a: Volcanion|80\/100|[from] item: Leftovers\n|upkeep\n|turn|5\n|\n|t:|1646015644\n|move|p2a: sock|Dark Pulse|p1a: Volcanion\n|-end|p1a: Volcanion|Substitute\n|move|p1a: Volcanion|Toxic|p2a: sock\n|-status|p2a: sock|tox\n|\n|-heal|p1a: Volcanion|86\/100|[from] item: Leftovers\n|-damage|p2a: sock|94\/100 tox|[from] psn\n|upkeep\n|turn|6\n|\n|t:|1646015663\n|switch|p2a: jamie foxx|Regieleki|100\/100\n|switch|p1a: Nidoqueen|Nidoqueen, F|100\/100\n|\n|upkeep\n|turn|7\n|\n|t:|1646015680\n|switch|p2a: sock|Hydreigon, M|94\/100 tox\n|move|p1a: Nidoqueen|Stealth Rock|p2a: sock\n|-sidestart|p2: Littlebigness|move: Stealth Rock\n|\n|-damage|p2a: sock|88\/100 tox|[from] psn\n|upkeep\n|turn|8\n|\n|t:|1646015689\n|move|p2a: sock|U-turn|p1a: Nidoqueen\n|-resisted|p1a: Nidoqueen\n|-damage|p1a: Nidoqueen|92\/100\n|\n|t:|1646015699\n|switch|p2a: vision|Mesprit|100\/100|[from]move: U-turn\n|-damage|p2a: vision|88\/100|[from] Stealth Rock\n|move|p1a: Nidoqueen|Ice Beam|p2a: vision\n|-damage|p2a: vision|64\/100\n|\n|-heal|p1a: Nidoqueen|99\/100|[from] item: Black Sludge\n|upkeep\n|turn|9\n|\n|t:|1646015768\n|switch|p1a: Rotom|Rotom|100\/100\n|move|p2a: vision|Stealth Rock|p1a: Rotom\n|-sidestart|p1: AsterJ|move: Stealth Rock\n|\n|upkeep\n|turn|10\n|\n|t:|1646015785\n|switch|p2a: sock|Hydreigon, M|88\/100 tox\n|-damage|p2a: sock|76\/100 tox|[from] Stealth Rock\n|move|p1a: Rotom|Substitute|p1a: Rotom\n|-start|p1a: Rotom|Substitute\n|-damage|p1a: Rotom|76\/100\n|\n|-damage|p2a: sock|70\/100 tox|[from] psn\n|upkeep\n|turn|11\n|j| ImCrazyUwU\n|\n|t:|1646015805\n|move|p2a: sock|Dark Pulse|p1a: Rotom\n|-supereffective|p1a: Rotom\n|-end|p1a: Rotom|Substitute\n|move|p1a: Rotom|Shadow Ball|p2a: sock\n|-resisted|p2a: sock\n|-damage|p2a: sock|53\/100 tox\n|\n|-damage|p2a: sock|41\/100 tox|[from] psn\n|upkeep\n|turn|12\n|\n|t:|1646015819\n|switch|p2a: jamie foxx|Regieleki|100\/100\n|switch|p1a: Gallade|Gallade, M|100\/100\n|-damage|p1a: Gallade|94\/100|[from] Stealth Rock\n|\n|upkeep\n|turn|13\n|j| Retikai\n|\n|t:|1646015829\n|switch|p1a: Nidoqueen|Nidoqueen, F|99\/100\n|-damage|p1a: Nidoqueen|92\/100|[from] Stealth Rock\n|move|p2a: jamie foxx|Volt Switch|p1a: Nidoqueen\n|-immune|p1a: Nidoqueen\n|\n|-heal|p1a: Nidoqueen|99\/100|[from] item: Black Sludge\n|upkeep\n|turn|14\n|\n|t:|1646015839\n|move|p2a: jamie foxx|Rapid Spin|p1a: Nidoqueen\n|-crit|p1a: Nidoqueen\n|-damage|p1a: Nidoqueen|84\/100\n|-boost|p2a: jamie foxx|spe|1\n|-sideend|p2: Littlebigness|Stealth Rock|[from] move: Rapid Spin|[of] p2a: jamie foxx\n|move|p1a: Nidoqueen|Roar|p2a: jamie foxx\n|drag|p2a: sock|Hydreigon, M|41\/100 tox\n|\n|-heal|p1a: Nidoqueen|90\/100|[from] item: Black Sludge\n|-damage|p2a: sock|35\/100 tox|[from] psn\n|upkeep\n|turn|15\n|\n|t:|1646015848\n|move|p2a: sock|Dark Pulse|p1a: Nidoqueen\n|-damage|p1a: Nidoqueen|54\/100\n|move|p1a: Nidoqueen|Stealth Rock|p2a: sock\n|-sidestart|p2: Littlebigness|move: Stealth Rock\n|\n|-heal|p1a: Nidoqueen|60\/100|[from] item: Black Sludge\n|-damage|p2a: sock|23\/100 tox|[from] psn\n|upkeep\n|turn|16\n|l| Retikai\n|\n|t:|1646015893\n|move|p2a: sock|Dark Pulse|p1a: Nidoqueen\n|-damage|p1a: Nidoqueen|23\/100\n|move|p1a: Nidoqueen|Ice Beam|p2a: sock\n|-supereffective|p2a: sock\n|-damage|p2a: sock|0 fnt\n|faint|p2a: sock\n|\n|-heal|p1a: Nidoqueen|29\/100|[from] item: Black Sludge\n|upkeep\n|\n|t:|1646015919\n|switch|p2a: yiff me daddy|Lycanroc-Dusk, F|100\/100\n|-damage|p2a: yiff me daddy|88\/100|[from] Stealth Rock\n|turn|17\n|\n|t:|1646015966\n|move|p2a: yiff me daddy|Psychic Fangs|p1a: Nidoqueen\n|-supereffective|p1a: Nidoqueen\n|-damage|p1a: Nidoqueen|0 fnt\n|faint|p1a: Nidoqueen\n|-damage|p2a: yiff me daddy|78\/100|[from] item: Life Orb\n|\n|upkeep\n|\n|t:|1646015977\n|switch|p1a: Cinccino|Cinccino, F|100\/100\n|-damage|p1a: Cinccino|88\/100|[from] Stealth Rock\n|turn|18\n|\n|t:|1646016016\n|switch|p2a: darla|Mawile-Mega, F|84\/100\n|-damage|p2a: darla|77\/100|[from] Stealth Rock\n|move|p1a: Cinccino|Bullet Seed|p2a: darla\n|-resisted|p2a: darla\n|-damage|p2a: darla|74\/100\n|-resisted|p2a: darla\n|-damage|p2a: darla|70\/100\n|-resisted|p2a: darla\n|-damage|p2a: darla|67\/100\n|-resisted|p2a: darla\n|-damage|p2a: darla|63\/100\n|-resisted|p2a: darla\n|-damage|p2a: darla|59\/100\n|-hitcount|p2a: darla|5\n|\n|upkeep\n|turn|19\n|\n|t:|1646016038\n|switch|p1a: Volcanion|Volcanion|86\/100\n|-damage|p1a: Volcanion|61\/100|[from] Stealth Rock\n|move|p2a: darla|Play Rough|p1a: Volcanion|[miss]\n|-miss|p2a: darla|p1a: Volcanion\n|\n|-heal|p1a: Volcanion|67\/100|[from] item: Leftovers\n|upkeep\n|turn|20\n|\n|t:|1646016051\n|switch|p2a: jamie foxx|Regieleki|100\/100\n|move|p1a: Volcanion|Flamethrower|p2a: jamie foxx\n|-damage|p2a: jamie foxx|22\/100\n|\n|-heal|p1a: Volcanion|73\/100|[from] item: Leftovers\n|upkeep\n|turn|21\n|\n|t:|1646016061\n|switch|p1a: Rotom|Rotom|76\/100\n|-damage|p1a: Rotom|63\/100|[from] Stealth Rock\n|move|p2a: jamie foxx|Thunderbolt|p1a: Rotom\n|-resisted|p1a: Rotom\n|-damage|p1a: Rotom|16\/100\n|\n|upkeep\n|turn|22\n|\n|t:|1646016070\n|move|p2a: jamie foxx|Thunderbolt|p1a: Rotom\n|-resisted|p1a: Rotom\n|-damage|p1a: Rotom|0 fnt\n|faint|p1a: Rotom\n|\n|upkeep\n|\n|t:|1646016072\n|switch|p1a: Cinccino|Cinccino, F|88\/100\n|-damage|p1a: Cinccino|76\/100|[from] Stealth Rock\n|turn|23\n|j| Ryan Figon\n|\n|t:|1646016084\n|switch|p2a: darla|Mawile-Mega, F|59\/100\n|-damage|p2a: darla|53\/100|[from] Stealth Rock\n|move|p1a: Cinccino|Tail Slap|p2a: darla\n|-resisted|p2a: darla\n|-damage|p2a: darla|47\/100\n|-resisted|p2a: darla\n|-damage|p2a: darla|42\/100\n|-resisted|p2a: darla\n|-damage|p2a: darla|36\/100\n|-resisted|p2a: darla\n|-damage|p2a: darla|31\/100\n|-resisted|p2a: darla\n|-damage|p2a: darla|25\/100\n|-hitcount|p2a: darla|5\n|\n|upkeep\n|turn|24\n|\n|t:|1646016111\n|switch|p1a: Volcanion|Volcanion|73\/100\n|-damage|p1a: Volcanion|48\/100|[from] Stealth Rock\n|move|p2a: darla|Sucker Punch||[still]\n|-fail|p2a: darla\n|\n|-heal|p1a: Volcanion|55\/100|[from] item: Leftovers\n|upkeep\n|turn|25\n|\n|t:|1646016127\n|move|p1a: Volcanion|Flamethrower|p2a: darla\n|-supereffective|p2a: darla\n|-damage|p2a: darla|0 fnt\n|faint|p2a: darla\n|\n|-heal|p1a: Volcanion|61\/100|[from] item: Leftovers\n|upkeep\n|\n|t:|1646016140\n|switch|p2a: jamie foxx|Regieleki|22\/100\n|turn|26\n|\n|t:|1646016199\n|move|p2a: jamie foxx|Thunderbolt|p1a: Volcanion\n|-supereffective|p1a: Volcanion\n|-damage|p1a: Volcanion|0 fnt\n|faint|p1a: Volcanion\n|\n|upkeep\n|\n|t:|1646016210\n|switch|p1a: Cinccino|Cinccino, F|76\/100\n|-damage|p1a: Cinccino|63\/100|[from] Stealth Rock\n|turn|27\n|j| TGM Birbtales\n|l| ImCrazyUwU\n|\n|t:|1646016239\n|switch|p2a: vision|Mesprit|64\/100\n|-damage|p2a: vision|51\/100|[from] Stealth Rock\n|move|p1a: Cinccino|Tail Slap|p2a: vision\n|-damage|p2a: vision|44\/100\n|-damage|p2a: vision|36\/100\n|-damage|p2a: vision|28\/100\n|-damage|p2a: vision|20\/100\n|-damage|p2a: vision|13\/100\n|-hitcount|p2a: vision|5\n|\n|upkeep\n|turn|28\n|\n|t:|1646016260\n|move|p1a: Cinccino|Tail Slap|p2a: vision|[miss]\n|-miss|p1a: Cinccino|p2a: vision\n|move|p2a: vision|Dazzling Gleam|p1a: Cinccino\n|-damage|p1a: Cinccino|32\/100\n|\n|upkeep\n|turn|29\n|c|\u2606Littlebigness|srry\n|\n|t:|1646016271\n|move|p1a: Cinccino|Tail Slap|p2a: vision\n|-damage|p2a: vision|4\/100\n|-damage|p2a: vision|0 fnt\n|faint|p2a: vision\n|-hitcount|p2: vision|2\n|\n|upkeep\n|\n|t:|1646016275\n|switch|p2a: yiff me daddy|Lycanroc-Dusk, F|78\/100\n|-damage|p2a: yiff me daddy|66\/100|[from] Stealth Rock\n|turn|30\n|\n|t:|1646016326\n|move|p1a: Cinccino|Tail Slap|p2a: yiff me daddy\n|-resisted|p2a: yiff me daddy\n|-crit|p2a: yiff me daddy\n|-damage|p2a: yiff me daddy|52\/100\n|-resisted|p2a: yiff me daddy\n|-damage|p2a: yiff me daddy|42\/100\n|-resisted|p2a: yiff me daddy\n|-damage|p2a: yiff me daddy|32\/100\n|-resisted|p2a: yiff me daddy\n|-crit|p2a: yiff me daddy\n|-damage|p2a: yiff me daddy|18\/100\n|-resisted|p2a: yiff me daddy\n|-damage|p2a: yiff me daddy|7\/100\n|-hitcount|p2a: yiff me daddy|5\n|move|p2a: yiff me daddy|Psychic Fangs|p1a: Cinccino\n|-damage|p1a: Cinccino|0 fnt\n|faint|p1a: Cinccino\n|-damage|p2a: yiff me daddy|0 fnt|[from] item: Life Orb\n|faint|p2a: yiff me daddy\n|\n|upkeep\n|\n|t:|1646016347\n|switch|p2a: jamie foxx|Regieleki|22\/100\n|switch|p1a: Gallade|Gallade, M|94\/100\n|-damage|p1a: Gallade|88\/100|[from] Stealth Rock\n|turn|31\n|\n|t:|1646016353\n|detailschange|p1a: Gallade|Gallade-Mega, M\n|-mega|p1a: Gallade|Gallade|Galladite\n|move|p2a: jamie foxx|Volt Switch|p1a: Gallade\n|-damage|p1a: Gallade|46\/100\n|\n|t:|1646016357\n|switch|p2a: jay-z|Darmanitan-Galar, M|100\/100|[from]move: Volt Switch\n|-damage|p2a: jay-z|76\/100|[from] Stealth Rock\n|move|p1a: Gallade|Drain Punch|p2a: jay-z\n|-supereffective|p2a: jay-z\n|-crit|p2a: jay-z\n|-damage|p2a: jay-z|0 fnt\n|-heal|p1a: Gallade|85\/100|[from] drain|[of] p2a: jay-z\n|faint|p2a: jay-z\n|\n|upkeep\n|c|\u2606Littlebigness|damn gg\n|\n|t:|1646016363\n|switch|p2a: jamie foxx|Regieleki|22\/100\n|turn|32\n|\n|t:|1646016365\n|move|p2a: jamie foxx|Thunderbolt|p1a: Gallade\n|-damage|p1a: Gallade|33\/100\n|move|p1a: Gallade|Drain Punch|p2a: jamie foxx\n|-damage|p2a: jamie foxx|0 fnt\n|-heal|p1a: Gallade|42\/100|[from] drain|[of] p2a: jamie foxx\n|faint|p2a: jamie foxx\n|\n|win|AsterJ\n|l|\u2606Littlebigness\n|c|\u2606AsterJ|Sorry for the crits on tail slap\n","uploadtime":1646016371,"views":24,"p1id":"asterj","p2id":"littlebigness","formatid":"gen8nationaldexdraft","rating":0,"private":0,"password":null}