{"id":"sports-gen8nationaldexdraft-730813","p1":"Elon Musk Rusk","p2":"ElyFlyGuy","format":"gen8nationaldexdraft","log":"|j|\u2606Elon Musk Rusk\n|j|\u2606ElyFlyGuy\n|t:|1663940196\n|gametype|singles\n|player|p1|Elon Musk Rusk|170|\n|player|p2|ElyFlyGuy|silver|\n|teamsize|p1|6\n|teamsize|p2|6\n|gen|8\n|tier|[Gen 8] National Dex Draft\n|rule|Sleep Clause Mod: Limit one foe put to sleep\n|rule|OHKO Clause: OHKO moves are banned\n|rule|Evasion Moves Clause: Evasion moves are banned\n|rule|Endless Battle Clause: Forcing endless battles is banned\n|rule|HP Percentage Mod: HP is shown in percentages\n|rule|Dynamax Clause: You cannot dynamax\n|clearpoke\n|poke|p1|Gallade, M|\n|poke|p1|Aegislash, F|\n|poke|p1|Goodra, M|\n|poke|p1|Mandibuzz, F|\n|poke|p1|Tapu Fini|\n|poke|p1|Swampert, F|\n|poke|p2|Flygon, M|\n|poke|p2|Kyurem-Black|\n|poke|p2|Tapu Koko|\n|poke|p2|Blastoise, F|\n|poke|p2|Dhelmise|\n|poke|p2|Infernape, M|\n|teampreview\n|html|<button name=\"send\" class=\"button\" value=\"\/timer ds\"><i class=\"fa fa-hourglass-start\"><\/i> DS Timer<\/button> <button name=\"send\" class=\"button\" value=\"\/timer smogon\"><i class=\"fa fa-hourglass-start\"><\/i> Smogon Timer<\/button>\n|\n|t:|1663940235\n|start\n|switch|p1a: Swampert|Swampert, F|100\/100\n|switch|p2a: Dhelmise|Dhelmise|100\/100\n|turn|1\n|\n|t:|1663940255\n|move|p1a: Swampert|Flip Turn|p2a: Dhelmise\n|-resisted|p2a: Dhelmise\n|-damage|p2a: Dhelmise|77\/100\n|\n|t:|1663940259\n|switch|p1a: Mandibuzz|Mandibuzz, F|100\/100|[from]move: Flip Turn\n|move|p2a: Dhelmise|Knock Off|p1a: Mandibuzz\n|-resisted|p1a: Mandibuzz\n|-damage|p1a: Mandibuzz|91\/100\n|-enditem|p1a: Mandibuzz|Heavy-Duty Boots|[from] move: Knock Off|[of] p2a: Dhelmise\n|\n|upkeep\n|turn|2\n|\n|t:|1663940267\n|switch|p2a: Infernape|Infernape, M|100\/100\n|move|p1a: Mandibuzz|U-turn|p2a: Infernape\n|-resisted|p2a: Infernape\n|-damage|p2a: Infernape|97\/100\n|\n|t:|1663940276\n|switch|p1a: Gallade|Gallade, M|100\/100|[from]move: U-turn\n|\n|-heal|p2a: Infernape|100\/100|[from] item: Leftovers\n|upkeep\n|turn|3\n|c|\u2606Elon Musk Rusk|So annoying\n|c|\u2606Elon Musk Rusk|I hate history\n|\n|t:|1663940321\n|switch|p2a: Blastoise|Blastoise, F|100\/100\n|detailschange|p1a: Gallade|Gallade-Mega, M\n|-mega|p1a: Gallade|Gallade|Galladite\n|move|p1a: Gallade|Earthquake|p2a: Blastoise\n|-damage|p2a: Blastoise|73\/100\n|\n|upkeep\n|turn|4\n|\n|t:|1663940329\n|switch|p1a: Goodra|Goodra, M|100\/100\n|detailschange|p2a: Blastoise|Blastoise-Mega, F\n|-mega|p2a: Blastoise|Blastoise|Blastoisinite\n|move|p2a: Blastoise|Flip Turn|p1a: Goodra\n|-resisted|p1a: Goodra\n|-damage|p1a: Goodra|90\/100\n|-ability|p1a: Goodra|Gooey\n|-unboost|p2a: Blastoise|spe|1\n|\n|t:|1663940364\n|switch|p2a: Kyurem|Kyurem-Black|100\/100|[from]move: Flip Turn\n|-ability|p2a: Kyurem|Teravolt\n|\n|upkeep\n|turn|5\n|\n|t:|1663940370\n|switch|p2a: Tapu Koko|Tapu Koko|100\/100\n|-fieldstart|move: Electric Terrain|[from] ability: Electric Surge|[of] p2a: Tapu Koko\n|switch|p1a: Aegislash|Aegislash, F|100\/100\n|\n|upkeep\n|turn|6\n|\n|t:|1663940377\n|move|p2a: Tapu Koko|Volt Switch|p1a: Aegislash\n|-damage|p1a: Aegislash|63\/100\n|\n|t:|1663940393\n|switch|p2a: Infernape|Infernape, M|100\/100|[from]move: Volt Switch\n|move|p1a: Aegislash|Toxic|p2a: Infernape\n|-status|p2a: Infernape|tox\n|\n|-heal|p1a: Aegislash|70\/100|[from] item: Leftovers\n|-damage|p2a: Infernape|94\/100 tox|[from] psn\n|upkeep\n|turn|7\n|\n|t:|1663940402\n|move|p1a: Aegislash|King's Shield|p1a: Aegislash\n|-singleturn|p1a: Aegislash|Protect\n|move|p2a: Infernape|Taunt|p1a: Aegislash\n|-start|p1a: Aegislash|move: Taunt\n|\n|-heal|p2a: Infernape|100\/100 tox|[from] item: Leftovers\n|-heal|p1a: Aegislash|76\/100|[from] item: Leftovers\n|-damage|p2a: Infernape|88\/100 tox|[from] psn\n|upkeep\n|turn|8\n|\n|t:|1663940410\n|switch|p1a: Tapu Fini|Tapu Fini|100\/100\n|-fieldstart|move: Misty Terrain|[from] ability: Misty Surge|[of] p1a: Tapu Fini\n|move|p2a: Infernape|Stealth Rock|p1a: Tapu Fini\n|-sidestart|p1: Elon Musk Rusk|move: Stealth Rock\n|\n|-heal|p2a: Infernape|94\/100 tox|[from] item: Leftovers\n|-damage|p2a: Infernape|76\/100 tox|[from] psn\n|upkeep\n|turn|9\n|\n|t:|1663940416\n|switch|p2a: Tapu Koko|Tapu Koko|100\/100\n|-fieldstart|move: Electric Terrain|[from] ability: Electric Surge|[of] p2a: Tapu Koko\n|move|p1a: Tapu Fini|Moonblast|p2a: Tapu Koko\n|-damage|p2a: Tapu Koko|56\/100\n|\n|upkeep\n|turn|10\n|\n|t:|1663940434\n|move|p2a: Tapu Koko|Grass Knot|p1a: Tapu Fini\n|-supereffective|p1a: Tapu Fini\n|-damage|p1a: Tapu Fini|73\/100\n|move|p1a: Tapu Fini|Moonblast|p2a: Tapu Koko\n|-damage|p2a: Tapu Koko|12\/100\n|\n|upkeep\n|turn|11\n|\n|t:|1663940441\n|switch|p2a: Dhelmise|Dhelmise|77\/100\n|move|p1a: Tapu Fini|Moonblast|p2a: Dhelmise\n|-damage|p2a: Dhelmise|36\/100\n|-unboost|p2a: Dhelmise|spa|1\n|\n|upkeep\n|turn|12\n|\n|t:|1663940446\n|move|p1a: Tapu Fini|Moonblast|p2a: Dhelmise\n|-damage|p2a: Dhelmise|0 fnt\n|faint|p2a: Dhelmise\n|\n|upkeep\n|\n|t:|1663940448\n|switch|p2a: Tapu Koko|Tapu Koko|12\/100\n|turn|13\n|\n|t:|1663940452\n|switch|p1a: Goodra|Goodra, M|90\/100\n|-damage|p1a: Goodra|78\/100|[from] Stealth Rock\n|move|p2a: Tapu Koko|Volt Switch|p1a: Goodra\n|-resisted|p1a: Goodra\n|-damage|p1a: Goodra|68\/100\n|\n|t:|1663940462\n|switch|p2a: Kyurem|Kyurem-Black|100\/100|[from]move: Volt Switch\n|-ability|p2a: Kyurem|Teravolt\n|\n|-fieldend|move: Electric Terrain\n|upkeep\n|turn|14\n|\n|t:|1663940465\n|move|p2a: Kyurem|Hone Claws|p2a: Kyurem\n|-boost|p2a: Kyurem|atk|1\n|-boost|p2a: Kyurem|accuracy|1\n|move|p1a: Goodra|Draco Meteor|p2a: Kyurem\n|-supereffective|p2a: Kyurem\n|-damage|p2a: Kyurem|11\/100\n|-unboost|p1a: Goodra|spa|2\n|\n|upkeep\n|turn|15\n|\n|t:|1663940493\n|move|p2a: Kyurem|Roost|p2a: Kyurem\n|-heal|p2a: Kyurem|61\/100\n|-singleturn|p2a: Kyurem|move: Roost\n|move|p1a: Goodra|Earthquake|p2a: Kyurem\n|-damage|p2a: Kyurem|43\/100\n|\n|upkeep\n|turn|16\n|\n|t:|1663940497\n|move|p2a: Kyurem|Roost|p2a: Kyurem\n|-heal|p2a: Kyurem|93\/100\n|-singleturn|p2a: Kyurem|move: Roost\n|move|p1a: Goodra|Draco Meteor|p2a: Kyurem\n|-supereffective|p2a: Kyurem\n|-damage|p2a: Kyurem|53\/100\n|-unboost|p1a: Goodra|spa|2\n|\n|upkeep\n|turn|17\n|\n|t:|1663940508\n|move|p2a: Kyurem|Roost|p2a: Kyurem\n|-heal|p2a: Kyurem|100\/100\n|-singleturn|p2a: Kyurem|move: Roost\n|move|p1a: Goodra|Earthquake|p2a: Kyurem\n|-damage|p2a: Kyurem|81\/100\n|\n|upkeep\n|turn|18\n|\n|t:|1663940511\n|move|p2a: Kyurem|Hone Claws|p2a: Kyurem\n|-boost|p2a: Kyurem|atk|1\n|-boost|p2a: Kyurem|accuracy|1\n|move|p1a: Goodra|Draco Meteor|p2a: Kyurem|[miss]\n|-miss|p1a: Goodra|p2a: Kyurem\n|\n|upkeep\n|turn|19\n|\n|t:|1663940516\n|move|p2a: Kyurem|Hone Claws|p2a: Kyurem\n|-boost|p2a: Kyurem|atk|1\n|-boost|p2a: Kyurem|accuracy|1\n|move|p1a: Goodra|Draco Meteor|p2a: Kyurem\n|-supereffective|p2a: Kyurem\n|-damage|p2a: Kyurem|54\/100\n|-unboost|p1a: Goodra|spa|2\n|\n|upkeep\n|turn|20\n|\n|t:|1663940519\n|move|p2a: Kyurem|Roost|p2a: Kyurem\n|-heal|p2a: Kyurem|100\/100\n|-singleturn|p2a: Kyurem|move: Roost\n|move|p1a: Goodra|Draco Meteor|p2a: Kyurem|[miss]\n|-miss|p1a: Goodra|p2a: Kyurem\n|\n|upkeep\n|turn|21\n|\n|t:|1663940540\n|move|p2a: Kyurem|Icicle Spear|p1a: Goodra\n|-supereffective|p1a: Goodra\n|-damage|p1a: Goodra|0 fnt\n|faint|p1a: Goodra\n|-hitcount|p1: Goodra|1\n|\n|upkeep\n|\n|t:|1663940542\n|switch|p1a: Gallade|Gallade-Mega, M|100\/100\n|-damage|p1a: Gallade|94\/100|[from] Stealth Rock\n|turn|22\n|\n|t:|1663940544\n|move|p1a: Gallade|Close Combat|p2a: Kyurem\n|-supereffective|p2a: Kyurem\n|-enditem|p2a: Kyurem|Chople Berry|[eat]\n|-enditem|p2a: Kyurem|Chople Berry|[weaken]\n|-damage|p2a: Kyurem|39\/100\n|-unboost|p1a: Gallade|def|1\n|-unboost|p1a: Gallade|spd|1\n|move|p2a: Kyurem|Icicle Spear|p1a: Gallade\n|-damage|p1a: Gallade|17\/100\n|-damage|p1a: Gallade|0 fnt\n|faint|p1a: Gallade\n|-hitcount|p1: Gallade|2\n|\n|upkeep\n|\n|t:|1663940549\n|switch|p1a: Tapu Fini|Tapu Fini|73\/100\n|-damage|p1a: Tapu Fini|61\/100|[from] Stealth Rock\n|-fieldstart|move: Misty Terrain|[from] ability: Misty Surge|[of] p1a: Tapu Fini\n|turn|23\n|\n|t:|1663940553\n|move|p1a: Tapu Fini|Moonblast|p2a: Kyurem\n|-supereffective|p2a: Kyurem\n|-damage|p2a: Kyurem|0 fnt\n|faint|p2a: Kyurem\n|\n|upkeep\n|\n|t:|1663940594\n|switch|p2a: Tapu Koko|Tapu Koko|12\/100\n|-fieldstart|move: Electric Terrain|[from] ability: Electric Surge|[of] p2a: Tapu Koko\n|turn|24\n|\n|t:|1663940597\n|switch|p1a: Aegislash|Aegislash, F|76\/100\n|-damage|p1a: Aegislash|70\/100|[from] Stealth Rock\n|move|p2a: Tapu Koko|Volt Switch|p1a: Aegislash\n|-damage|p1a: Aegislash|31\/100\n|\n|t:|1663940643\n|switch|p2a: Blastoise|Blastoise-Mega, F|73\/100|[from]move: Volt Switch\n|\n|-heal|p1a: Aegislash|38\/100|[from] item: Leftovers\n|upkeep\n|turn|25\n|\n|t:|1663940653\n|move|p1a: Aegislash|King's Shield|p1a: Aegislash\n|-singleturn|p1a: Aegislash|Protect\n|move|p2a: Blastoise|Dark Pulse|p1a: Aegislash\n|-activate|p1a: Aegislash|move: Protect\n|\n|-heal|p1a: Aegislash|44\/100|[from] item: Leftovers\n|upkeep\n|turn|26\n|\n|t:|1663940661\n|move|p2a: Blastoise|Dark Pulse|p1a: Aegislash\n|-supereffective|p1a: Aegislash\n|-damage|p1a: Aegislash|0 fnt\n|faint|p1a: Aegislash\n|\n|upkeep\n|\n|t:|1663940668\n|switch|p1a: Tapu Fini|Tapu Fini|61\/100\n|-damage|p1a: Tapu Fini|49\/100|[from] Stealth Rock\n|-fieldstart|move: Misty Terrain|[from] ability: Misty Surge|[of] p1a: Tapu Fini\n|turn|27\n|\n|t:|1663940686\n|move|p1a: Tapu Fini|Moonblast|p2a: Blastoise\n|-damage|p2a: Blastoise|41\/100\n|move|p2a: Blastoise|Flip Turn|p1a: Tapu Fini\n|-resisted|p1a: Tapu Fini\n|-damage|p1a: Tapu Fini|41\/100\n|\n|t:|1663940704\n|switch|p2a: Infernape|Infernape, M|76\/100 tox|[from]move: Flip Turn\n|\n|-heal|p2a: Infernape|82\/100 tox|[from] item: Leftovers\n|-damage|p2a: Infernape|76\/100 tox|[from] psn\n|upkeep\n|turn|28\n|\n|t:|1663940708\n|switch|p1a: Mandibuzz|Mandibuzz, F|91\/100\n|-damage|p1a: Mandibuzz|66\/100|[from] Stealth Rock\n|move|p2a: Infernape|Grass Knot|p1a: Mandibuzz\n|-resisted|p1a: Mandibuzz\n|-damage|p1a: Mandibuzz|58\/100\n|\n|-heal|p2a: Infernape|82\/100 tox|[from] item: Leftovers\n|-damage|p2a: Infernape|70\/100 tox|[from] psn\n|upkeep\n|turn|29\n|\n|t:|1663940713\n|move|p2a: Infernape|Taunt|p1a: Mandibuzz\n|-start|p1a: Mandibuzz|move: Taunt\n|move|p1a: Mandibuzz|Foul Play|p2a: Infernape\n|-resisted|p2a: Infernape\n|-damage|p2a: Infernape|53\/100 tox\n|\n|-heal|p2a: Infernape|59\/100 tox|[from] item: Leftovers\n|-damage|p2a: Infernape|41\/100 tox|[from] psn\n|upkeep\n|turn|30\n|\n|t:|1663940719\n|move|p2a: Infernape|Fire Blast|p1a: Mandibuzz\n|-damage|p1a: Mandibuzz|11\/100\n|move|p1a: Mandibuzz|Foul Play|p2a: Infernape\n|-resisted|p2a: Infernape\n|-damage|p2a: Infernape|23\/100 tox\n|\n|-heal|p2a: Infernape|29\/100 tox|[from] item: Leftovers\n|-damage|p2a: Infernape|4\/100 tox|[from] psn\n|upkeep\n|turn|31\n|\n|t:|1663940724\n|move|p2a: Infernape|Fire Blast|p1a: Mandibuzz\n|-damage|p1a: Mandibuzz|0 fnt\n|faint|p1a: Mandibuzz\n|\n|-heal|p2a: Infernape|10\/100 tox|[from] item: Leftovers\n|-damage|p2a: Infernape|0 fnt|[from] psn\n|faint|p2a: Infernape\n|-fieldend|Misty Terrain\n|upkeep\n|\n|t:|1663940730\n|switch|p2a: Blastoise|Blastoise-Mega, F|41\/100\n|switch|p1a: Swampert|Swampert, F|100\/100\n|-damage|p1a: Swampert|94\/100|[from] Stealth Rock\n|turn|32\n|\n|t:|1663940743\n|move|p2a: Blastoise|Scald|p1a: Swampert\n|-damage|p1a: Swampert|59\/100\n|move|p1a: Swampert|Flip Turn|p2a: Blastoise\n|-resisted|p2a: Blastoise\n|-damage|p2a: Blastoise|27\/100\n|\n|t:|1663940746\n|switch|p1a: Tapu Fini|Tapu Fini|41\/100|[from]move: Flip Turn\n|-damage|p1a: Tapu Fini|29\/100|[from] Stealth Rock\n|-fieldstart|move: Misty Terrain|[from] ability: Misty Surge|[of] p1a: Tapu Fini\n|\n|upkeep\n|turn|33\n|\n|t:|1663940751\n|move|p1a: Tapu Fini|Moonblast|p2a: Blastoise\n|-damage|p2a: Blastoise|0 fnt\n|faint|p2a: Blastoise\n|\n|upkeep\n|\n|t:|1663940753\n|switch|p2a: Tapu Koko|Tapu Koko|12\/100\n|-fieldstart|move: Electric Terrain|[from] ability: Electric Surge|[of] p2a: Tapu Koko\n|turn|34\n|\n|t:|1663940756\n|move|p2a: Tapu Koko|Dazzling Gleam|p1a: Tapu Fini\n|-damage|p1a: Tapu Fini|0 fnt\n|faint|p1a: Tapu Fini\n|\n|upkeep\n|\n|t:|1663940758\n|switch|p1a: Swampert|Swampert, F|59\/100\n|-damage|p1a: Swampert|53\/100|[from] Stealth Rock\n|turn|35\n|\n|t:|1663940764\n|switch|p2a: Flygon|Flygon, M|100\/100\n|move|p1a: Swampert|Liquidation|p2a: Flygon\n|-crit|p2a: Flygon\n|-damage|p2a: Flygon|0 fnt\n|faint|p2a: Flygon\n|\n|upkeep\n|\n|t:|1663940766\n|switch|p2a: Tapu Koko|Tapu Koko|12\/100\n|turn|36\n|\n|t:|1663940768\n|move|p2a: Tapu Koko|Grass Knot|p1a: Swampert\n|-supereffective|p1a: Swampert\n|-damage|p1a: Swampert|0 fnt\n|faint|p1a: Swampert\n|\n|win|ElyFlyGuy\n|l|\u2606Elon Musk Rusk\n","uploadtime":1663940777,"views":26,"p1id":"elonmuskrusk","p2id":"elyflyguy","formatid":"gen8nationaldexdraft","rating":0,"private":0,"password":null}