{"id":"sports-gen8nationaldexdlclegacy-342243","p1":"EGALombres","p2":"TehranTyphlosions","format":"gen8nationaldexdlclegacy","log":"|j|\u2606EGALombres\n|j|\u2606TehranTyphlosions\n|t:|1613110913\n|player|p1|EGALombres|egalombres.png|\n|player|p2|TehranTyphlosions|clair|\n|teamsize|p1|6\n|teamsize|p2|6\n|gametype|singles\n|gen|8\n|tier|[Gen 8] National Dex DLC Legacy\n|rule|Sleep Clause Mod: Limit one foe put to sleep\n|rule|OHKO Clause: OHKO moves are banned\n|rule|Evasion Moves Clause: Evasion moves are banned\n|rule|Endless Battle Clause: Forcing endless battles is banned\n|rule|HP Percentage Mod: HP is shown in percentages\n|clearpoke\n|poke|p1|Cinderace, F|\n|poke|p1|Tornadus-Therian, M|\n|poke|p1|Slowking-Galar, M|\n|poke|p1|Walrein, M|\n|poke|p1|Urshifu-*, M|\n|poke|p1|Mawile, F|\n|poke|p2|Aron, M|\n|poke|p2|Landorus, M|\n|poke|p2|Slowbro, M|\n|poke|p2|Sylveon, M|\n|poke|p2|Serperior, F|\n|poke|p2|Charizard, F|\n|rule|Dynamax Clause: You cannot dynamax\n|teampreview\n|html|<button name=\"send\" class=\"button\" value=\"\/timer ds\"><i class=\"fa fa-hourglass-start\"><\/i> DS Timer<\/button> <button name=\"send\" class=\"button\" value=\"\/timer smogon\"><i class=\"fa fa-hourglass-start\"><\/i> Smogon Timer<\/button>\n|c|\u2606TehranTyphlosions|gl gl\n|c|\u2606EGALombres|hf homie\n|j| EGADrifblims\n|\n|t:|1613110954\n|start\n|switch|p1a: The Wings Meister|Tornadus-Therian, M|100\/100\n|switch|p2a: Landorus|Landorus, M|100\/100\n|turn|1\n|\n|t:|1613110960\n|move|p2a: Landorus|U-turn|p1a: The Wings Meister\n|-resisted|p1a: The Wings Meister\n|-damage|p1a: The Wings Meister|86\/100\n|\n|t:|1613110961\n|switch|p2a: Slowbro|Slowbro, M|100\/100|[from]move: U-turn\n|move|p1a: The Wings Meister|Icy Wind|p2a: Slowbro\n|-resisted|p2a: Slowbro\n|-damage|p2a: Slowbro|91\/100\n|-unboost|p2a: Slowbro|spe|1\n|-damage|p1a: The Wings Meister|76\/100|[from] item: Life Orb\n|\n|-heal|p2a: Slowbro|97\/100|[from] item: Leftovers\n|upkeep\n|turn|2\n|\n|t:|1613110973\n|move|p1a: The Wings Meister|Knock Off|p2a: Slowbro\n|-supereffective|p2a: Slowbro\n|-damage|p2a: Slowbro|56\/100\n|-enditem|p2a: Slowbro|Leftovers|[from] move: Knock Off|[of] p1a: The Wings Meister\n|-damage|p1a: The Wings Meister|66\/100|[from] item: Life Orb\n|move|p2a: Slowbro|Teleport|p2a: Slowbro\n|\n|t:|1613110994\n|switch|p2a: Landorus|Landorus, M|100\/100|[from]move: Teleport\n|\n|upkeep\n|turn|3\n|\n|t:|1613110998\n|switch|p1a: The AAAAAA Meister|Mawile, F|100\/100\n|-ability|p1a: The AAAAAA Meister|Intimidate|boost\n|-unboost|p2a: Landorus|atk|1\n|move|p2a: Landorus|Stone Edge|p1a: The AAAAAA Meister\n|-resisted|p1a: The AAAAAA Meister\n|-crit|p1a: The AAAAAA Meister\n|-damage|p1a: The AAAAAA Meister|66\/100\n|\n|upkeep\n|turn|4\n|c|\u2606TehranTyphlosions|sry\n|\n|t:|1613111011\n|switch|p2a: Slowbro|Slowbro, M|89\/100\n|detailschange|p1a: The AAAAAA Meister|Mawile-Mega, F\n|-mega|p1a: The AAAAAA Meister|Mawile|Mawilite\n|move|p1a: The AAAAAA Meister|Substitute|p1a: The AAAAAA Meister\n|-start|p1a: The AAAAAA Meister|Substitute\n|-damage|p1a: The AAAAAA Meister|41\/100\n|\n|upkeep\n|turn|5\n|c|\u2606EGALombres|its aight homie\n|\n|t:|1613111021\n|move|p1a: The AAAAAA Meister|Sucker Punch|p2a: Slowbro\n|-supereffective|p2a: Slowbro\n|-damage|p2a: Slowbro|18\/100\n|move|p2a: Slowbro|Scald|p1a: The AAAAAA Meister\n|-end|p1a: The AAAAAA Meister|Substitute\n|\n|upkeep\n|turn|6\n|\n|t:|1613111034\n|move|p1a: The AAAAAA Meister|Substitute|p1a: The AAAAAA Meister\n|-start|p1a: The AAAAAA Meister|Substitute\n|-damage|p1a: The AAAAAA Meister|16\/100\n|move|p2a: Slowbro|Scald|p1a: The AAAAAA Meister\n|-end|p1a: The AAAAAA Meister|Substitute\n|\n|upkeep\n|turn|7\n|\n|t:|1613111045\n|move|p1a: The AAAAAA Meister|Play Rough|p2a: Slowbro|[miss]\n|-miss|p1a: The AAAAAA Meister|p2a: Slowbro\n|move|p2a: Slowbro|Teleport|p2a: Slowbro\n|c|\u2606EGALombres|nooooooooo\n|c|\u2606TehranTyphlosions|fucked up\n|\n|t:|1613111055\n|switch|p2a: Serperior|Serperior, F|100\/100|[from]move: Teleport\n|\n|upkeep\n|turn|8\n|\n|t:|1613111061\n|switch|p1a: The Broken Meister|Slowking-Galar, M|100\/100\n|move|p2a: Serperior|Leaf Storm|p1a: The Broken Meister\n|-resisted|p1a: The Broken Meister\n|-damage|p1a: The Broken Meister|85\/100\n|-boost|p2a: Serperior|spa|2\n|\n|upkeep\n|turn|9\n|\n|t:|1613111066\n|switch|p2a: Aron|Aron, M|100\/100\n|move|p1a: The Broken Meister|Sludge Bomb|p2a: Aron\n|-immune|p2a: Aron\n|\n|upkeep\n|turn|10\n|\n|t:|1613111074\n|move|p2a: Aron|Stealth Rock|p1a: The Broken Meister\n|-sidestart|p1: EGALombres|move: Stealth Rock\n|move|p1a: The Broken Meister|Grass Knot|p2a: Aron\n|-damage|p2a: Aron|35\/100\n|\n|upkeep\n|turn|11\n|\n|t:|1613111080\n|move|p2a: Aron|Endeavor|p1a: The Broken Meister\n|-damage|p1a: The Broken Meister|22\/100\n|-heal|p2a: Aron|48\/100|[from] item: Shell Bell|[of] p1a: The Broken Meister\n|move|p1a: The Broken Meister|Future Sight|p2a: Aron\n|-start|p1a: The Broken Meister|move: Future Sight\n|\n|upkeep\n|turn|12\n|\n|t:|1613111086\n|switch|p1a: The AAAAAA Meister|Mawile-Mega, F|16\/100\n|-damage|p1a: The AAAAAA Meister|11\/100|[from] Stealth Rock\n|move|p2a: Aron|Rock Slide|p1a: The AAAAAA Meister\n|-resisted|p1a: The AAAAAA Meister\n|-damage|p1a: The AAAAAA Meister|0 fnt\n|-heal|p2a: Aron|49\/100|[from] item: Shell Bell|[of] p1a: The AAAAAA Meister\n|faint|p1a: The AAAAAA Meister\n|\n|upkeep\n|c| EGADrifblims|:wheelchair:\n|c| EGADrifblims|:wheelchair:\n|c| EGADrifblims|:goat:\n|j| Bananacrazy111\n|c| EGADrifblims|:goat:\n|c| Bananacrazy111|:wheelchair:\n|c| Bananacrazy111|:wheelchair:\n|\n|t:|1613111130\n|switch|p1a: The Wicked Meister|Urshifu, M|100\/100\n|-damage|p1a: The Wicked Meister|94\/100|[from] Stealth Rock\n|turn|13\n|\n|t:|1613111133\n|move|p1a: The Wicked Meister|Wicked Blow|p2a: Aron\n|-crit|p2a: Aron\n|-damage|p2a: Aron|0 fnt\n|-damage|p1a: The Wicked Meister|85\/100|[from] item: Life Orb\n|faint|p2a: Aron\n|\n|-hint|Future Sight did not hit because the target is fainted.\n|upkeep\n|\n|t:|1613111143\n|switch|p2a: Sylveon|Sylveon, M|100\/100\n|turn|14\n|\n|t:|1613111148\n|switch|p1a: The Broken Meister|Slowking-Galar, M|55\/100\n|-damage|p1a: The Broken Meister|42\/100|[from] Stealth Rock\n|move|p2a: Sylveon|Hyper Voice|p1a: The Broken Meister\n|-resisted|p1a: The Broken Meister\n|-damage|p1a: The Broken Meister|34\/100\n|\n|upkeep\n|turn|15\n|\n|t:|1613111156\n|move|p2a: Sylveon|Yawn|p1a: The Broken Meister\n|-start|p1a: The Broken Meister|move: Yawn|[of] p2a: Sylveon\n|move|p1a: The Broken Meister|Future Sight|p2a: Sylveon\n|-start|p1a: The Broken Meister|move: Future Sight\n|\n|upkeep\n|turn|16\n|\n|t:|1613111164\n|switch|p2a: Landorus|Landorus, M|100\/100\n|switch|p1a: The Sharky Meister|Walrein, M|100\/100\n|-damage|p1a: The Sharky Meister|76\/100|[from] Stealth Rock\n|\n|-heal|p1a: The Sharky Meister|82\/100|[from] item: Leftovers\n|upkeep\n|turn|17\n|\n|t:|1613111167\n|switch|p2a: Slowbro|Slowbro, M|51\/100\n|move|p1a: The Sharky Meister|Protect||[still]\n|-fail|p1a: The Sharky Meister\n|\n|-end|p2a: Slowbro|move: Future Sight\n|-resisted|p2a: Slowbro\n|-damage|p2a: Slowbro|23\/100\n|-heal|p1a: The Sharky Meister|88\/100|[from] item: Leftovers\n|upkeep\n|turn|18\n|\n|t:|1613111194\n|move|p1a: The Sharky Meister|Toxic|p2a: Slowbro\n|-status|p2a: Slowbro|tox\n|move|p2a: Slowbro|Teleport|p2a: Slowbro\n|\n|t:|1613111197\n|switch|p2a: Serperior|Serperior, F|100\/100|[from]move: Teleport\n|\n|-heal|p1a: The Sharky Meister|94\/100|[from] item: Leftovers\n|upkeep\n|turn|19\n|\n|t:|1613111201\n|switch|p1a: The Broken Meister|Slowking-Galar, M|67\/100\n|-damage|p1a: The Broken Meister|55\/100|[from] Stealth Rock\n|move|p2a: Serperior|Leaf Storm|p1a: The Broken Meister\n|-resisted|p1a: The Broken Meister\n|-damage|p1a: The Broken Meister|40\/100\n|-boost|p2a: Serperior|spa|2\n|\n|upkeep\n|turn|20\n|\n|t:|1613111204\n|move|p2a: Serperior|Leaf Storm|p1a: The Broken Meister\n|-resisted|p1a: The Broken Meister\n|-damage|p1a: The Broken Meister|8\/100\n|-boost|p2a: Serperior|spa|2\n|move|p1a: The Broken Meister|Sludge Bomb|p2a: Serperior\n|-supereffective|p2a: Serperior\n|-damage|p2a: Serperior|2\/100\n|-status|p2a: Serperior|psn\n|\n|-damage|p2a: Serperior|0 fnt|[from] psn\n|faint|p2a: Serperior\n|upkeep\n|\n|t:|1613111209\n|switch|p2a: Charizard|Charizard, F|100\/100\n|turn|21\n|c|\u2606EGALombres|justice\n|c|\u2606TehranTyphlosions|sadge\n|c| EGADrifblims|:Snake:  http:\/\/sports.psim.us\/battle-gen8nationaldexdlclegacy-342239 \n|\n|t:|1613111229\n|move|p2a: Charizard|Dragon Dance|p2a: Charizard\n|-boost|p2a: Charizard|atk|1\n|-boost|p2a: Charizard|spe|1\n|move|p1a: The Broken Meister|Sludge Bomb|p2a: Charizard\n|-damage|p2a: Charizard|55\/100\n|\n|upkeep\n|turn|22\n|\n|t:|1613111240\n|move|p2a: Charizard|Dragon Claw|p1a: The Broken Meister\n|-damage|p1a: The Broken Meister|0 fnt\n|faint|p1a: The Broken Meister\n|\n|upkeep\n|\n|t:|1613111242\n|switch|p1a: The Sharky Meister|Walrein, M|94\/100\n|-damage|p1a: The Sharky Meister|69\/100|[from] Stealth Rock\n|turn|23\n|\n|t:|1613111247\n|detailschange|p2a: Charizard|Charizard-Mega-X, F\n|-mega|p2a: Charizard|Charizard|Charizardite X\n|move|p1a: The Sharky Meister|Protect|p1a: The Sharky Meister\n|-singleturn|p1a: The Sharky Meister|Protect\n|move|p2a: Charizard|Dragon Claw|p1a: The Sharky Meister\n|-activate|p1a: The Sharky Meister|move: Protect\n|\n|-heal|p1a: The Sharky Meister|75\/100|[from] item: Leftovers\n|upkeep\n|turn|24\n|\n|t:|1613111251\n|move|p2a: Charizard|Dragon Claw|p1a: The Sharky Meister\n|-damage|p1a: The Sharky Meister|21\/100\n|move|p1a: The Sharky Meister|Yawn|p2a: Charizard\n|-start|p2a: Charizard|move: Yawn|[of] p1a: The Sharky Meister\n|\n|-heal|p1a: The Sharky Meister|27\/100|[from] item: Leftovers\n|upkeep\n|turn|25\n|\n|t:|1613111263\n|switch|p2a: Slowbro|Slowbro, M|57\/100 tox\n|move|p1a: The Sharky Meister|Toxic|p2a: Slowbro\n|-fail|p2a: Slowbro|tox\n|\n|-heal|p1a: The Sharky Meister|33\/100|[from] item: Leftovers\n|-damage|p2a: Slowbro|50\/100 tox|[from] psn\n|upkeep\n|turn|26\n|\n|t:|1613111271\n|move|p1a: The Sharky Meister|Liquidation|p2a: Slowbro\n|-resisted|p2a: Slowbro\n|-damage|p2a: Slowbro|40\/100 tox\n|move|p2a: Slowbro|Teleport|p2a: Slowbro\n|\n|t:|1613111278\n|switch|p2a: Landorus|Landorus, M|100\/100|[from]move: Teleport\n|\n|-heal|p1a: The Sharky Meister|39\/100|[from] item: Leftovers\n|upkeep\n|turn|27\n|\n|t:|1613111283\n|move|p1a: The Sharky Meister|Protect|p1a: The Sharky Meister\n|-singleturn|p1a: The Sharky Meister|Protect\n|move|p2a: Landorus|Superpower|p1a: The Sharky Meister\n|-activate|p1a: The Sharky Meister|move: Protect\n|\n|-heal|p1a: The Sharky Meister|45\/100|[from] item: Leftovers\n|upkeep\n|turn|28\n|\n|t:|1613111294\n|switch|p1a: The Wings Meister|Tornadus-Therian, M|99\/100\n|-damage|p1a: The Wings Meister|74\/100|[from] Stealth Rock\n|move|p2a: Landorus|Superpower|p1a: The Wings Meister\n|-resisted|p1a: The Wings Meister\n|-damage|p1a: The Wings Meister|50\/100\n|-unboost|p2a: Landorus|atk|1\n|-unboost|p2a: Landorus|def|1\n|\n|upkeep\n|turn|29\n|\n|t:|1613111307\n|switch|p2a: Sylveon|Sylveon, M|100\/100\n|move|p1a: The Wings Meister|Sludge Bomb|p2a: Sylveon\n|-supereffective|p2a: Sylveon\n|-damage|p2a: Sylveon|54\/100\n|-damage|p1a: The Wings Meister|41\/100|[from] item: Life Orb\n|\n|upkeep\n|turn|30\n|c| EGADrifblims|potatoes is dropping so this is basically finals rn\n|\n|t:|1613111315\n|move|p1a: The Wings Meister|Sludge Bomb|p2a: Sylveon\n|-supereffective|p2a: Sylveon\n|-damage|p2a: Sylveon|10\/100\n|-damage|p1a: The Wings Meister|31\/100|[from] item: Life Orb\n|move|p2a: Sylveon|Hyper Voice|p1a: The Wings Meister\n|-damage|p1a: The Wings Meister|0 fnt\n|faint|p1a: The Wings Meister\n|\n|upkeep\n|\n|t:|1613111324\n|switch|p1a: The L.A Meister|Cinderace, F|100\/100\n|-damage|p1a: The L.A Meister|76\/100|[from] Stealth Rock\n|turn|31\n|\n|t:|1613111340\n|move|p1a: The L.A Meister|Assurance|p2a: Sylveon\n|-start|p1a: The L.A Meister|typechange|Dark|[from] ability: Libero\n|-resisted|p2a: Sylveon\n|-damage|p2a: Sylveon|0 fnt\n|-damage|p1a: The L.A Meister|59\/100|[from] item: Rocky Helmet|[of] p2a: Sylveon\n|faint|p2a: Sylveon\n|\n|-heal|p1a: The L.A Meister|65\/100|[from] item: Leftovers\n|upkeep\n|\n|t:|1613111343\n|switch|p2a: Landorus|Landorus, M|100\/100\n|turn|32\n|\n|t:|1613111358\n|move|p2a: Landorus|Earthquake|p1a: The L.A Meister\n|-damage|p1a: The L.A Meister|0 fnt\n|faint|p1a: The L.A Meister\n|\n|upkeep\n|\n|t:|1613111362\n|switch|p1a: The Wicked Meister|Urshifu, M|85\/100\n|-damage|p1a: The Wicked Meister|78\/100|[from] Stealth Rock\n|turn|33\n|\n|t:|1613111365\n|move|p2a: Landorus|Earthquake|p1a: The Wicked Meister\n|-damage|p1a: The Wicked Meister|38\/100\n|move|p1a: The Wicked Meister|Wicked Blow|p2a: Landorus\n|-crit|p2a: Landorus\n|-damage|p2a: Landorus|2\/100\n|-damage|p1a: The Wicked Meister|28\/100|[from] item: Life Orb\n|\n|upkeep\n|turn|34\n|\n|t:|1613111369\n|move|p1a: The Wicked Meister|Sucker Punch|p2a: Landorus\n|-damage|p2a: Landorus|0 fnt\n|-damage|p1a: The Wicked Meister|18\/100|[from] item: Life Orb\n|faint|p2a: Landorus\n|\n|upkeep\n|\n|t:|1613111427\n|switch|p2a: Charizard|Charizard-Mega-X, F|55\/100\n|turn|35\n|\n|t:|1613111430\n|move|p1a: The Wicked Meister|Sucker Punch|p2a: Charizard\n|-damage|p2a: Charizard|0 fnt\n|-damage|p1a: The Wicked Meister|8\/100|[from] item: Life Orb\n|faint|p2a: Charizard\n|\n|upkeep\n|\n|t:|1613111432\n|switch|p2a: Slowbro|Slowbro, M|74\/100 tox\n|turn|36\n|\n|t:|1613111436\n|move|p1a: The Wicked Meister|Wicked Blow|p2a: Slowbro\n|-supereffective|p2a: Slowbro\n|-crit|p2a: Slowbro\n|-damage|p2a: Slowbro|0 fnt\n|-damage|p1a: The Wicked Meister|0 fnt|[from] item: Life Orb\n|faint|p2a: Slowbro\n|faint|p1a: The Wicked Meister\n|\n|win|EGALombres\n|c|\u2606TehranTyphlosions|gg\n|c|\u2606EGALombres|gg\n|l|\u2606TehranTyphlosions\n|c|\u2606EGALombres|wicked meister nevada lose\n|l| EGADrifblims\n","uploadtime":1613111532,"views":8,"p1id":"egalombres","p2id":"tehrantyphlosions","formatid":"gen8nationaldexdlclegacy","rating":0,"private":0,"password":null}