{"id":"sports-gen8nationaldexunrestricted-73550","p1":"BugCatcherWeevil","p2":"TheHonch9","format":"gen8nationaldexunrestricted","log":"|j|\u2606BugCatcherWeevil\n|j|\u2606TheHonch9\n|player|p1|BugCatcherWeevil|7|\n|player|p2|TheHonch9|brawly|\n|teamsize|p1|6\n|teamsize|p2|6\n|gametype|singles\n|gen|8\n|tier|[Gen 8] National Dex Unrestricted\n|rule|Sleep Clause Mod: Limit one foe put to sleep\n|rule|OHKO Clause: OHKO moves are banned\n|rule|Evasion Moves Clause: Evasion moves are banned\n|rule|Endless Battle Clause: Forcing endless battles is banned\n|rule|HP Percentage Mod: HP is shown in percentages\n|clearpoke\n|poke|p1|Tangrowth, M|\n|poke|p1|Milotic, M|\n|poke|p1|Lunala|\n|poke|p1|Celesteela|\n|poke|p1|Landorus-Therian, M|\n|poke|p1|Kangaskhan, F|\n|poke|p2|Suicune|\n|poke|p2|Sneasel, M|\n|poke|p2|Tapu Bulu|\n|poke|p2|Lugia|\n|poke|p2|Zekrom|\n|poke|p2|Rotom-Heat|\n|teampreview\n|c|\u2606BugCatcherWeevil|gl hf!\n|c|\u2606TheHonch9|good luck\n|\n|start\n|switch|p1a: Kangaskhan|Kangaskhan, F|100\/100\n|switch|p2a: Rotom|Rotom-Heat|100\/100\n|turn|1\n|\n|detailschange|p1a: Kangaskhan|Kangaskhan-Mega, F\n|-mega|p1a: Kangaskhan|Kangaskhan|Kangaskhanite\n|move|p1a: Kangaskhan|Rock Slide|p2a: Rotom|[miss]\n|-miss|p1a: Kangaskhan|p2a: Rotom\n|move|p2a: Rotom|Volt Switch|p1a: Kangaskhan\n|-damage|p1a: Kangaskhan|74\/100\n|\n|switch|p2a: Suicune|Suicune|100\/100|[from]move: Volt Switch\n|-ability|p2a: Suicune|Pressure\n|\n|upkeep\n|turn|2\n|\n|switch|p1a: Milotic|Milotic, M|100\/100\n|move|p2a: Suicune|Scald|p1a: Milotic\n|-resisted|p1a: Milotic\n|-damage|p1a: Milotic|92\/100\n|-status|p1a: Milotic|brn\n|\n|-heal|p1a: Milotic|98\/100 brn|[from] item: Leftovers\n|-damage|p1a: Milotic|92\/100 brn|[from] brn\n|upkeep\n|turn|3\n|\n|switch|p2a: Tapu Bulu|Tapu Bulu|100\/100\n|-fieldstart|move: Grassy Terrain|[from] ability: Grassy Surge|[of] p2a: Tapu Bulu\n|move|p1a: Milotic|Scald|p2a: Tapu Bulu\n|-resisted|p2a: Tapu Bulu\n|-damage|p2a: Tapu Bulu|88\/100\n|-status|p2a: Tapu Bulu|brn\n|\n|-heal|p1a: Milotic|98\/100 brn|[from] item: Leftovers\n|-heal|p1a: Milotic|100\/100 brn|[from] Grassy Terrain\n|-heal|p2a: Tapu Bulu|94\/100 brn|[from] item: Leftovers\n|-heal|p2a: Tapu Bulu|99\/100 brn|[from] Grassy Terrain\n|-damage|p1a: Milotic|94\/100 brn|[from] brn\n|-damage|p2a: Tapu Bulu|94\/100 brn|[from] brn\n|upkeep\n|turn|4\n|\n|switch|p1a: Celesteela|Celesteela|100\/100\n|move|p2a: Tapu Bulu|Substitute|p2a: Tapu Bulu\n|-start|p2a: Tapu Bulu|Substitute\n|-damage|p2a: Tapu Bulu|69\/100 brn\n|\n|-heal|p2a: Tapu Bulu|75\/100 brn|[from] item: Leftovers\n|-heal|p2a: Tapu Bulu|82\/100 brn|[from] Grassy Terrain\n|-damage|p2a: Tapu Bulu|75\/100 brn|[from] brn\n|upkeep\n|turn|5\n|\n|move|p2a: Tapu Bulu|Leech Seed|p1a: Celesteela\n|-start|p1a: Celesteela|move: Leech Seed\n|move|p1a: Celesteela|Heavy Slam|p2a: Tapu Bulu\n|-supereffective|p2a: Tapu Bulu\n|-end|p2a: Tapu Bulu|Substitute\n|\n|-heal|p2a: Tapu Bulu|82\/100 brn|[from] item: Leftovers\n|-heal|p2a: Tapu Bulu|88\/100 brn|[from] Grassy Terrain\n|-damage|p1a: Celesteela|88\/100|[from] Leech Seed|[of] p2a: Tapu Bulu\n|-heal|p2a: Tapu Bulu|100\/100 brn|[silent]\n|-damage|p2a: Tapu Bulu|94\/100 brn|[from] brn\n|upkeep\n|turn|6\n|\n|switch|p2a: Suicune|Suicune|100\/100\n|-ability|p2a: Suicune|Pressure\n|move|p1a: Celesteela|Toxic|p2a: Suicune\n|-status|p2a: Suicune|tox\n|\n|-heal|p1a: Celesteela|94\/100|[from] item: Leftovers\n|-damage|p1a: Celesteela|82\/100|[from] Leech Seed|[of] p2a: Suicune\n|-damage|p2a: Suicune|94\/100 tox|[from] psn\n|upkeep\n|turn|7\n|\n|switch|p1a: Milotic|Milotic, M|94\/100 brn\n|move|p2a: Suicune|Calm Mind|p2a: Suicune\n|-boost|p2a: Suicune|spa|1\n|-boost|p2a: Suicune|spd|1\n|\n|-heal|p2a: Suicune|100\/100 tox|[from] item: Leftovers\n|-heal|p1a: Milotic|100\/100 brn|[from] item: Leftovers\n|-fieldend|move: Grassy Terrain\n|-damage|p2a: Suicune|88\/100 tox|[from] psn\n|-damage|p1a: Milotic|94\/100 brn|[from] brn\n|upkeep\n|turn|8\n|\n|move|p2a: Suicune|Calm Mind|p2a: Suicune\n|-boost|p2a: Suicune|spa|1\n|-boost|p2a: Suicune|spd|1\n|move|p1a: Milotic|Refresh|p1a: Milotic\n|-curestatus|p1a: Milotic|brn|[msg]\n|\n|-heal|p2a: Suicune|94\/100 tox|[from] item: Leftovers\n|-heal|p1a: Milotic|100\/100|[from] item: Leftovers\n|-damage|p2a: Suicune|76\/100 tox|[from] psn\n|upkeep\n|turn|9\n|\n|move|p2a: Suicune|Scald|p1a: Milotic\n|-resisted|p1a: Milotic\n|-damage|p1a: Milotic|84\/100\n|move|p1a: Milotic|Haze|p1a: Milotic\n|-clearallboost\n|\n|-heal|p2a: Suicune|82\/100 tox|[from] item: Leftovers\n|-heal|p1a: Milotic|90\/100|[from] item: Leftovers\n|-damage|p2a: Suicune|57\/100 tox|[from] psn\n|upkeep\n|turn|10\n|\n|switch|p1a: Tangrowth|Tangrowth, M|100\/100\n|move|p2a: Suicune|Rest|p2a: Suicune\n|-status|p2a: Suicune|slp|[from] move: Rest\n|-heal|p2a: Suicune|100\/100 slp|[silent]\n|\n|upkeep\n|turn|11\n|\n|switch|p2a: Rotom|Rotom-Heat|100\/100\n|move|p1a: Tangrowth|Knock Off|p2a: Rotom\n|-damage|p2a: Rotom|71\/100\n|-enditem|p2a: Rotom|Heavy-Duty Boots|[from] move: Knock Off|[of] p1a: Tangrowth\n|\n|upkeep\n|turn|12\n|\n|switch|p1a: Lunala|Lunala|100\/100\n|move|p2a: Rotom|Toxic|p1a: Lunala\n|-status|p1a: Lunala|tox\n|\n|-damage|p1a: Lunala|94\/100 tox|[from] psn\n|upkeep\n|turn|13\n|\n|move|p1a: Lunala|Moongeist Beam|p2a: Rotom\n|-damage|p2a: Rotom|0 fnt\n|faint|p2a: Rotom\n|\n|-heal|p1a: Lunala|100\/100 tox|[from] item: Leftovers\n|-damage|p1a: Lunala|88\/100 tox|[from] psn\n|upkeep\n|\n|switch|p2a: Sneasel|Sneasel, M|100\/100\n|turn|14\n|\n|switch|p1a: Celesteela|Celesteela|82\/100\n|move|p2a: Sneasel|Knock Off|p1a: Celesteela\n|-damage|p1a: Celesteela|50\/100\n|-enditem|p1a: Celesteela|Leftovers|[from] move: Knock Off|[of] p2a: Sneasel\n|-damage|p2a: Sneasel|91\/100|[from] item: Life Orb\n|\n|upkeep\n|turn|15\n|\n|switch|p2a: Zekrom|Zekrom|100\/100\n|-ability|p2a: Zekrom|Teravolt\n|move|p1a: Celesteela|Leech Seed|p2a: Zekrom\n|-start|p2a: Zekrom|move: Leech Seed\n|\n|-damage|p2a: Zekrom|88\/100|[from] Leech Seed|[of] p1a: Celesteela\n|-heal|p1a: Celesteela|61\/100|[silent]\n|upkeep\n|turn|16\n|\n|switch|p2a: Sneasel|Sneasel, M|91\/100\n|switch|p1a: Tangrowth|Tangrowth, M|100\/100\n|\n|upkeep\n|turn|17\n|\n|switch|p1a: Celesteela|Celesteela|61\/100\n|move|p2a: Sneasel|Knock Off|p1a: Celesteela\n|-damage|p1a: Celesteela|37\/100\n|-damage|p2a: Sneasel|81\/100|[from] item: Life Orb\n|\n|upkeep\n|turn|18\n|\n|move|p2a: Sneasel|Icicle Crash|p1a: Celesteela\n|-damage|p1a: Celesteela|9\/100\n|-damage|p2a: Sneasel|71\/100|[from] item: Life Orb\n|move|p1a: Celesteela|Heavy Slam|p2a: Sneasel\n|-supereffective|p2a: Sneasel\n|-damage|p2a: Sneasel|0 fnt\n|faint|p2a: Sneasel\n|-ability|p1a: Celesteela|Beast Boost|boost\n|-boost|p1a: Celesteela|def|1\n|\n|upkeep\n|\n|switch|p2a: Lugia|Lugia|100\/100\n|-ability|p2a: Lugia|Pressure\n|turn|19\n|\n|switch|p1a: Milotic|Milotic, M|90\/100\n|move|p2a: Lugia|Shadow Ball|p1a: Milotic\n|-damage|p1a: Milotic|80\/100\n|\n|-heal|p1a: Milotic|86\/100|[from] item: Leftovers\n|upkeep\n|turn|20\n|\n|switch|p2a: Tapu Bulu|Tapu Bulu|94\/100 brn\n|-fieldstart|move: Grassy Terrain|[from] ability: Grassy Surge|[of] p2a: Tapu Bulu\n|move|p1a: Milotic|Scald|p2a: Tapu Bulu\n|-resisted|p2a: Tapu Bulu\n|-damage|p2a: Tapu Bulu|82\/100 brn\n|\n|-heal|p1a: Milotic|92\/100|[from] item: Leftovers\n|-heal|p1a: Milotic|98\/100|[from] Grassy Terrain\n|-heal|p2a: Tapu Bulu|88\/100 brn|[from] item: Leftovers\n|-heal|p2a: Tapu Bulu|94\/100 brn|[from] Grassy Terrain\n|-damage|p2a: Tapu Bulu|88\/100 brn|[from] brn\n|upkeep\n|turn|21\n|\n|switch|p1a: Tangrowth|Tangrowth, M|100\/100\n|move|p2a: Tapu Bulu|Nature's Madness|p1a: Tangrowth\n|-damage|p1a: Tangrowth|50\/100\n|\n|-heal|p2a: Tapu Bulu|94\/100 brn|[from] item: Leftovers\n|-heal|p2a: Tapu Bulu|100\/100 brn|[from] Grassy Terrain\n|-heal|p1a: Tangrowth|57\/100|[from] Grassy Terrain\n|-damage|p2a: Tapu Bulu|94\/100 brn|[from] brn\n|upkeep\n|turn|22\n|\n|switch|p2a: Zekrom|Zekrom|88\/100\n|-ability|p2a: Zekrom|Teravolt\n|move|p1a: Tangrowth|Sludge Bomb|p2a: Zekrom\n|-damage|p2a: Zekrom|67\/100\n|\n|-heal|p2a: Zekrom|73\/100|[from] Grassy Terrain\n|-heal|p1a: Tangrowth|63\/100|[from] Grassy Terrain\n|upkeep\n|turn|23\n|\n|switch|p1a: Landorus|Landorus-Therian, M|100\/100\n|-ability|p1a: Landorus|Intimidate|boost\n|-unboost|p2a: Zekrom|atk|1\n|move|p2a: Zekrom|Dragon Dance|p2a: Zekrom\n|-boost|p2a: Zekrom|atk|1\n|-boost|p2a: Zekrom|spe|1\n|\n|-heal|p2a: Zekrom|79\/100|[from] Grassy Terrain\n|upkeep\n|turn|24\n|\n|switch|p2a: Suicune|Suicune|100\/100 slp\n|-ability|p2a: Suicune|Pressure\n|move|p1a: Landorus|Earthquake|p2a: Suicune\n|-damage|p2a: Suicune|86\/100 slp\n|\n|-heal|p2a: Suicune|93\/100 slp|[from] item: Leftovers\n|-heal|p2a: Suicune|99\/100 slp|[from] Grassy Terrain\n|-fieldend|move: Grassy Terrain\n|upkeep\n|turn|25\n|\n|switch|p1a: Tangrowth|Tangrowth, M|96\/100\n|cant|p2a: Suicune|slp\n|move|p2a: Suicune|Sleep Talk|p2a: Suicune\n|move|p2a: Suicune|Calm Mind|p2a: Suicune|[from]Sleep Talk\n|-boost|p2a: Suicune|spa|1\n|-boost|p2a: Suicune|spd|1\n|\n|-heal|p2a: Suicune|100\/100 slp|[from] item: Leftovers\n|upkeep\n|turn|26\n|\n|switch|p1a: Milotic|Milotic, M|98\/100\n|cant|p2a: Suicune|slp\n|move|p2a: Suicune|Sleep Talk|p2a: Suicune\n|move|p2a: Suicune|Calm Mind|p2a: Suicune|[from]Sleep Talk\n|-boost|p2a: Suicune|spa|1\n|-boost|p2a: Suicune|spd|1\n|\n|-heal|p1a: Milotic|100\/100|[from] item: Leftovers\n|upkeep\n|turn|27\n|\n|-curestatus|p2a: Suicune|slp|[msg]\n|move|p2a: Suicune|Scald|p1a: Milotic\n|-resisted|p1a: Milotic\n|-damage|p1a: Milotic|84\/100\n|move|p1a: Milotic|Scald|p2a: Suicune\n|-resisted|p2a: Suicune\n|-damage|p2a: Suicune|95\/100\n|\n|-heal|p2a: Suicune|100\/100|[from] item: Leftovers\n|-heal|p1a: Milotic|90\/100|[from] item: Leftovers\n|upkeep\n|turn|28\n|\n|move|p2a: Suicune|Calm Mind|p2a: Suicune\n|-boost|p2a: Suicune|spa|1\n|-boost|p2a: Suicune|spd|1\n|move|p1a: Milotic|Haze|p1a: Milotic\n|-clearallboost\n|\n|-heal|p1a: Milotic|96\/100|[from] item: Leftovers\n|upkeep\n|turn|29\n|\n|switch|p2a: Zekrom|Zekrom|79\/100\n|-ability|p2a: Zekrom|Teravolt\n|switch|p1a: Tangrowth|Tangrowth, M|100\/100\n|\n|upkeep\n|turn|30\n|\n|move|p2a: Zekrom|Fly||[still]\n|-prepare|p2a: Zekrom|Fly|p1a: Tangrowth\n|move|p1a: Tangrowth|Earthquake|p2a: Zekrom|[miss]\n|-miss|p1a: Tangrowth|p2a: Zekrom\n|\n|upkeep\n|turn|31\n|\n|move|p2a: Zekrom|Fly|p1a: Tangrowth|[from]lockedmove\n|-supereffective|p1a: Tangrowth\n|-damage|p1a: Tangrowth|50\/100\n|move|p1a: Tangrowth|Earthquake|p2a: Zekrom\n|-supereffective|p2a: Zekrom\n|-enditem|p2a: Zekrom|Shuca Berry|[eat]\n|-enditem|p2a: Zekrom|Shuca Berry|[weaken]\n|-damage|p2a: Zekrom|60\/100\n|\n|upkeep\n|turn|32\n|\n|switch|p1a: Landorus|Landorus-Therian, M|100\/100\n|-ability|p1a: Landorus|Intimidate|boost\n|-unboost|p2a: Zekrom|atk|1\n|move|p2a: Zekrom|Dragon Dance|p2a: Zekrom\n|-boost|p2a: Zekrom|atk|1\n|-boost|p2a: Zekrom|spe|1\n|\n|upkeep\n|turn|33\n|\n|switch|p2a: Tapu Bulu|Tapu Bulu|94\/100 brn\n|-fieldstart|move: Grassy Terrain|[from] ability: Grassy Surge|[of] p2a: Tapu Bulu\n|move|p1a: Landorus|Earthquake|p2a: Tapu Bulu\n|-resisted|p2a: Tapu Bulu\n|-damage|p2a: Tapu Bulu|84\/100 brn\n|\n|-heal|p2a: Tapu Bulu|90\/100 brn|[from] item: Leftovers\n|-heal|p2a: Tapu Bulu|96\/100 brn|[from] Grassy Terrain\n|-damage|p2a: Tapu Bulu|90\/100 brn|[from] brn\n|upkeep\n|turn|34\n|\n|switch|p1a: Lunala|Lunala|88\/100 tox\n|move|p2a: Tapu Bulu|Leech Seed|p1a: Lunala\n|-start|p1a: Lunala|move: Leech Seed\n|\n|-heal|p1a: Lunala|94\/100 tox|[from] item: Leftovers\n|-heal|p1a: Lunala|100\/100 tox|[from] Grassy Terrain\n|-heal|p2a: Tapu Bulu|96\/100 brn|[from] item: Leftovers\n|-heal|p2a: Tapu Bulu|100\/100 brn|[from] Grassy Terrain\n|-damage|p1a: Lunala|88\/100 tox|[from] Leech Seed|[of] p2a: Tapu Bulu\n|-damage|p1a: Lunala|82\/100 tox|[from] psn\n|-damage|p2a: Tapu Bulu|94\/100 brn|[from] brn\n|upkeep\n|turn|35\n|\n|switch|p1a: Tangrowth|Tangrowth, M|83\/100\n|move|p2a: Tapu Bulu|Horn Leech|p1a: Tangrowth\n|-resisted|p1a: Tangrowth\n|-damage|p1a: Tangrowth|77\/100\n|-heal|p2a: Tapu Bulu|98\/100 brn|[from] drain|[of] p1a: Tangrowth\n|\n|-heal|p2a: Tapu Bulu|100\/100 brn|[from] item: Leftovers\n|-heal|p1a: Tangrowth|83\/100|[from] Grassy Terrain\n|-damage|p2a: Tapu Bulu|94\/100 brn|[from] brn\n|upkeep\n|turn|36\n|\n|switch|p2a: Lugia|Lugia|100\/100\n|-ability|p2a: Lugia|Pressure\n|move|p1a: Tangrowth|Sludge Bomb|p2a: Lugia\n|-damage|p2a: Lugia|88\/100\n|-status|p2a: Lugia|psn\n|\n|-heal|p2a: Lugia|94\/100 psn|[from] item: Leftovers\n|-heal|p1a: Tangrowth|89\/100|[from] Grassy Terrain\n|-damage|p2a: Lugia|82\/100 psn|[from] psn\n|upkeep\n|turn|37\n|\n|switch|p1a: Celesteela|Celesteela|9\/100\n|move|p2a: Lugia|Calm Mind|p2a: Lugia\n|-boost|p2a: Lugia|spa|1\n|-boost|p2a: Lugia|spd|1\n|\n|-heal|p2a: Lugia|88\/100 psn|[from] item: Leftovers\n|-fieldend|move: Grassy Terrain\n|-damage|p2a: Lugia|76\/100 psn|[from] psn\n|upkeep\n|turn|38\n|\n|move|p2a: Lugia|Thunderbolt|p1a: Celesteela\n|-supereffective|p1a: Celesteela\n|-damage|p1a: Celesteela|0 fnt\n|faint|p1a: Celesteela\n|\n|-heal|p2a: Lugia|82\/100 psn|[from] item: Leftovers\n|-damage|p2a: Lugia|69\/100 psn|[from] psn\n|upkeep\n|l|\u2606BugCatcherWeevil\n|player|p1|\n|j|\u2606BugCatcherWeevil\n|player|p1|BugCatcherWeevil|7\n|c|\u2606BugCatcherWeevil|sorry\n|\n|switch|p1a: Kangaskhan|Kangaskhan-Mega, F|74\/100\n|turn|39\n|\n|move|p1a: Kangaskhan|Rock Slide|p2a: Lugia\n|-supereffective|p2a: Lugia\n|-damage|p2a: Lugia|43\/100 psn\n|-supereffective|p2a: Lugia\n|-damage|p2a: Lugia|35\/100 psn\n|-hitcount|p2a: Lugia|2\n|cant|p2a: Lugia|flinch\n|\n|-heal|p2a: Lugia|42\/100 psn|[from] item: Leftovers\n|-damage|p2a: Lugia|29\/100 psn|[from] psn\n|upkeep\n|turn|40\n|\n|switch|p2a: Suicune|Suicune|100\/100\n|-ability|p2a: Suicune|Pressure\n|move|p1a: Kangaskhan|Rock Slide|p2a: Suicune|[miss]\n|-miss|p1a: Kangaskhan|p2a: Suicune\n|\n|upkeep\n|turn|41\n|\n|switch|p1a: Tangrowth|Tangrowth, M|100\/100\n|move|p2a: Suicune|Scald|p1a: Tangrowth\n|-resisted|p1a: Tangrowth\n|-damage|p1a: Tangrowth|92\/100\n|\n|upkeep\n|turn|42\n|\n|switch|p2a: Lugia|Lugia|29\/100 psn\n|-ability|p2a: Lugia|Pressure\n|switch|p1a: Milotic|Milotic, M|96\/100\n|\n|-heal|p2a: Lugia|35\/100 psn|[from] item: Leftovers\n|-heal|p1a: Milotic|100\/100|[from] item: Leftovers\n|-damage|p2a: Lugia|23\/100 psn|[from] psn\n|upkeep\n|turn|43\n|\n|switch|p1a: Kangaskhan|Kangaskhan-Mega, F|74\/100\n|move|p2a: Lugia|Roost|p2a: Lugia\n|-heal|p2a: Lugia|73\/100 psn\n|-singleturn|p2a: Lugia|move: Roost\n|\n|-heal|p2a: Lugia|79\/100 psn|[from] item: Leftovers\n|-damage|p2a: Lugia|67\/100 psn|[from] psn\n|upkeep\n|turn|44\n|\n|switch|p2a: Suicune|Suicune|100\/100\n|-ability|p2a: Suicune|Pressure\n|move|p1a: Kangaskhan|Power-Up Punch|p2a: Suicune\n|-damage|p2a: Suicune|93\/100\n|-boost|p1a: Kangaskhan|atk|1\n|-damage|p2a: Suicune|89\/100\n|-boost|p1a: Kangaskhan|atk|1\n|-hitcount|p2a: Suicune|2\n|\n|-heal|p2a: Suicune|96\/100|[from] item: Leftovers\n|upkeep\n|turn|45\n|\n|switch|p1a: Milotic|Milotic, M|100\/100\n|move|p2a: Suicune|Scald|p1a: Milotic\n|-resisted|p1a: Milotic\n|-damage|p1a: Milotic|92\/100\n|\n|-heal|p2a: Suicune|100\/100|[from] item: Leftovers\n|-heal|p1a: Milotic|98\/100|[from] item: Leftovers\n|upkeep\n|turn|46\n|\n|switch|p2a: Lugia|Lugia|67\/100 psn\n|-ability|p2a: Lugia|Pressure\n|switch|p1a: Tangrowth|Tangrowth, M|100\/100\n|\n|-heal|p2a: Lugia|73\/100 psn|[from] item: Leftovers\n|-damage|p2a: Lugia|60\/100 psn|[from] psn\n|upkeep\n|turn|47\n|\n|move|p2a: Lugia|Calm Mind|p2a: Lugia\n|-boost|p2a: Lugia|spa|1\n|-boost|p2a: Lugia|spd|1\n|move|p1a: Tangrowth|Knock Off|p2a: Lugia\n|-supereffective|p2a: Lugia\n|-damage|p2a: Lugia|36\/100 psn\n|-enditem|p2a: Lugia|Leftovers|[from] move: Knock Off|[of] p1a: Tangrowth\n|\n|-damage|p2a: Lugia|24\/100 psn|[from] psn\n|upkeep\n|turn|48\n|\n|switch|p1a: Milotic|Milotic, M|98\/100\n|move|p2a: Lugia|Roost|p2a: Lugia\n|-heal|p2a: Lugia|74\/100 psn\n|-singleturn|p2a: Lugia|move: Roost\n|\n|-heal|p1a: Milotic|100\/100|[from] item: Leftovers\n|-damage|p2a: Lugia|61\/100 psn|[from] psn\n|upkeep\n|turn|49\n|\n|move|p2a: Lugia|Thunderbolt|p1a: Milotic\n|-supereffective|p1a: Milotic\n|-damage|p1a: Milotic|65\/100\n|move|p1a: Milotic|Haze|p1a: Milotic\n|-clearallboost\n|\n|-heal|p1a: Milotic|71\/100|[from] item: Leftovers\n|-damage|p2a: Lugia|49\/100 psn|[from] psn\n|upkeep\n|turn|50\n|\n|move|p2a: Lugia|Roost|p2a: Lugia\n|-heal|p2a: Lugia|99\/100 psn\n|-singleturn|p2a: Lugia|move: Roost\n|move|p1a: Milotic|Recover|p1a: Milotic\n|-heal|p1a: Milotic|100\/100\n|\n|-damage|p2a: Lugia|86\/100 psn|[from] psn\n|upkeep\n|turn|51\n|\n|switch|p2a: Tapu Bulu|Tapu Bulu|94\/100 brn\n|-fieldstart|move: Grassy Terrain|[from] ability: Grassy Surge|[of] p2a: Tapu Bulu\n|move|p1a: Milotic|Scald|p2a: Tapu Bulu\n|-resisted|p2a: Tapu Bulu\n|-damage|p2a: Tapu Bulu|83\/100 brn\n|\n|-heal|p2a: Tapu Bulu|89\/100 brn|[from] item: Leftovers\n|-heal|p2a: Tapu Bulu|96\/100 brn|[from] Grassy Terrain\n|-damage|p2a: Tapu Bulu|89\/100 brn|[from] brn\n|upkeep\n|turn|52\n|\n|switch|p1a: Tangrowth|Tangrowth, M|100\/100\n|move|p2a: Tapu Bulu|Nature's Madness|p1a: Tangrowth\n|-damage|p1a: Tangrowth|50\/100\n|\n|-heal|p2a: Tapu Bulu|96\/100 brn|[from] item: Leftovers\n|-heal|p2a: Tapu Bulu|100\/100 brn|[from] Grassy Terrain\n|-heal|p1a: Tangrowth|57\/100|[from] Grassy Terrain\n|-damage|p2a: Tapu Bulu|94\/100 brn|[from] brn\n|upkeep\n|turn|53\n|\n|switch|p1a: Lunala|Lunala|82\/100 tox\n|move|p2a: Tapu Bulu|Nature's Madness|p1a: Lunala\n|-damage|p1a: Lunala|41\/100 tox\n|\n|-heal|p1a: Lunala|47\/100 tox|[from] item: Leftovers\n|-heal|p1a: Lunala|53\/100 tox|[from] Grassy Terrain\n|-heal|p2a: Tapu Bulu|100\/100 brn|[from] item: Leftovers\n|-damage|p1a: Lunala|47\/100 tox|[from] psn\n|-damage|p2a: Tapu Bulu|94\/100 brn|[from] brn\n|upkeep\n|turn|54\n|\n|move|p1a: Lunala|Roost|p1a: Lunala\n|-heal|p1a: Lunala|97\/100 tox\n|-singleturn|p1a: Lunala|move: Roost\n|move|p2a: Tapu Bulu|Leech Seed|p1a: Lunala\n|-start|p1a: Lunala|move: Leech Seed\n|\n|-heal|p1a: Lunala|100\/100 tox|[from] item: Leftovers\n|-heal|p2a: Tapu Bulu|100\/100 brn|[from] item: Leftovers\n|-damage|p1a: Lunala|88\/100 tox|[from] Leech Seed|[of] p2a: Tapu Bulu\n|-damage|p1a: Lunala|76\/100 tox|[from] psn\n|-damage|p2a: Tapu Bulu|94\/100 brn|[from] brn\n|upkeep\n|turn|55\n|\n|switch|p1a: Tangrowth|Tangrowth, M|90\/100\n|move|p2a: Tapu Bulu|Nature's Madness|p1a: Tangrowth\n|-damage|p1a: Tangrowth|45\/100\n|\n|-heal|p2a: Tapu Bulu|100\/100 brn|[from] item: Leftovers\n|-heal|p1a: Tangrowth|51\/100|[from] Grassy Terrain\n|-fieldend|move: Grassy Terrain\n|-damage|p2a: Tapu Bulu|94\/100 brn|[from] brn\n|upkeep\n|turn|56\n|\n|switch|p2a: Zekrom|Zekrom|60\/100\n|-ability|p2a: Zekrom|Teravolt\n|move|p1a: Tangrowth|Sludge Bomb|p2a: Zekrom\n|-damage|p2a: Zekrom|37\/100\n|-status|p2a: Zekrom|psn\n|\n|-damage|p2a: Zekrom|25\/100 psn|[from] psn\n|upkeep\n|turn|57\n|\n|switch|p1a: Landorus|Landorus-Therian, M|100\/100\n|-ability|p1a: Landorus|Intimidate|boost\n|-unboost|p2a: Zekrom|atk|1\n|move|p2a: Zekrom|Outrage|p1a: Landorus\n|-damage|p1a: Landorus|51\/100\n|\n|-damage|p2a: Zekrom|13\/100 psn|[from] psn\n|upkeep\n|turn|58\n|\n|move|p1a: Landorus|U-turn|p2a: Zekrom\n|-damage|p2a: Zekrom|0 fnt\n|faint|p2a: Zekrom\n|\n|switch|p1a: Kangaskhan|Kangaskhan-Mega, F|74\/100|[from]move: U-turn\n|\n|upkeep\n|\n|switch|p2a: Tapu Bulu|Tapu Bulu|94\/100 brn\n|-fieldstart|move: Grassy Terrain|[from] ability: Grassy Surge|[of] p2a: Tapu Bulu\n|turn|59\n|j| Mj_Arnob\n|c| Mj_Arnob|Is it honch I see\n|c|\u2606TheHonch9|this is\n|\n|switch|p1a: Tangrowth|Tangrowth, M|85\/100\n|move|p2a: Tapu Bulu|Nature's Madness|p1a: Tangrowth\n|-damage|p1a: Tangrowth|43\/100\n|\n|-heal|p2a: Tapu Bulu|100\/100 brn|[from] item: Leftovers\n|-heal|p1a: Tangrowth|49\/100|[from] Grassy Terrain\n|-damage|p2a: Tapu Bulu|94\/100 brn|[from] brn\n|upkeep\n|turn|60\n|\n|switch|p2a: Lugia|Lugia|86\/100 psn\n|-ability|p2a: Lugia|Pressure\n|move|p1a: Tangrowth|Giga Drain|p2a: Lugia\n|-resisted|p2a: Lugia\n|-damage|p2a: Lugia|77\/100 psn\n|-heal|p1a: Tangrowth|54\/100|[from] drain|[of] p2a: Lugia\n|\n|-heal|p1a: Tangrowth|60\/100|[from] Grassy Terrain\n|-damage|p2a: Lugia|64\/100 psn|[from] psn\n|upkeep\n|turn|61\n|\n|switch|p1a: Kangaskhan|Kangaskhan-Mega, F|74\/100\n|move|p2a: Lugia|Calm Mind|p2a: Lugia\n|-boost|p2a: Lugia|spa|1\n|-boost|p2a: Lugia|spd|1\n|\n|-heal|p1a: Kangaskhan|80\/100|[from] Grassy Terrain\n|-damage|p2a: Lugia|52\/100 psn|[from] psn\n|upkeep\n|turn|62\n|\n|move|p1a: Kangaskhan|Rock Slide|p2a: Lugia\n|-supereffective|p2a: Lugia\n|-damage|p2a: Lugia|23\/100 psn\n|-supereffective|p2a: Lugia\n|-damage|p2a: Lugia|15\/100 psn\n|-hitcount|p2a: Lugia|2\n|move|p2a: Lugia|Roost|p2a: Lugia\n|-heal|p2a: Lugia|65\/100 psn\n|-singleturn|p2a: Lugia|move: Roost\n|\n|-heal|p1a: Kangaskhan|86\/100|[from] Grassy Terrain\n|-heal|p2a: Lugia|72\/100 psn|[from] Grassy Terrain\n|-damage|p2a: Lugia|59\/100 psn|[from] psn\n|upkeep\n|turn|63\n|\n|move|p1a: Kangaskhan|Power-Up Punch|p2a: Lugia\n|-resisted|p2a: Lugia\n|-damage|p2a: Lugia|57\/100 psn\n|-boost|p1a: Kangaskhan|atk|1\n|-resisted|p2a: Lugia\n|-damage|p2a: Lugia|57\/100 psn\n|-boost|p1a: Kangaskhan|atk|1\n|-hitcount|p2a: Lugia|2\n|move|p2a: Lugia|Roost|p2a: Lugia\n|-heal|p2a: Lugia|100\/100 psn\n|-singleturn|p2a: Lugia|move: Roost\n|\n|-heal|p1a: Kangaskhan|92\/100|[from] Grassy Terrain\n|-fieldend|move: Grassy Terrain\n|-damage|p2a: Lugia|88\/100 psn|[from] psn\n|upkeep\n|turn|64\n|\n|move|p1a: Kangaskhan|Rock Slide|p2a: Lugia\n|-supereffective|p2a: Lugia\n|-damage|p2a: Lugia|32\/100 psn\n|-supereffective|p2a: Lugia\n|-damage|p2a: Lugia|18\/100 psn\n|-hitcount|p2a: Lugia|2\n|cant|p2a: Lugia|flinch\n|\n|-damage|p2a: Lugia|6\/100 psn|[from] psn\n|upkeep\n|turn|65\n|\n|switch|p2a: Suicune|Suicune|100\/100\n|-ability|p2a: Suicune|Pressure\n|move|p1a: Kangaskhan|Power-Up Punch|p2a: Suicune\n|-damage|p2a: Suicune|84\/100\n|-boost|p1a: Kangaskhan|atk|1\n|-damage|p2a: Suicune|79\/100\n|-boost|p1a: Kangaskhan|atk|1\n|-hitcount|p2a: Suicune|2\n|\n|-heal|p2a: Suicune|86\/100|[from] item: Leftovers\n|upkeep\n|turn|66\n|\n|move|p1a: Kangaskhan|Body Slam|p2a: Suicune\n|-damage|p2a: Suicune|8\/100\n|-damage|p2a: Suicune|0 fnt\n|-hitcount|p2a: Suicune|2\n|faint|p2a: Suicune\n|\n|upkeep\n|\n|switch|p2a: Tapu Bulu|Tapu Bulu|94\/100 brn\n|-fieldstart|move: Grassy Terrain|[from] ability: Grassy Surge|[of] p2a: Tapu Bulu\n|turn|67\n|\n|move|p1a: Kangaskhan|Body Slam|p2a: Tapu Bulu\n|-damage|p2a: Tapu Bulu|0 fnt\n|-hitcount|p2a: Tapu Bulu|1\n|faint|p2a: Tapu Bulu\n|\n|-heal|p1a: Kangaskhan|99\/100|[from] Grassy Terrain\n|upkeep\n|\n|switch|p2a: Lugia|Lugia|6\/100 psn\n|-ability|p2a: Lugia|Pressure\n|turn|68\n|c|\u2606BugCatcherWeevil|gg, sorry for the flicnhes and toxics from sludge bomb\n|\n|move|p1a: Kangaskhan|Facade|p2a: Lugia\n|-damage|p2a: Lugia|0 fnt\n|-hitcount|p2a: Lugia|1\n|faint|p2a: Lugia\n|\n|win|BugCatcherWeevil\n|c|\u2606TheHonch9|gg\n","uploadtime":1589736858,"views":9,"p1id":"bugcatcherweevil","p2id":"thehonch9","formatid":"gen8nationaldexunrestricted","rating":0,"private":0,"password":null}