{"id":"sports-gen8nationaldexdlclegacy-349554","p1":"TehranTyphlosions","p2":"Xx_CheckM8_xX","format":"gen8nationaldexdlclegacy","log":"|j|\u2606TehranTyphlosions\n|j|\u2606Xx_CheckM8_xX\n|t:|1613952159\n|player|p1|TehranTyphlosions|clair|\n|player|p2|Xx_CheckM8_xX|266|\n|teamsize|p1|6\n|teamsize|p2|6\n|gametype|singles\n|gen|8\n|tier|[Gen 8] National Dex DLC Legacy\n|rule|Sleep Clause Mod: Limit one foe put to sleep\n|rule|OHKO Clause: OHKO moves are banned\n|rule|Evasion Moves Clause: Evasion moves are banned\n|rule|Endless Battle Clause: Forcing endless battles is banned\n|rule|HP Percentage Mod: HP is shown in percentages\n|clearpoke\n|poke|p1|Froslass, F|\n|poke|p1|Charizard, F|\n|poke|p1|Venusaur, F|\n|poke|p1|Melmetal|\n|poke|p1|Rotom-Heat|\n|poke|p1|Omastar, M|\n|poke|p2|Vanilluxe, M|\n|poke|p2|Mamoswine, M|\n|poke|p2|Cloyster, F|\n|poke|p2|Darmanitan-Galar, F|\n|poke|p2|Weavile, M|\n|poke|p2|Kyurem|\n|rule|Dynamax Clause: You cannot dynamax\n|teampreview\n|html|<button name=\"send\" class=\"button\" value=\"\/timer ds\"><i class=\"fa fa-hourglass-start\"><\/i> DS Timer<\/button> <button name=\"send\" class=\"button\" value=\"\/timer smogon\"><i class=\"fa fa-hourglass-start\"><\/i> Smogon Timer<\/button>\n|c|\u2606TehranTyphlosions|gl gl\n|c|\u2606Xx_CheckM8_xX|sry was afk for a sec\n|c|\u2606Xx_CheckM8_xX|glhf\n|c|\u2606TehranTyphlosions|youre good\n|\n|t:|1613952178\n|start\n|switch|p1a: Rotom|Rotom-Heat|100\/100\n|switch|p2a: Fuck You|Cloyster, F, shiny|100\/100\n|turn|1\n|\n|t:|1613952187\n|switch|p2a: Fuck You|Mamoswine, M, shiny|100\/100\n|move|p1a: Rotom|Overheat|p2a: Fuck You\n|-supereffective|p2a: Fuck You\n|-damage|p2a: Fuck You|7\/100\n|-unboost|p1a: Rotom|spa|2\n|\n|upkeep\n|turn|2\n|\n|t:|1613952194\n|move|p1a: Rotom|Overheat|p2a: Fuck You\n|-supereffective|p2a: Fuck You\n|-damage|p2a: Fuck You|0 fnt\n|-unboost|p1a: Rotom|spa|2\n|faint|p2a: Fuck You\n|\n|upkeep\n|\n|t:|1613952201\n|switch|p2a: Fuck You|Cloyster, F, shiny|100\/100\n|turn|3\n|\n|t:|1613952203\n|switch|p1a: Venusaur|Venusaur, F|100\/100\n|move|p2a: Fuck You|Shell Smash|p2a: Fuck You\n|-unboost|p2a: Fuck You|def|1\n|-unboost|p2a: Fuck You|spd|1\n|-boost|p2a: Fuck You|atk|2\n|-boost|p2a: Fuck You|spa|2\n|-boost|p2a: Fuck You|spe|2\n|\n|upkeep\n|turn|4\n|\n|t:|1613952208\n|move|p2a: Fuck You|Icicle Spear|p1a: Venusaur\n|-supereffective|p1a: Venusaur\n|-crit|p1a: Venusaur\n|-damage|p1a: Venusaur|22\/100\n|-supereffective|p1a: Venusaur\n|-damage|p1a: Venusaur|0 fnt\n|-hitcount|p1a: Venusaur|2\n|faint|p1a: Venusaur\n|\n|upkeep\n|j| EGALombres\n|\n|t:|1613952211\n|switch|p1a: Melmetal|Melmetal|100\/100\n|turn|5\n|\n|t:|1613952215\n|move|p2a: Fuck You|Surf|p1a: Melmetal\n|-damage|p1a: Melmetal|35\/100\n|move|p1a: Melmetal|Thunder Punch|p2a: Fuck You\n|-supereffective|p2a: Fuck You\n|-damage|p2a: Fuck You|11\/100\n|\n|upkeep\n|turn|6\n|\n|t:|1613952220\n|move|p2a: Fuck You|Surf|p1a: Melmetal\n|-damage|p1a: Melmetal|0 fnt\n|faint|p1a: Melmetal\n|\n|upkeep\n|\n|t:|1613952224\n|switch|p1a: Omastar|Omastar, M|100\/100\n|turn|7\n|\n|t:|1613952227\n|move|p2a: Fuck You|Surf|p1a: Omastar\n|-damage|p1a: Omastar|8\/100\n|move|p1a: Omastar|Ancient Power|p2a: Fuck You\n|-supereffective|p2a: Fuck You\n|-damage|p2a: Fuck You|0 fnt\n|faint|p2a: Fuck You\n|\n|upkeep\n|\n|t:|1613952240\n|switch|p2a: Fuck You|Darmanitan-Galar, F, shiny|100\/100\n|turn|8\n|\n|t:|1613952243\n|move|p2a: Fuck You|U-turn|p1a: Omastar\n|-damage|p1a: Omastar|0 fnt\n|faint|p1a: Omastar\n|\n|t:|1613952248\n|switch|p2a: Fuck You|Kyurem, shiny|100\/100|[from]move: U-turn\n|-ability|p2a: Fuck You|Pressure\n|\n|upkeep\n|\n|t:|1613952258\n|switch|p1a: sniped lol|Froslass, F|100\/100\n|turn|9\n|\n|t:|1613952262\n|move|p1a: sniped lol|Wake-Up Slap|p2a: Fuck You\n|-supereffective|p2a: Fuck You\n|-damage|p2a: Fuck You|76\/100\n|move|p2a: Fuck You|Draco Meteor|p1a: sniped lol\n|-damage|p1a: sniped lol|0 fnt\n|-unboost|p2a: Fuck You|spa|2\n|-start|p2a: Fuck You|Disable|Draco Meteor|[from] ability: Cursed Body|[of] p1a: sniped lol\n|faint|p1a: sniped lol\n|\n|upkeep\n|\n|t:|1613952264\n|switch|p1a: Charizard|Charizard, F|100\/100\n|turn|10\n|j| EGADrifblims\n|\n|t:|1613952276\n|switch|p2a: Fuck You|Weavile, M, shiny|100\/100\n|-ability|p2a: Fuck You|Pressure\n|detailschange|p1a: Charizard|Charizard-Mega-Y, F\n|-mega|p1a: Charizard|Charizard|Charizardite Y\n|-weather|SunnyDay|[from] ability: Drought|[of] p1a: Charizard\n|move|p1a: Charizard|Weather Ball|p2a: Fuck You\n|-supereffective|p2a: Fuck You\n|-damage|p2a: Fuck You|0 fnt\n|faint|p2a: Fuck You\n|\n|-weather|SunnyDay|[upkeep]\n|upkeep\n|\n|t:|1613952285\n|switch|p2a: Fuck You|Vanilluxe, M, shiny|100\/100\n|-weather|Hail|[from] ability: Snow Warning|[of] p2a: Fuck You\n|turn|11\n|\n|t:|1613952289\n|move|p2a: Fuck You|Blizzard|p1a: Charizard\n|-damage|p1a: Charizard|44\/100\n|move|p1a: Charizard|Sunny Day|p1a: Charizard\n|-weather|SunnyDay\n|\n|-weather|SunnyDay|[upkeep]\n|upkeep\n|turn|12\n|\n|t:|1613952294\n|move|p2a: Fuck You|Blizzard|p1a: Charizard\n|-damage|p1a: Charizard|0 fnt\n|faint|p1a: Charizard\n|\n|-weather|SunnyDay|[upkeep]\n|upkeep\n|\n|t:|1613952295\n|switch|p1a: Rotom|Rotom-Heat|100\/100\n|turn|13\n|\n|t:|1613952296\n|move|p1a: Rotom|Overheat|p2a: Fuck You\n|-supereffective|p2a: Fuck You\n|-damage|p2a: Fuck You|0 fnt\n|-unboost|p1a: Rotom|spa|2\n|faint|p2a: Fuck You\n|\n|-weather|SunnyDay|[upkeep]\n|upkeep\n|\n|t:|1613952301\n|switch|p2a: Fuck You|Kyurem, shiny|76\/100\n|-ability|p2a: Fuck You|Pressure\n|turn|14\n|\n|t:|1613952302\n|move|p1a: Rotom|Overheat|p2a: Fuck You|[miss]\n|-miss|p1a: Rotom|p2a: Fuck You\n|move|p2a: Fuck You|Roost|p2a: Fuck You\n|-heal|p2a: Fuck You|100\/100\n|-singleturn|p2a: Fuck You|move: Roost\n|\n|-weather|SunnyDay|[upkeep]\n|upkeep\n|turn|15\n|\n|t:|1613952305\n|move|p1a: Rotom|Overheat|p2a: Fuck You\n|-damage|p2a: Fuck You|61\/100\n|-unboost|p1a: Rotom|spa|2\n|move|p2a: Fuck You|Roost|p2a: Fuck You\n|-heal|p2a: Fuck You|100\/100\n|-singleturn|p2a: Fuck You|move: Roost\n|\n|-weather|none\n|upkeep\n|turn|16\n|\n|t:|1613952308\n|move|p1a: Rotom|Overheat|p2a: Fuck You\n|-damage|p2a: Fuck You|83\/100\n|-unboost|p1a: Rotom|spa|2\n|move|p2a: Fuck You|Roost|p2a: Fuck You\n|-heal|p2a: Fuck You|100\/100\n|-singleturn|p2a: Fuck You|move: Roost\n|\n|upkeep\n|turn|17\n|\n|t:|1613952313\n|-activate|p1a: Rotom|move: Struggle\n|move|p1a: Rotom|Struggle|p2a: Fuck You\n|-damage|p2a: Fuck You|96\/100\n|-damage|p1a: Rotom|76\/100|[from] recoil\n|move|p2a: Fuck You|Draco Meteor|p1a: Rotom\n|-damage|p1a: Rotom|0 fnt\n|-unboost|p2a: Fuck You|spa|2\n|faint|p1a: Rotom\n|\n|win|Xx_CheckM8_xX\n|c|\u2606TehranTyphlosions|gg\n|c|\u2606Xx_CheckM8_xX|gg\n|l|\u2606TehranTyphlosions\n","uploadtime":1613952327,"views":4,"p1id":"tehrantyphlosions","p2id":"xxcheckm8xx","formatid":"gen8nationaldexdlclegacy","rating":0,"private":0,"password":null}