{"id":"sports-gen8nationaldexdlclegacy-327367","p1":"TehranTyphlosions","p2":"ASword6","format":"gen8nationaldexdlclegacy","log":"|j|\u2606TehranTyphlosions\n|j|\u2606ASword6\n|t:|1611527324\n|player|p1|TehranTyphlosions|clair|\n|player|p2|ASword6|alder|\n|teamsize|p1|6\n|teamsize|p2|6\n|gametype|singles\n|gen|8\n|tier|[Gen 8] National Dex DLC Legacy\n|rule|Sleep Clause Mod: Limit one foe put to sleep\n|rule|OHKO Clause: OHKO moves are banned\n|rule|Evasion Moves Clause: Evasion moves are banned\n|rule|Endless Battle Clause: Forcing endless battles is banned\n|rule|HP Percentage Mod: HP is shown in percentages\n|clearpoke\n|poke|p1|Urshifu-*, M|\n|poke|p1|Tornadus-Therian, M|\n|poke|p1|Mr. Mime-Galar, M|\n|poke|p1|Ferrothorn, M|\n|poke|p1|Altaria, F|\n|poke|p1|Gengar, M|\n|poke|p2|Tapu Koko|\n|poke|p2|Raichu-Alola, F|\n|poke|p2|Alomomola, F|\n|poke|p2|Corviknight, F|\n|poke|p2|Passimian, M|\n|poke|p2|Shuckle, M|\n|rule|Dynamax Clause: You cannot dynamax\n|teampreview\n|html|<button name=\"send\" class=\"button\" value=\"\/timer ds\"><i class=\"fa fa-hourglass-start\"><\/i> DS Timer<\/button> <button name=\"send\" class=\"button\" value=\"\/timer smogon\"><i class=\"fa fa-hourglass-start\"><\/i> Smogon Timer<\/button>\n|c|\u2606TehranTyphlosions|gl gl\n|c|\u2606ASword6|u2\n|c|\u2606ASword6|meme time\n|j| EGADrifblims\n|j| EGALombres\n|j| tylerb16\n|j| PorygonTheBot\n|c| PorygonTheBot|Porygon has digitalized into the match... booting up... successfully calibrating stats!\n|\n|t:|1611527398\n|start\n|switch|p1a: Ferrothorn|Ferrothorn, M|100\/100\n|switch|p2a: Give Me a Pok\u00e9mon|Corviknight, F|100\/100\n|-ability|p2a: Give Me a Pok\u00e9mon|Unnerve|p1: TehranTyphlosions\n|turn|1\n|\n|t:|1611527402\n|move|p2a: Give Me a Pok\u00e9mon|Nasty Plot|p2a: Give Me a Pok\u00e9mon\n|-boost|p2a: Give Me a Pok\u00e9mon|spa|2\n|move|p1a: Ferrothorn|Curse|p1a: Ferrothorn\n|-unboost|p1a: Ferrothorn|spe|1\n|-boost|p1a: Ferrothorn|atk|1\n|-boost|p1a: Ferrothorn|def|1\n|\n|upkeep\n|turn|2\n|\n|t:|1611527405\n|move|p2a: Give Me a Pok\u00e9mon|Hurricane|p1a: Ferrothorn\n|-damage|p1a: Ferrothorn|17\/100\n|move|p1a: Ferrothorn|Curse|p1a: Ferrothorn\n|-unboost|p1a: Ferrothorn|spe|1\n|-boost|p1a: Ferrothorn|atk|1\n|-boost|p1a: Ferrothorn|def|1\n|\n|-heal|p1a: Ferrothorn|23\/100|[from] item: Leftovers\n|upkeep\n|turn|3\n|c|\u2606TehranTyphlosions|yo\n|c|\u2606ASword6|wtf\n|\n|t:|1611527413\n|switch|p1a: Mr. Mime|Mr. Mime-Galar, M|100\/100\n|move|p2a: Give Me a Pok\u00e9mon|Hurricane|p1a: Mr. Mime|[miss]\n|-miss|p2a: Give Me a Pok\u00e9mon|p1a: Mr. Mime\n|\n|upkeep\n|turn|4\n|c| EGALombres|it's ovah\n|\n|t:|1611527416\n|move|p1a: Mr. Mime|Nasty Plot|p1a: Mr. Mime\n|-boost|p1a: Mr. Mime|spa|2\n|move|p2a: Give Me a Pok\u00e9mon|Steel Beam|p1a: Mr. Mime\n|-supereffective|p1a: Mr. Mime\n|-damage|p1a: Mr. Mime|0 fnt\n|-damage|p2a: Give Me a Pok\u00e9mon|50\/100|[from] mindblown\n|faint|p1a: Mr. Mime\n|\n|upkeep\n|c|\u2606TehranTyphlosions|YO\n|c|\u2606ASword6|gone\n|\n|t:|1611527421\n|switch|p1a: Altaria|Altaria, F|100\/100\n|turn|5\n|\n|t:|1611527425\n|detailschange|p1a: Altaria|Altaria-Mega, F\n|-mega|p1a: Altaria|Altaria|Altarianite\n|move|p1a: Altaria|Fire Blast|p2a: Give Me a Pok\u00e9mon|[miss]\n|-miss|p1a: Altaria|p2a: Give Me a Pok\u00e9mon\n|move|p2a: Give Me a Pok\u00e9mon|Steel Beam|p1a: Altaria\n|-supereffective|p1a: Altaria\n|-damage|p1a: Altaria|0 fnt\n|-damage|p2a: Give Me a Pok\u00e9mon|0 fnt|[from] mindblown\n|faint|p2a: Give Me a Pok\u00e9mon\n|faint|p1a: Altaria\n|\n|upkeep\n|c|\u2606ASword6|o\n|c|\u2606TehranTyphlosions|LMAO\n|c|\u2606ASword6|corv is busted\n|c| EGALombres|well that was an interesting start\n|\n|t:|1611527440\n|switch|p1a: Urshifu|Urshifu, M, shiny|100\/100\n|switch|p2a: Give Me a Pok\u00e9mon|Passimian, M|100\/100\n|turn|6\n|c| EGADrifblims|A :goat: 6\n|\n|t:|1611527449\n|switch|p2a: Give Me a Pok\u00e9mon|Tapu Koko|100\/100\n|-fieldstart|move: Electric Terrain|[from] ability: Electric Surge|[of] p2a: Give Me a Pok\u00e9mon\n|move|p1a: Urshifu|Bulk Up|p1a: Urshifu\n|-boost|p1a: Urshifu|atk|1\n|-boost|p1a: Urshifu|def|1\n|\n|upkeep\n|turn|7\n|c| tylerb16|why did that do 50 and not 49\n|\n|t:|1611527461\n|switch|p2a: Give Me a Pok\u00e9mon|Passimian, M|100\/100\n|move|p1a: Urshifu|Dynamic Punch|p2a: Give Me a Pok\u00e9mon|[miss]\n|-miss|p1a: Urshifu|p2a: Give Me a Pok\u00e9mon\n|-enditem|p1a: Urshifu|Blunder Policy\n|-boost|p1a: Urshifu|spe|2\n|\n|upkeep\n|turn|8\n|\n|t:|1611527464\n|move|p1a: Urshifu|Dynamic Punch|p2a: Give Me a Pok\u00e9mon|[miss]\n|-miss|p1a: Urshifu|p2a: Give Me a Pok\u00e9mon\n|move|p2a: Give Me a Pok\u00e9mon|Focus Blast|p1a: Urshifu|[miss]\n|-miss|p2a: Give Me a Pok\u00e9mon|p1a: Urshifu\n|\n|upkeep\n|turn|9\n|c|\u2606TehranTyphlosions|STOP\n|\n|t:|1611527469\n|move|p1a: Urshifu|Dynamic Punch|p2a: Give Me a Pok\u00e9mon\n|-damage|p2a: Give Me a Pok\u00e9mon|3\/100\n|-start|p2a: Give Me a Pok\u00e9mon|confusion\n|-activate|p2a: Give Me a Pok\u00e9mon|confusion\n|move|p2a: Give Me a Pok\u00e9mon|Focus Blast|p1a: Urshifu\n|-supereffective|p1a: Urshifu\n|-damage|p1a: Urshifu|11\/100\n|\n|upkeep\n|turn|10\n|c| EGALombres|hit urself \n|c| EGALombres|rn\n|\n|t:|1611527485\n|move|p1a: Urshifu|Poison Jab|p2a: Give Me a Pok\u00e9mon\n|-damage|p2a: Give Me a Pok\u00e9mon|0 fnt\n|faint|p2a: Give Me a Pok\u00e9mon\n|\n|-fieldend|move: Electric Terrain\n|upkeep\n|\n|t:|1611527488\n|switch|p2a: Give Me a Pok\u00e9mon|Raichu-Alola, F|100\/100\n|turn|11\n|\n|t:|1611527490\n|move|p1a: Urshifu|Wicked Blow|p2a: Give Me a Pok\u00e9mon\n|-supereffective|p2a: Give Me a Pok\u00e9mon\n|-crit|p2a: Give Me a Pok\u00e9mon\n|-damage|p2a: Give Me a Pok\u00e9mon|0 fnt\n|faint|p2a: Give Me a Pok\u00e9mon\n|\n|upkeep\n|\n|t:|1611527499\n|switch|p2a: Give Me a Pok\u00e9mon|Alomomola, F|100\/100\n|turn|12\n|c|\u2606TehranTyphlosions|not ursh without wicked\n|\n|t:|1611527505\n|move|p2a: Give Me a Pok\u00e9mon|Aqua Jet|p1a: Urshifu\n|-damage|p1a: Urshifu|0 fnt\n|faint|p1a: Urshifu\n|\n|upkeep\n|c|\u2606ASword6|bruh\n|\n|t:|1611527507\n|switch|p1a: Ferrothorn|Ferrothorn, M|23\/100\n|turn|13\n|c| EGALombres|urshifu moment\n|\n|t:|1611527513\n|switch|p2a: Give Me a Pok\u00e9mon|Shuckle, M, shiny|100\/100\n|move|p1a: Ferrothorn|Gyro Ball|p2a: Give Me a Pok\u00e9mon\n|-supereffective|p2a: Give Me a Pok\u00e9mon\n|-damage|p2a: Give Me a Pok\u00e9mon|87\/100\n|-enditem|p2a: Give Me a Pok\u00e9mon|Weakness Policy\n|-unboost|p2a: Give Me a Pok\u00e9mon|atk|2|[from] item: Weakness Policy\n|-unboost|p2a: Give Me a Pok\u00e9mon|spa|2|[from] item: Weakness Policy\n|\n|-heal|p1a: Ferrothorn|29\/100|[from] item: Leftovers\n|upkeep\n|turn|14\n|c|\u2606TehranTyphlosions|NO\n|\n|t:|1611527523\n|move|p2a: Give Me a Pok\u00e9mon|Shell Smash|p2a: Give Me a Pok\u00e9mon\n|-boost|p2a: Give Me a Pok\u00e9mon|def|1\n|-boost|p2a: Give Me a Pok\u00e9mon|spd|1\n|-unboost|p2a: Give Me a Pok\u00e9mon|atk|2\n|-unboost|p2a: Give Me a Pok\u00e9mon|spa|2\n|-unboost|p2a: Give Me a Pok\u00e9mon|spe|2\n|move|p1a: Ferrothorn|Curse|p1a: Ferrothorn\n|-unboost|p1a: Ferrothorn|spe|1\n|-boost|p1a: Ferrothorn|atk|1\n|-boost|p1a: Ferrothorn|def|1\n|\n|-heal|p1a: Ferrothorn|35\/100|[from] item: Leftovers\n|upkeep\n|turn|15\n|c| EGALombres|WEAKNESS POLICY MOMENT\n|\n|t:|1611527527\n|move|p1a: Ferrothorn|Curse|p1a: Ferrothorn\n|-unboost|p1a: Ferrothorn|spe|1\n|-boost|p1a: Ferrothorn|atk|1\n|-boost|p1a: Ferrothorn|def|1\n|move|p2a: Give Me a Pok\u00e9mon|Infestation|p1a: Ferrothorn\n|-damage|p1a: Ferrothorn|34\/100\n|-activate|p1a: Ferrothorn|move: Infestation|[of] p2a: Give Me a Pok\u00e9mon\n|-damage|p2a: Give Me a Pok\u00e9mon|75\/100|[from] ability: Iron Barbs|[of] p1a: Ferrothorn\n|\n|-heal|p1a: Ferrothorn|40\/100|[from] item: Leftovers\n|-damage|p1a: Ferrothorn|28\/100|[from] move: Infestation|[partiallytrapped]\n|upkeep\n|turn|16\n|\n|t:|1611527534\n|move|p2a: Give Me a Pok\u00e9mon|Shell Smash|p2a: Give Me a Pok\u00e9mon\n|-boost|p2a: Give Me a Pok\u00e9mon|def|1\n|-boost|p2a: Give Me a Pok\u00e9mon|spd|1\n|-unboost|p2a: Give Me a Pok\u00e9mon|atk|2\n|-unboost|p2a: Give Me a Pok\u00e9mon|spa|2\n|-unboost|p2a: Give Me a Pok\u00e9mon|spe|2\n|move|p1a: Ferrothorn|Body Press|p2a: Give Me a Pok\u00e9mon\n|-damage|p2a: Give Me a Pok\u00e9mon|60\/100\n|\n|-heal|p1a: Ferrothorn|34\/100|[from] item: Leftovers\n|-damage|p1a: Ferrothorn|22\/100|[from] move: Infestation|[partiallytrapped]\n|upkeep\n|turn|17\n|\n|t:|1611527537\n|move|p1a: Ferrothorn|Body Press|p2a: Give Me a Pok\u00e9mon\n|-damage|p2a: Give Me a Pok\u00e9mon|45\/100\n|move|p2a: Give Me a Pok\u00e9mon|Shell Smash|p2a: Give Me a Pok\u00e9mon\n|-boost|p2a: Give Me a Pok\u00e9mon|def|1\n|-boost|p2a: Give Me a Pok\u00e9mon|spd|1\n|-unboost|p2a: Give Me a Pok\u00e9mon|atk|0\n|-unboost|p2a: Give Me a Pok\u00e9mon|spa|0\n|-unboost|p2a: Give Me a Pok\u00e9mon|spe|2\n|\n|-heal|p1a: Ferrothorn|28\/100|[from] item: Leftovers\n|-damage|p1a: Ferrothorn|15\/100|[from] move: Infestation|[partiallytrapped]\n|upkeep\n|turn|18\n|\n|t:|1611527541\n|move|p1a: Ferrothorn|Body Press|p2a: Give Me a Pok\u00e9mon\n|-damage|p2a: Give Me a Pok\u00e9mon|33\/100\n|move|p2a: Give Me a Pok\u00e9mon|Shell Smash|p2a: Give Me a Pok\u00e9mon\n|-boost|p2a: Give Me a Pok\u00e9mon|def|1\n|-boost|p2a: Give Me a Pok\u00e9mon|spd|1\n|-unboost|p2a: Give Me a Pok\u00e9mon|atk|0\n|-unboost|p2a: Give Me a Pok\u00e9mon|spa|0\n|-unboost|p2a: Give Me a Pok\u00e9mon|spe|0\n|\n|-heal|p1a: Ferrothorn|21\/100|[from] item: Leftovers\n|-damage|p1a: Ferrothorn|9\/100|[from] move: Infestation|[partiallytrapped]\n|upkeep\n|turn|19\n|\n|t:|1611527548\n|move|p1a: Ferrothorn|Power Whip|p2a: Give Me a Pok\u00e9mon|[miss]\n|-miss|p1a: Ferrothorn|p2a: Give Me a Pok\u00e9mon\n|move|p2a: Give Me a Pok\u00e9mon|Rest|p2a: Give Me a Pok\u00e9mon\n|-status|p2a: Give Me a Pok\u00e9mon|slp|[from] move: Rest\n|-heal|p2a: Give Me a Pok\u00e9mon|100\/100 slp|[silent]\n|\n|-heal|p1a: Ferrothorn|15\/100|[from] item: Leftovers\n|-damage|p1a: Ferrothorn|2\/100|[from] move: Infestation|[partiallytrapped]\n|upkeep\n|turn|20\n|\n|t:|1611527550\n|move|p1a: Ferrothorn|Power Whip|p2a: Give Me a Pok\u00e9mon\n|-damage|p2a: Give Me a Pok\u00e9mon|82\/100 slp\n|cant|p2a: Give Me a Pok\u00e9mon|slp\n|\n|-heal|p1a: Ferrothorn|8\/100|[from] item: Leftovers\n|-end|p1a: Ferrothorn|Infestation|[partiallytrapped]\n|upkeep\n|turn|21\n|\n|t:|1611527553\n|move|p1a: Ferrothorn|Power Whip|p2a: Give Me a Pok\u00e9mon\n|-damage|p2a: Give Me a Pok\u00e9mon|63\/100 slp\n|cant|p2a: Give Me a Pok\u00e9mon|slp\n|\n|-heal|p1a: Ferrothorn|15\/100|[from] item: Leftovers\n|upkeep\n|turn|22\n|\n|t:|1611527555\n|move|p1a: Ferrothorn|Power Whip|p2a: Give Me a Pok\u00e9mon\n|-damage|p2a: Give Me a Pok\u00e9mon|45\/100 slp\n|-curestatus|p2a: Give Me a Pok\u00e9mon|slp|[msg]\n|move|p2a: Give Me a Pok\u00e9mon|Infestation|p1a: Ferrothorn\n|-damage|p1a: Ferrothorn|14\/100\n|-activate|p1a: Ferrothorn|move: Infestation|[of] p2a: Give Me a Pok\u00e9mon\n|-damage|p2a: Give Me a Pok\u00e9mon|32\/100|[from] ability: Iron Barbs|[of] p1a: Ferrothorn\n|\n|-heal|p1a: Ferrothorn|20\/100|[from] item: Leftovers\n|-damage|p1a: Ferrothorn|8\/100|[from] move: Infestation|[partiallytrapped]\n|upkeep\n|turn|23\n|c| EGALombres|it may or may not be ovah\n|\n|t:|1611527562\n|move|p1a: Ferrothorn|Power Whip|p2a: Give Me a Pok\u00e9mon\n|-damage|p2a: Give Me a Pok\u00e9mon|14\/100\n|move|p2a: Give Me a Pok\u00e9mon|Rest|p2a: Give Me a Pok\u00e9mon\n|-status|p2a: Give Me a Pok\u00e9mon|slp|[from] move: Rest\n|-heal|p2a: Give Me a Pok\u00e9mon|100\/100 slp|[silent]\n|\n|-heal|p1a: Ferrothorn|14\/100|[from] item: Leftovers\n|-damage|p1a: Ferrothorn|1\/100|[from] move: Infestation|[partiallytrapped]\n|upkeep\n|turn|24\n|\n|t:|1611527565\n|move|p1a: Ferrothorn|Power Whip|p2a: Give Me a Pok\u00e9mon\n|-damage|p2a: Give Me a Pok\u00e9mon|82\/100 slp\n|cant|p2a: Give Me a Pok\u00e9mon|slp\n|\n|-heal|p1a: Ferrothorn|8\/100|[from] item: Leftovers\n|-damage|p1a: Ferrothorn|0 fnt|[from] move: Infestation|[partiallytrapped]\n|faint|p1a: Ferrothorn\n|upkeep\n|\n|t:|1611527567\n|switch|p1a: Tornadus|Tornadus-Therian, M|100\/100\n|turn|25\n|\n|t:|1611527576\n|move|p1a: Tornadus|Bulk Up|p1a: Tornadus\n|-boost|p1a: Tornadus|atk|1\n|-boost|p1a: Tornadus|def|1\n|cant|p2a: Give Me a Pok\u00e9mon|slp\n|\n|upkeep\n|turn|26\n|\n|t:|1611527578\n|move|p1a: Tornadus|Bulk Up|p1a: Tornadus\n|-boost|p1a: Tornadus|atk|1\n|-boost|p1a: Tornadus|def|1\n|-curestatus|p2a: Give Me a Pok\u00e9mon|slp|[msg]\n|move|p2a: Give Me a Pok\u00e9mon|Toxic|p1a: Tornadus\n|-status|p1a: Tornadus|tox\n|\n|-damage|p1a: Tornadus|94\/100 tox|[from] psn\n|upkeep\n|turn|27\n|\n|t:|1611527585\n|move|p1a: Tornadus|Superpower|p2a: Give Me a Pok\u00e9mon\n|-damage|p2a: Give Me a Pok\u00e9mon|69\/100\n|-unboost|p1a: Tornadus|atk|1\n|-unboost|p1a: Tornadus|def|1\n|move|p2a: Give Me a Pok\u00e9mon|Infestation|p1a: Tornadus\n|-resisted|p1a: Tornadus\n|-damage|p1a: Tornadus|94\/100 tox\n|-activate|p1a: Tornadus|move: Infestation|[of] p2a: Give Me a Pok\u00e9mon\n|\n|-damage|p1a: Tornadus|82\/100 tox|[from] psn\n|-damage|p1a: Tornadus|69\/100 tox|[from] move: Infestation|[partiallytrapped]\n|upkeep\n|turn|28\n|\n|t:|1611527590\n|move|p1a: Tornadus|Bulk Up|p1a: Tornadus\n|-boost|p1a: Tornadus|atk|1\n|-boost|p1a: Tornadus|def|1\n|move|p2a: Give Me a Pok\u00e9mon|Shell Smash|p2a: Give Me a Pok\u00e9mon\n|-boost|p2a: Give Me a Pok\u00e9mon|def|1\n|-boost|p2a: Give Me a Pok\u00e9mon|spd|1\n|-unboost|p2a: Give Me a Pok\u00e9mon|atk|0\n|-unboost|p2a: Give Me a Pok\u00e9mon|spa|0\n|-unboost|p2a: Give Me a Pok\u00e9mon|spe|0\n|\n|-damage|p1a: Tornadus|51\/100 tox|[from] psn\n|-damage|p1a: Tornadus|39\/100 tox|[from] move: Infestation|[partiallytrapped]\n|upkeep\n|turn|29\n|c|\u2606TehranTyphlosions|no plz\n|c|\u2606TehranTyphlosions|not like this\n|\n|t:|1611527594\n|move|p1a: Tornadus|Bulk Up|p1a: Tornadus\n|-boost|p1a: Tornadus|atk|1\n|-boost|p1a: Tornadus|def|1\n|move|p2a: Give Me a Pok\u00e9mon|Shell Smash|p2a: Give Me a Pok\u00e9mon\n|-boost|p2a: Give Me a Pok\u00e9mon|def|1\n|-boost|p2a: Give Me a Pok\u00e9mon|spd|1\n|-unboost|p2a: Give Me a Pok\u00e9mon|atk|0\n|-unboost|p2a: Give Me a Pok\u00e9mon|spa|0\n|-unboost|p2a: Give Me a Pok\u00e9mon|spe|0\n|\n|-damage|p1a: Tornadus|14\/100 tox|[from] psn\n|-damage|p1a: Tornadus|2\/100 tox|[from] move: Infestation|[partiallytrapped]\n|upkeep\n|-enditem|p1a: Tornadus|Salac Berry|[eat]\n|-boost|p1a: Tornadus|spe|1|[from] item: Salac Berry\n|turn|30\n|c| EGALombres|yo this aint looking too hot\n|\n|t:|1611527599\n|move|p1a: Tornadus|Acrobatics|p2a: Give Me a Pok\u00e9mon\n|-damage|p2a: Give Me a Pok\u00e9mon|52\/100\n|move|p2a: Give Me a Pok\u00e9mon|Infestation|p1a: Tornadus\n|-resisted|p1a: Tornadus\n|-damage|p1a: Tornadus|1\/100 tox\n|\n|-damage|p1a: Tornadus|0 fnt|[from] psn\n|faint|p1a: Tornadus\n|upkeep\n|\n|t:|1611527601\n|switch|p1a: Gengar|Gengar, M|100\/100\n|turn|31\n|\n|t:|1611527607\n|move|p1a: Gengar|Trick|p2a: Give Me a Pok\u00e9mon\n|-activate|p1a: Gengar|move: Trick|[of] p2a: Give Me a Pok\u00e9mon\n|-item|p2a: Give Me a Pok\u00e9mon|Black Sludge|[from] move: Trick\n|-enditem|p1a: Gengar|Black Sludge|[silent]|[from] move: Trick\n|move|p2a: Give Me a Pok\u00e9mon|Infestation|p1a: Gengar\n|-resisted|p1a: Gengar\n|-damage|p1a: Gengar|99\/100\n|-activate|p1a: Gengar|move: Infestation|[of] p2a: Give Me a Pok\u00e9mon\n|-start|p2a: Give Me a Pok\u00e9mon|Disable|Infestation|[from] ability: Cursed Body|[of] p1a: Gengar\n|\n|-damage|p2a: Give Me a Pok\u00e9mon|40\/100|[from] item: Black Sludge\n|-damage|p1a: Gengar|88\/100|[from] move: Infestation|[partiallytrapped]\n|upkeep\n|turn|32\n|\n|t:|1611527620\n|move|p1a: Gengar|Shadow Ball|p2a: Give Me a Pok\u00e9mon\n|-damage|p2a: Give Me a Pok\u00e9mon|32\/100\n|move|p2a: Give Me a Pok\u00e9mon|Toxic|p1a: Gengar\n|-immune|p1a: Gengar\n|\n|-damage|p2a: Give Me a Pok\u00e9mon|20\/100|[from] item: Black Sludge\n|-damage|p1a: Gengar|76\/100|[from] move: Infestation|[partiallytrapped]\n|upkeep\n|turn|33\n|\n|t:|1611527624\n|move|p1a: Gengar|Shadow Ball|p2a: Give Me a Pok\u00e9mon\n|-damage|p2a: Give Me a Pok\u00e9mon|12\/100\n|move|p2a: Give Me a Pok\u00e9mon|Rest|p2a: Give Me a Pok\u00e9mon\n|-status|p2a: Give Me a Pok\u00e9mon|slp|[from] move: Rest\n|-heal|p2a: Give Me a Pok\u00e9mon|100\/100 slp|[silent]\n|\n|-damage|p2a: Give Me a Pok\u00e9mon|88\/100 slp|[from] item: Black Sludge\n|-damage|p1a: Gengar|63\/100|[from] move: Infestation|[partiallytrapped]\n|upkeep\n|turn|34\n|\n|t:|1611527631\n|move|p1a: Gengar|Shadow Ball|p2a: Give Me a Pok\u00e9mon\n|-damage|p2a: Give Me a Pok\u00e9mon|81\/100 slp\n|cant|p2a: Give Me a Pok\u00e9mon|slp\n|\n|-damage|p2a: Give Me a Pok\u00e9mon|69\/100 slp|[from] item: Black Sludge\n|-damage|p1a: Gengar|51\/100|[from] move: Infestation|[partiallytrapped]\n|-end|p2a: Give Me a Pok\u00e9mon|Disable\n|upkeep\n|turn|35\n|c|\u2606TehranTyphlosions|gengr plz\n|\n|t:|1611527636\n|move|p1a: Gengar|Shadow Ball|p2a: Give Me a Pok\u00e9mon\n|-damage|p2a: Give Me a Pok\u00e9mon|61\/100 slp\n|cant|p2a: Give Me a Pok\u00e9mon|slp\n|\n|-damage|p2a: Give Me a Pok\u00e9mon|49\/100 slp|[from] item: Black Sludge\n|-end|p1a: Gengar|Infestation|[partiallytrapped]\n|upkeep\n|turn|36\n|c| EGALombres|this was a way to lose ur playoffs haha\n|\n|t:|1611527639\n|move|p1a: Gengar|Shadow Ball|p2a: Give Me a Pok\u00e9mon\n|-damage|p2a: Give Me a Pok\u00e9mon|41\/100 slp\n|-curestatus|p2a: Give Me a Pok\u00e9mon|slp|[msg]\n|move|p2a: Give Me a Pok\u00e9mon|Shell Smash|p2a: Give Me a Pok\u00e9mon\n|-boost|p2a: Give Me a Pok\u00e9mon|def|0\n|-boost|p2a: Give Me a Pok\u00e9mon|spd|0\n|-unboost|p2a: Give Me a Pok\u00e9mon|atk|0\n|-unboost|p2a: Give Me a Pok\u00e9mon|spa|0\n|-unboost|p2a: Give Me a Pok\u00e9mon|spe|0\n|\n|-damage|p2a: Give Me a Pok\u00e9mon|29\/100|[from] item: Black Sludge\n|upkeep\n|turn|37\n|c|\u2606TehranTyphlosions|crit plz\n|\n|t:|1611527656\n|move|p1a: Gengar|Shadow Ball|p2a: Give Me a Pok\u00e9mon\n|-damage|p2a: Give Me a Pok\u00e9mon|22\/100\n|move|p2a: Give Me a Pok\u00e9mon|Infestation|p1a: Gengar\n|-resisted|p1a: Gengar\n|-damage|p1a: Gengar|51\/100\n|-activate|p1a: Gengar|move: Infestation|[of] p2a: Give Me a Pok\u00e9mon\n|\n|-damage|p2a: Give Me a Pok\u00e9mon|10\/100|[from] item: Black Sludge\n|-damage|p1a: Gengar|38\/100|[from] move: Infestation|[partiallytrapped]\n|upkeep\n|turn|38\n|c| EGALombres|crit crit crit\n|\n|t:|1611527665\n|move|p1a: Gengar|Shadow Ball|p2a: Give Me a Pok\u00e9mon\n|-crit|p2a: Give Me a Pok\u00e9mon\n|-damage|p2a: Give Me a Pok\u00e9mon|0 fnt\n|faint|p2a: Give Me a Pok\u00e9mon\n|\n|-end|p1a: Gengar|Infestation|[partiallytrapped]|[silent]\n|upkeep\n|c| EGALombres|GO\n|\n|t:|1611527670\n|switch|p2a: Give Me a Pok\u00e9mon|Tapu Koko|100\/100\n|-fieldstart|move: Electric Terrain|[from] ability: Electric Surge|[of] p2a: Give Me a Pok\u00e9mon\n|turn|39\n|c| EGALombres|I CALLED IT\n|\n|t:|1611527672\n|move|p2a: Give Me a Pok\u00e9mon|Calm Mind|p2a: Give Me a Pok\u00e9mon\n|-boost|p2a: Give Me a Pok\u00e9mon|spa|1\n|-boost|p2a: Give Me a Pok\u00e9mon|spd|1\n|move|p1a: Gengar|Sludge Wave|p2a: Give Me a Pok\u00e9mon\n|-supereffective|p2a: Give Me a Pok\u00e9mon\n|-damage|p2a: Give Me a Pok\u00e9mon|19\/100\n|\n|upkeep\n|turn|40\n|c| EGALombres|IM BUILT COOL\n|\n|t:|1611527677\n|move|p2a: Give Me a Pok\u00e9mon|Stored Power|p1a: Gengar\n|-supereffective|p1a: Gengar\n|-damage|p1a: Gengar|0 fnt\n|faint|p1a: Gengar\n|\n|win|ASword6\n|l| PorygonTheBot\n|c|\u2606TehranTyphlosions|kill is cringe\n|c|\u2606ASword6|lollll\n|c|\u2606ASword6|gg\n|c|\u2606TehranTyphlosions|lmao \n|c|\u2606TehranTyphlosions|gg\n|l|\u2606TehranTyphlosions\n","uploadtime":1611527678,"views":23,"p1id":"tehrantyphlosions","p2id":"asword6","formatid":"gen8nationaldexdlclegacy","rating":0,"private":0,"password":null}