{"id":"ubers-253927642","p1":"ThatOneEmoGamer","p2":"The Teal Scizor","format":"ubers","log":"|join|ThatOneEmoGamer\n|join|The Teal Scizor\n|player|p1|ThatOneEmoGamer|1\n|player|p2|The Teal Scizor|270\n|gametype|singles\n|gen|6\n|tier|Ubers\n|rule|Swagger Clause: Swagger is banned\n|clearpoke\n|poke|p1|Volcarona, M\n|poke|p1|Scizor, F\n|poke|p1|Drapion, M\n|poke|p1|Pinsir, M\n|poke|p1|Armaldo, F\n|poke|p1|Galvantula, F\n|poke|p2|Weavile, M\n|poke|p2|Houndoom, M\n|poke|p2|Krookodile, M\n|poke|p2|Darkrai, shiny\n|poke|p2|Mantine, M\n|poke|p2|Feraligatr, M, shiny\n|rule|Mega Rayquaza Clause: You cannot mega evolve Rayquaza\n|rule|Sleep Clause Mod: Limit one foe put to sleep\n|rule|Species Clause: Limit one of each Pok\u00e9mon\n|rule|OHKO Clause: OHKO moves are banned\n|rule|Moody Clause: Moody is banned\n|rule|Evasion Moves Clause: Evasion moves are banned\n|rule|Endless Battle Clause: Forcing endless battles is banned\n|rule|HP Percentage Mod: HP is shown in percentages\n|teampreview\n|c|\u2605The Teal Scizor|gl hf\n|c|\u2605The Teal Scizor|no had plz\n|c|\u2605The Teal Scizor|*hax\n|c|\u2605ThatOneEmoGamer|But nevermind that, its time firba rematch. Ixwish you good luck.\n|c|\u2605ThatOneEmoGamer|For a*\n|c|\u2605The Teal Scizor|U2 friend\n|c|\u2605ThatOneEmoGamer|And okay.\n|c|\u2605ThatOneEmoGamer|Friend.\n|\n|start\n|switch|p1a: Galvantula|Galvantula, F|281\/281\n|switch|p2a: Hades|Houndoom, M|291\/291\n|turn|1\n|\n|detailschange|p2a: Hades|Houndoom-Mega, M\n|-mega|p2a: Hades|Houndoom|Houndoominite\n|move|p1a: Galvantula|Bug Buzz|p2a: Hades\n|-damage|p2a: Hades|110\/291\n|-damage|p1a: Galvantula|253\/281|[from] item: Life Orb\n|move|p2a: Hades|Flamethrower|p1a: Galvantula\n|-supereffective|p1a: Galvantula\n|-damage|p1a: Galvantula|0 fnt\n|faint|p1a: Galvantula\n|\n|\n|switch|p1a: Armaldo|Armaldo, F|353\/353\n|turn|2\n|\n|switch|p2a: Zorro|Krookodile, M|394\/394\n|-ability|p2a: Zorro|Intimidate\n|-unboost|p1a: Armaldo|atk|1\n|move|p1a: Armaldo|Aqua Jet|p2a: Zorro\n|-supereffective|p2a: Zorro\n|-damage|p2a: Zorro|340\/394\n|\n|-heal|p2a: Zorro|364\/394|[from] item: Leftovers\n|turn|3\n|\n|move|p2a: Zorro|Toxic|p1a: Armaldo|[miss]\n|-miss|p2a: Zorro|p1a: Armaldo\n|move|p1a: Armaldo|Knock Off|p2a: Zorro\n|-resisted|p2a: Zorro\n|-damage|p2a: Zorro|330\/394\n|-enditem|p2a: Zorro|Leftovers|[from] move: Knock Off|[of] p1a: Armaldo\n|\n|turn|4\n|\n|switch|p1a: Scizor|Scizor, F|316\/316\n|move|p2a: Zorro|Toxic|p1a: Scizor\n|-immune|p1a: Scizor|[msg]\n|\n|turn|5\n|c|\u2605The Teal Scizor|already >.<\n|\n|move|p2a: Zorro|Stealth Rock|p1a: Scizor\n|-sidestart|p1: ThatOneEmoGamer|move: Stealth Rock\n|move|p1a: Scizor|Pursuit|p2a: Zorro\n|-resisted|p2a: Zorro\n|-damage|p2a: Zorro|305\/394\n|\n|turn|6\n|\n|move|p2a: Zorro|Taunt|p1a: Scizor\n|-start|p1a: Scizor|move: Taunt\n|move|p1a: Scizor|Bug Bite|p2a: Zorro\n|-supereffective|p2a: Zorro\n|-damage|p2a: Zorro|51\/394\n|\n|turn|7\n|\n|switch|p2a: yung kyogre|Mantine, M|334\/334\n|move|p1a: Scizor|Bullet Punch|p2a: yung kyogre\n|-crit|p2a: yung kyogre\n|-resisted|p2a: yung kyogre\n|-damage|p2a: yung kyogre|232\/334\n|\n|-heal|p2a: yung kyogre|252\/334|[from] item: Leftovers\n|turn|8\n|c|\u2605The Teal Scizor|:)\n|c|\u2605The Teal Scizor|:(\n|\n|switch|p1a: Drapion|Drapion, M|294\/294\n|-damage|p1a: Drapion|258\/294|[from] Stealth Rock\n|move|p2a: yung kyogre|Scald|p1a: Drapion\n|-damage|p1a: Drapion|155\/294\n|-status|p1a: Drapion|brn\n|\n|-heal|p2a: yung kyogre|272\/334|[from] item: Leftovers\n|-damage|p1a: Drapion|119\/294 brn|[from] brn\n|-enditem|p1a: Drapion|Sitrus Berry|[eat]\n|-heal|p1a: Drapion|192\/294 brn|[from] item: Sitrus Berry\n|turn|9\n|c|\u2605ThatOneEmoGamer|Goddammit with the burn.\n|c|\u2605The Teal Scizor|sorry\n|\n|switch|p2a: Zorro|Krookodile, M|51\/394\n|-ability|p2a: Zorro|Intimidate\n|-unboost|p1a: Drapion|atk|1\n|move|p1a: Drapion|Taunt|p2a: Zorro\n|-start|p2a: Zorro|move: Taunt\n|\n|-damage|p1a: Drapion|156\/294 brn|[from] brn\n|turn|10\n|c|\u2605ThatOneEmoGamer|No it's fine, its just part of the gsme.\n|\n|move|p1a: Drapion|Night Slash|p2a: Zorro\n|-resisted|p2a: Zorro\n|-damage|p2a: Zorro|36\/394\n|move|p2a: Zorro|Earthquake|p1a: Drapion\n|-supereffective|p1a: Drapion\n|-damage|p1a: Drapion|0 fnt\n|faint|p1a: Drapion\n|\n|\n|switch|p1a: Scizor|Scizor, F|316\/316\n|-damage|p1a: Scizor|277\/316|[from] Stealth Rock\n|turn|11\n|\n|switch|p2a: Hades|Houndoom-Mega, M|110\/291\n|move|p1a: Scizor|Bullet Punch|p2a: Hades\n|-resisted|p2a: Hades\n|-damage|p2a: Hades|59\/291\n|\n|turn|12\n|\n|move|p1a: Scizor|Bullet Punch|p2a: Hades\n|-resisted|p2a: Hades\n|-damage|p2a: Hades|2\/291\n|move|p2a: Hades|Flamethrower|p1a: Scizor\n|-supereffective|p1a: Scizor\n|-damage|p1a: Scizor|0 fnt\n|faint|p1a: Scizor\n|\n|\n|switch|p1a: Armaldo|Armaldo, F|353\/353\n|-damage|p1a: Armaldo|265\/353|[from] Stealth Rock\n|turn|13\n|\n|switch|p2a: Zorro|Krookodile, M|36\/394\n|-ability|p2a: Zorro|Intimidate\n|-unboost|p1a: Armaldo|atk|1\n|move|p1a: Armaldo|Aqua Jet|p2a: Zorro\n|-supereffective|p2a: Zorro\n|-damage|p2a: Zorro|0 fnt\n|faint|p2a: Zorro\n|\n|\n|switch|p2a: Gatorade|Feraligatr, M, shiny|311\/311\n|turn|14\n|\n|move|p2a: Gatorade|Waterfall|p1a: Armaldo\n|-supereffective|p1a: Armaldo\n|-damage|p1a: Armaldo|0 fnt\n|-damage|p2a: Gatorade|260\/311|[from] item: Rocky Helmet|[of] p1a: Armaldo\n|faint|p1a: Armaldo\n|\n|\n|switch|p1a: Pinsir|Pinsir, M|296\/296\n|-damage|p1a: Pinsir|222\/296|[from] Stealth Rock\n|turn|15\n|\n|detailschange|p1a: Pinsir|Pinsir-Mega, M\n|-mega|p1a: Pinsir|Pinsir|Pinsirite\n|move|p2a: Gatorade|Ice Punch|p1a: Pinsir\n|-crit|p1a: Pinsir\n|-supereffective|p1a: Pinsir\n|-damage|p1a: Pinsir|0 fnt\n|faint|p1a: Pinsir\n|\n|c|\u2605ThatOneEmoGamer|Damn, i suck at this.\n|\n|switch|p1a: Volcarona|Volcarona, M|361\/361\n|-damage|p1a: Volcarona|181\/361|[from] Stealth Rock\n|turn|16\n|\n|move|p2a: Gatorade|Dragon Dance|p2a: Gatorade\n|-boost|p2a: Gatorade|atk|1\n|-boost|p2a: Gatorade|spe|1\n|move|p1a: Volcarona|Bug Buzz|p2a: Gatorade\n|-damage|p2a: Gatorade|95\/311\n|\n|-heal|p1a: Volcarona|203\/361|[from] item: Leftovers\n|turn|17\n|\n|move|p2a: Gatorade|Waterfall|p1a: Volcarona\n|-supereffective|p1a: Volcarona\n|-damage|p1a: Volcarona|0 fnt\n|faint|p1a: Volcarona\n|\n|win|The Teal Scizor\n|c|\u2605The Teal Scizor|gg\n|c|\u2605ThatOneEmoGamer|Good game.\n|leave|ThatOneEmoGamer\n|player|p1","inputlog":null,"uploadtime":1438126707,"views":3,"p1id":"thatoneemogamer","p2id":"thetealscizor","formatid":"ubers","rating":0,"private":0,"password":null}