{"id":"ubers-251180368","p1":"The Teal Scizor","p2":"Afonso2","format":"ubers","log":"|join|The Teal Scizor\n|join|Afonso2\n|player|p1|The Teal Scizor|168\n|player|p2|Afonso2|265\n|gametype|singles\n|gen|6\n|tier|Ubers\n|rule|Swagger Clause: Swagger is banned\n|clearpoke\n|poke|p1|Greninja, M\n|poke|p1|Slowbro, M, shiny\n|poke|p1|Mantine, F\n|poke|p1|Feraligatr, M, shiny\n|poke|p1|Swampert, F\n|poke|p1|Gyarados, F, shiny\n|poke|p2|Aerodactyl, F\n|poke|p2|Crobat, F\n|poke|p2|Gyarados, M\n|poke|p2|Gliscor, F\n|poke|p2|Jumpluff, F\n|poke|p2|Talonflame, F\n|rule|Mega Rayquaza Clause: You cannot mega evolve Rayquaza\n|rule|Sleep Clause Mod: Limit one foe put to sleep\n|rule|Species Clause: Limit one of each Pok\u00e9mon\n|rule|OHKO Clause: OHKO moves are banned\n|rule|Moody Clause: Moody is banned\n|rule|Evasion Moves Clause: Evasion moves are banned\n|rule|Endless Battle Clause: Forcing endless battles is banned\n|rule|HP Percentage Mod: HP is shown in percentages\n|teampreview\n|\n|start\n|switch|p1a: Pe^Rt|Swampert, F|404\/404\n|switch|p2a: Jumpluff|Jumpluff, F|328\/328\n|turn|1\n|\n|switch|p1a: Skee|Mantine, F|334\/334\n|move|p2a: Jumpluff|Energy Ball|p1a: Skee\n|-crit|p1a: Skee\n|-damage|p1a: Skee|277\/334\n|-unboost|p1a: Skee|spd|1\n|\n|-heal|p1a: Skee|297\/334|[from] item: Leftovers\n|turn|2\n|\n|move|p2a: Jumpluff|Leech Seed|p1a: Skee|[miss]\n|-miss|p2a: Jumpluff|p1a: Skee\n|move|p1a: Skee|Toxic|p2a: Jumpluff\n|-status|p2a: Jumpluff|tox\n|\n|-heal|p1a: Skee|317\/334|[from] item: Leftovers\n|-damage|p2a: Jumpluff|308\/328 tox|[from] psn\n|turn|3\n|\n|move|p2a: Jumpluff|Aromatherapy|p2a: Jumpluff\n|-cureteam|p2a: Jumpluff|[from] move: Aromatherapy\n|move|p1a: Skee|Air Slash|p2a: Jumpluff\n|-supereffective|p2a: Jumpluff\n|-damage|p2a: Jumpluff|194\/328\n|\n|-heal|p2a: Jumpluff|214\/328|[from] item: Leftovers\n|-heal|p1a: Skee|334\/334|[from] item: Leftovers\n|turn|4\n|\n|move|p2a: Jumpluff|Leech Seed|p1a: Skee\n|-start|p1a: Skee|move: Leech Seed\n|move|p1a: Skee|Air Slash|p2a: Jumpluff\n|-supereffective|p2a: Jumpluff\n|-damage|p2a: Jumpluff|104\/328\n|\n|-heal|p2a: Jumpluff|124\/328|[from] item: Leftovers\n|-damage|p1a: Skee|293\/334|[from] Leech Seed|[of] p2a: Jumpluff\n|-heal|p2a: Jumpluff|165\/328|[silent]\n|turn|5\n|\n|switch|p2a: Aerodactyl|Aerodactyl, F|301\/301\n|move|p1a: Skee|Toxic|p2a: Aerodactyl\n|-status|p2a: Aerodactyl|tox\n|\n|-heal|p1a: Skee|313\/334|[from] item: Leftovers\n|-damage|p1a: Skee|272\/334|[from] Leech Seed|[of] p2a: Aerodactyl\n|-damage|p2a: Aerodactyl|283\/301 tox|[from] psn\n|turn|6\n|\n|switch|p1a: Pe^Rt|Swampert, F|404\/404\n|detailschange|p2a: Aerodactyl|Aerodactyl-Mega, F\n|-mega|p2a: Aerodactyl|Aerodactyl|Aerodactylite\n|move|p2a: Aerodactyl|Rock Slide|p1a: Pe^Rt\n|-resisted|p1a: Pe^Rt\n|-damage|p1a: Pe^Rt|354\/404\n|\n|-heal|p1a: Pe^Rt|379\/404|[from] item: Leftovers\n|-damage|p2a: Aerodactyl|247\/301 tox|[from] psn\n|turn|7\n|c|\u2605The Teal Scizor|yo\n|c|\u2605Afonso2|Yo\n|\n|switch|p2a: Jumpluff|Jumpluff, F|165\/328\n|move|p1a: Pe^Rt|Stealth Rock|p2a: Jumpluff\n|-sidestart|p2: Afonso2|move: Stealth Rock\n|\n|-heal|p2a: Jumpluff|185\/328|[from] item: Leftovers\n|-heal|p1a: Pe^Rt|404\/404|[from] item: Leftovers\n|turn|8\n|\n|switch|p1a: RAGE|Gyarados, F, shiny|331\/331\n|-ability|p1a: RAGE|Intimidate|[of] p2a: Jumpluff\n|-unboost|p2a: Jumpluff|atk|1\n|move|p2a: Jumpluff|Energy Ball|p1a: RAGE\n|-damage|p1a: RAGE|261\/331\n|\n|-heal|p1a: RAGE|281\/331|[from] item: Leftovers\n|-heal|p2a: Jumpluff|205\/328|[from] item: Leftovers\n|turn|9\n|\n|move|p1a: RAGE|Substitute|p1a: RAGE\n|-start|p1a: RAGE|Substitute\n|-damage|p1a: RAGE|199\/331\n|move|p2a: Jumpluff|Cotton Guard|p2a: Jumpluff\n|-boost|p2a: Jumpluff|def|3\n|\n|-heal|p1a: RAGE|219\/331|[from] item: Leftovers\n|-heal|p2a: Jumpluff|225\/328|[from] item: Leftovers\n|turn|10\n|\n|move|p1a: RAGE|Dragon Dance|p1a: RAGE\n|-boost|p1a: RAGE|atk|1\n|-boost|p1a: RAGE|spe|1\n|move|p2a: Jumpluff|Energy Ball|p1a: RAGE\n|-activate|p1a: RAGE|Substitute|[damage]\n|\n|-heal|p1a: RAGE|239\/331|[from] item: Leftovers\n|-heal|p2a: Jumpluff|245\/328|[from] item: Leftovers\n|turn|11\n|\n|move|p1a: RAGE|Dragon Dance|p1a: RAGE\n|-boost|p1a: RAGE|atk|1\n|-boost|p1a: RAGE|spe|1\n|move|p2a: Jumpluff|Energy Ball|p1a: RAGE\n|-end|p1a: RAGE|Substitute\n|\n|-heal|p1a: RAGE|259\/331|[from] item: Leftovers\n|-heal|p2a: Jumpluff|265\/328|[from] item: Leftovers\n|turn|12\n|\n|move|p1a: RAGE|Substitute|p1a: RAGE\n|-start|p1a: RAGE|Substitute\n|-damage|p1a: RAGE|177\/331\n|move|p2a: Jumpluff|Cotton Guard|p2a: Jumpluff\n|-boost|p2a: Jumpluff|def|3\n|\n|-heal|p1a: RAGE|197\/331|[from] item: Leftovers\n|-heal|p2a: Jumpluff|285\/328|[from] item: Leftovers\n|turn|13\n|\n|move|p1a: RAGE|Dragon Dance|p1a: RAGE\n|-boost|p1a: RAGE|atk|1\n|-boost|p1a: RAGE|spe|1\n|move|p2a: Jumpluff|Energy Ball|p1a: RAGE\n|-activate|p1a: RAGE|Substitute|[damage]\n|\n|-heal|p1a: RAGE|217\/331|[from] item: Leftovers\n|-heal|p2a: Jumpluff|305\/328|[from] item: Leftovers\n|turn|14\n|\n|move|p1a: RAGE|Dragon Dance|p1a: RAGE\n|-boost|p1a: RAGE|atk|1\n|-boost|p1a: RAGE|spe|1\n|move|p2a: Jumpluff|Energy Ball|p1a: RAGE\n|-end|p1a: RAGE|Substitute\n|\n|-heal|p1a: RAGE|237\/331|[from] item: Leftovers\n|-heal|p2a: Jumpluff|325\/328|[from] item: Leftovers\n|turn|15\n|\n|move|p1a: RAGE|Substitute|p1a: RAGE\n|-start|p1a: RAGE|Substitute\n|-damage|p1a: RAGE|155\/331\n|move|p2a: Jumpluff|Energy Ball|p1a: RAGE\n|-activate|p1a: RAGE|Substitute|[damage]\n|\n|-heal|p1a: RAGE|175\/331|[from] item: Leftovers\n|-heal|p2a: Jumpluff|328\/328|[from] item: Leftovers\n|turn|16\n|\n|move|p1a: RAGE|Bounce|p2a: Jumpluff|[still]\n|-prepare|p1a: RAGE|Bounce|p2a: Jumpluff\n|move|p2a: Jumpluff|Energy Ball|p1a: RAGE|[miss]\n|-miss|p2a: Jumpluff|p1a: RAGE\n|\n|-heal|p1a: RAGE|195\/331|[from] item: Leftovers\n|turn|17\n|\n|move|p1a: RAGE|Bounce|p2a: Jumpluff\n|-supereffective|p2a: Jumpluff\n|-damage|p2a: Jumpluff|46\/328\n|-status|p2a: Jumpluff|par\n|move|p2a: Jumpluff|Energy Ball|p1a: RAGE\n|-end|p1a: RAGE|Substitute\n|\n|-heal|p1a: RAGE|215\/331|[from] item: Leftovers\n|-heal|p2a: Jumpluff|66\/328 par|[from] item: Leftovers\n|turn|18\n|\n|move|p1a: RAGE|Substitute|p1a: RAGE\n|-start|p1a: RAGE|Substitute\n|-damage|p1a: RAGE|133\/331\n|cant|p2a: Jumpluff|par\n|\n|-heal|p1a: RAGE|153\/331|[from] item: Leftovers\n|-heal|p2a: Jumpluff|86\/328 par|[from] item: Leftovers\n|turn|19\n|c|\u2605The Teal Scizor|gg\n|c|\u2605Afonso2|Why?\n|\n|move|p1a: RAGE|Waterfall|p2a: Jumpluff\n|-resisted|p2a: Jumpluff\n|-damage|p2a: Jumpluff|24\/328 par\n|move|p2a: Jumpluff|Energy Ball|p1a: RAGE\n|-activate|p1a: RAGE|Substitute|[damage]\n|\n|-heal|p1a: RAGE|173\/331|[from] item: Leftovers\n|-heal|p2a: Jumpluff|44\/328 par|[from] item: Leftovers\n|turn|20\n|\n|move|p1a: RAGE|Waterfall|p2a: Jumpluff\n|-resisted|p2a: Jumpluff\n|-damage|p2a: Jumpluff|0 fnt\n|faint|p2a: Jumpluff\n|\n|-heal|p1a: RAGE|193\/331|[from] item: Leftovers\n|\n|switch|p2a: Crobat|Crobat, F|311\/311\n|-damage|p2a: Crobat|234\/311|[from] Stealth Rock\n|turn|21\n|\n|move|p1a: RAGE|Waterfall|p2a: Crobat\n|-crit|p2a: Crobat\n|-damage|p2a: Crobat|0 fnt\n|faint|p2a: Crobat\n|\n|-heal|p1a: RAGE|213\/331|[from] item: Leftovers\n|\n|switch|p2a: Talonflame|Talonflame, F|297\/297\n|-damage|p2a: Talonflame|149\/297|[from] Stealth Rock\n|turn|22\n|\n|move|p2a: Talonflame|Acrobatics|p1a: RAGE\n|-end|p1a: RAGE|Substitute\n|move|p1a: RAGE|Waterfall|p2a: Talonflame\n|-crit|p2a: Talonflame\n|-supereffective|p2a: Talonflame\n|-damage|p2a: Talonflame|0 fnt\n|faint|p2a: Talonflame\n|\n|-heal|p1a: RAGE|233\/331|[from] item: Leftovers\n|\n|switch|p2a: Aerodactyl|Aerodactyl-Mega, F|247\/301 tox\n|-damage|p2a: Aerodactyl|172\/301 tox|[from] Stealth Rock\n|turn|23\n|\n|move|p1a: RAGE|Waterfall|p2a: Aerodactyl\n|-supereffective|p2a: Aerodactyl\n|-damage|p2a: Aerodactyl|0 fnt\n|faint|p2a: Aerodactyl\n|\n|-heal|p1a: RAGE|253\/331|[from] item: Leftovers\n|\n|switch|p2a: Gliscor|Gliscor, F|337\/337\n|-damage|p2a: Gliscor|295\/337|[from] Stealth Rock\n|turn|24\n|\n|move|p2a: Gliscor|Protect|p2a: Gliscor\n|-singleturn|p2a: Gliscor|Protect\n|move|p1a: RAGE|Waterfall|p2a: Gliscor\n|-activate|p2a: Gliscor|Protect\n|\n|-heal|p1a: RAGE|273\/331|[from] item: Leftovers\n|-status|p2a: Gliscor|tox|[from] item: Toxic Orb\n|turn|25\n|\n|move|p1a: RAGE|Waterfall|p2a: Gliscor\n|-supereffective|p2a: Gliscor\n|-damage|p2a: Gliscor|0 fnt\n|faint|p2a: Gliscor\n|\n|-heal|p1a: RAGE|293\/331|[from] item: Leftovers\n|\n|switch|p2a: Gyarados|Gyarados, M|353\/353\n|-damage|p2a: Gyarados|265\/353|[from] Stealth Rock\n|turn|26\n|\n|move|p1a: RAGE|Bounce|p2a: Gyarados|[still]\n|-prepare|p1a: RAGE|Bounce|p2a: Gyarados\n|move|p2a: Gyarados|Outrage|p1a: RAGE|[miss]\n|-miss|p2a: Gyarados|p1a: RAGE\n|\n|-heal|p1a: RAGE|313\/331|[from] item: Leftovers\n|turn|27\n|\n|move|p1a: RAGE|Bounce|p2a: Gyarados|[miss]\n|-miss|p1a: RAGE|p2a: Gyarados\n|move|p2a: Gyarados|Outrage|p1a: RAGE\n|-damage|p1a: RAGE|85\/331\n|\n|-heal|p1a: RAGE|105\/331|[from] item: Leftovers\n|turn|28\n|\n|move|p1a: RAGE|Bounce|p2a: Gyarados|[still]\n|-prepare|p1a: RAGE|Bounce|p2a: Gyarados\n|move|p2a: Gyarados|Outrage|p1a: RAGE|[miss]\n|-miss|p2a: Gyarados|p1a: RAGE\n|-start|p2a: Gyarados|confusion|[fatigue]\n|\n|-heal|p1a: RAGE|125\/331|[from] item: Leftovers\n|turn|29\n|\n|move|p1a: RAGE|Bounce|p2a: Gyarados|[miss]\n|-miss|p1a: RAGE|p2a: Gyarados\n|-activate|p2a: Gyarados|confusion\n|move|p2a: Gyarados|Outrage|p1a: RAGE\n|-crit|p1a: RAGE\n|-damage|p1a: RAGE|0 fnt\n|faint|p1a: RAGE\n|-boost|p2a: Gyarados|atk|1|[from] ability: Moxie\n|\n|\n|switch|p1a: Smogon Frog|Greninja, M|285\/285\n|turn|30\n|c|\u2605Afonso2|LOL\n|\n|move|p1a: Smogon Frog|Ice Beam|p2a: Gyarados\n|-start|p1a: Smogon Frog|typechange|Ice|[from] Protean\n|-damage|p2a: Gyarados|96\/353\n|-damage|p1a: Smogon Frog|257\/285|[from] item: Life Orb\n|-activate|p2a: Gyarados|confusion\n|move|p2a: Gyarados|Outrage|p1a: Smogon Frog\n|-crit|p1a: Smogon Frog\n|-damage|p1a: Smogon Frog|0 fnt\n|faint|p1a: Smogon Frog\n|-boost|p2a: Gyarados|atk|1|[from] ability: Moxie\n|\n|c|\u2605Afonso2|2 kills :3\n|\n|switch|p1a: Slowbruh|Slowbro, M, shiny|331\/331\n|turn|31\n|\n|detailschange|p1a: Slowbruh|Slowbro-Mega, M, shiny\n|-mega|p1a: Slowbruh|Slowbro|Slowbronite\n|-activate|p2a: Gyarados|confusion\n|move|p2a: Gyarados|Outrage|p1a: Slowbruh\n|-damage|p1a: Slowbruh|111\/331\n|move|p1a: Slowbruh|Ice Beam|p2a: Gyarados\n|-damage|p2a: Gyarados|0 fnt\n|faint|p2a: Gyarados\n|\n|win|The Teal Scizor\n|leave|Afonso2","inputlog":null,"uploadtime":1437337715,"views":2,"p1id":"thetealscizor","p2id":"afonso2","formatid":"ubers","rating":0,"private":0,"password":null}