{"id":"ubers-479377107","p1":"therockcena","p2":"KHAZIXSTAN","format":"ubers","log":"|j|therockcena\n|j|KHAZIXSTAN\n|player|p1|therockcena|101\n|player|p2|KHAZIXSTAN|64\n|gametype|singles\n|gen|6\n|tier|Ubers\n|rated\n|seed|43212,17572,33769,43928\n|rule|Swagger Clause: Swagger is banned\n|clearpoke\n|poke|p1|Sableye, M|item\n|poke|p1|Kyogre|item\n|poke|p1|Ho-Oh|item\n|poke|p1|Darkrai|item\n|poke|p1|Lugia|item\n|poke|p1|Groudon|item\n|poke|p2|Blaziken, F, shiny|item\n|poke|p2|Greninja, M|item\n|poke|p2|Groudon, shiny|item\n|poke|p2|Kyogre, shiny|item\n|poke|p2|Darkrai|item\n|poke|p2|Ditto|item\n|rule|Mega Rayquaza Clause: You cannot mega evolve Rayquaza\n|rule|Sleep Clause Mod: Limit one foe put to sleep\n|rule|Species Clause: Limit one of each Pok\u00e9mon\n|rule|OHKO Clause: OHKO moves are banned\n|rule|Moody Clause: Moody is banned\n|rule|Evasion Moves Clause: Evasion moves are banned\n|rule|Endless Battle Clause: Forcing endless battles is banned\n|rule|HP Percentage Mod: HP is shown in percentages\n|teampreview\n|choice|team 4, team 2, team 3, team 1, team 5, team 6|team 3, team 2, team 1, team 4, team 5, team 6\n|\n|start\n|switch|p1a: Darkrai|Darkrai|282\/282\n|switch|p2a: Groudon|Groudon, shiny|404\/404\n|detailschange|p2a: Groudon|Groudon-Primal, shiny\n|-primal|p2a: Groudon\n|-weather|DesolateLand|[from] ability: Desolate Land|[of] p2a: Groudon\n|turn|1\n|choice|move darkvoid|move stealthrock\n|\n|move|p1a: Darkrai|Dark Void|p2a: Groudon\n|-status|p2a: Groudon|slp\n|cant|p2a: Groudon|slp\n|\n|-weather|DesolateLand|[upkeep]\n|-damage|p2a: Groudon|354\/404 slp|[from] ability: Bad Dreams|[of] p1a: Darkrai\n|turn|2\n|choice|move nastyplot|switch 3\n|\n|-weather|none\n|switch|p2a: Blaziken|Blaziken, F, shiny|301\/301\n|move|p1a: Darkrai|Nasty Plot|p1a: Darkrai\n|-boost|p1a: Darkrai|spa|2\n|\n|turn|3\n|choice|move darkpulse|move protect mega\n|\n|detailschange|p2a: Blaziken|Blaziken-Mega, F, shiny\n|-mega|p2a: Blaziken|Blaziken|Blazikenite\n|move|p2a: Blaziken|Protect|p2a: Blaziken\n|-singleturn|p2a: Blaziken|Protect\n|move|p1a: Darkrai|Dark Pulse|p2a: Blaziken\n|-activate|p2a: Blaziken|move: Protect\n|\n|-ability|p2a: Blaziken|Speed Boost|boost\n|-boost|p2a: Blaziken|spe|1\n|turn|4\n|choice|move darkpulse|move highjumpkick\n|\n|move|p2a: Blaziken|High Jump Kick|p1a: Darkrai|[miss]\n|-miss|p2a: Blaziken|p1a: Darkrai\n|-damage|p2a: Blaziken|151\/301|[from] highjumpkick\n|move|p1a: Darkrai|Dark Pulse|p2a: Blaziken\n|-resisted|p2a: Blaziken\n|-damage|p2a: Blaziken|0 fnt\n|faint|p2a: Blaziken\n|\n|choice||switch 6\n|\n|switch|p2a: Ditto|Ditto|299\/299\n|-transform|p2a: Ditto|p1a: Darkrai|[from] ability: Imposter\n|turn|5\n|choice|move darkpulse|move sludgebomb\n|\n|move|p2a: Ditto|Sludge Bomb|p1a: Darkrai\n|-damage|p1a: Darkrai|23\/282\n|move|p1a: Darkrai|Dark Pulse|p2a: Ditto\n|-resisted|p2a: Ditto\n|-damage|p2a: Ditto|126\/299\n|\n|turn|6\n|choice|move darkpulse|move sludgebomb\n|\n|move|p2a: Ditto|Sludge Bomb|p1a: Darkrai\n|-damage|p1a: Darkrai|0 fnt\n|faint|p1a: Darkrai\n|\n|choice|switch 2|\n|\n|switch|p1a: Kyogre|Kyogre|404\/404\n|detailschange|p1a: Kyogre|Kyogre-Primal\n|-primal|p1a: Kyogre\n|-weather|PrimordialSea|[from] ability: Primordial Sea|[of] p1a: Kyogre\n|turn|7\n|choice|move thunder|move sludgebomb\n|\n|move|p2a: Ditto|Sludge Bomb|p1a: Kyogre\n|-damage|p1a: Kyogre|232\/404\n|move|p1a: Kyogre|Thunder|p2a: Ditto\n|-damage|p2a: Ditto|0 fnt\n|faint|p2a: Ditto\n|\n|-weather|PrimordialSea|[upkeep]\n|choice||switch 3\n|\n|switch|p2a: Groudon|Groudon-Primal, shiny|354\/404 slp\n|-weather|DesolateLand|[from] ability: Desolate Land|[of] p2a: Groudon\n|turn|8\n|choice|switch 3|move stoneedge\n|\n|switch|p1a: Ho-Oh|Ho-Oh|407\/407\n|-curestatus|p2a: Groudon|slp|[msg]\n|move|p2a: Groudon|Stone Edge|p1a: Ho-Oh\n|-supereffective|p1a: Ho-Oh\n|-damage|p1a: Ho-Oh|0 fnt\n|faint|p1a: Ho-Oh\n|\n|-weather|DesolateLand|[upkeep]\n|choice|switch 3|\n|\n|switch|p1a: Kyogre|Kyogre-Primal|232\/404\n|-weather|PrimordialSea|[from] ability: Primordial Sea|[of] p1a: Kyogre\n|turn|9\n|choice|move originpulse|switch 2\n|\n|switch|p2a: Greninja|Greninja, M|285\/285\n|move|p1a: Kyogre|Origin Pulse|p2a: Greninja\n|-resisted|p2a: Greninja\n|-crit|p2a: Greninja\n|-damage|p2a: Greninja|0 fnt\n|faint|p2a: Greninja\n|\n|-weather|PrimordialSea|[upkeep]\n|choice||switch 2\n|\n|switch|p2a: Groudon|Groudon-Primal, shiny|354\/404\n|-weather|DesolateLand|[from] ability: Desolate Land|[of] p2a: Groudon\n|turn|10\n|choice|switch 4|move stoneedge\n|\n|switch|p1a: Sableye|Sableye, M|304\/304\n|move|p2a: Groudon|Stone Edge|p1a: Sableye|[miss]\n|-miss|p2a: Groudon|p1a: Sableye\n|\n|-weather|DesolateLand|[upkeep]\n|turn|11\n|choice|switch 4|move firepunch\n|\n|switch|p1a: Kyogre|Kyogre-Primal|232\/404\n|-weather|PrimordialSea|[from] ability: Primordial Sea|[of] p1a: Kyogre\n|move|p2a: Groudon|Fire Punch|p1a: Kyogre\n|-fail|p1a: Kyogre|Fire Punch|[from] Primordial Sea\n|\n|-weather|PrimordialSea|[upkeep]\n|turn|12\n|choice|move thunder|switch 4\n|\n|switch|p2a: Kyogre|Kyogre, shiny|404\/404\n|detailschange|p2a: Kyogre|Kyogre-Primal, shiny\n|-primal|p2a: Kyogre\n|move|p1a: Kyogre|Thunder|p2a: Kyogre\n|-supereffective|p2a: Kyogre\n|-damage|p2a: Kyogre|216\/404\n|-status|p2a: Kyogre|par\n|\n|-weather|PrimordialSea|[upkeep]\n|turn|13\n|choice|move calmmind|move thunder\n|\n|move|p1a: Kyogre|Calm Mind|p1a: Kyogre\n|-boost|p1a: Kyogre|spa|1\n|-boost|p1a: Kyogre|spd|1\n|move|p2a: Kyogre|Thunder|p1a: Kyogre\n|-supereffective|p1a: Kyogre\n|-damage|p1a: Kyogre|66\/404\n|\n|-weather|PrimordialSea|[upkeep]\n|turn|14\n|choice|move thunder|move thunder\n|\n|move|p1a: Kyogre|Thunder|p2a: Kyogre\n|-supereffective|p2a: Kyogre\n|-damage|p2a: Kyogre|0 fnt\n|faint|p2a: Kyogre\n|\n|-weather|PrimordialSea|[upkeep]\n|choice||switch 4\n|\n|switch|p2a: Groudon|Groudon-Primal, shiny|354\/404\n|-weather|DesolateLand|[from] ability: Desolate Land|[of] p2a: Groudon\n|turn|15\n|choice|move icebeam|move stoneedge\n|\n|move|p1a: Kyogre|Ice Beam|p2a: Groudon\n|-damage|p2a: Groudon|150\/404\n|move|p2a: Groudon|Stone Edge|p1a: Kyogre\n|-damage|p1a: Kyogre|0 fnt\n|faint|p1a: Kyogre\n|\n|-weather|DesolateLand|[upkeep]\n|choice|switch 6|\n|\n|switch|p1a: Groudon|Groudon|404\/404\n|detailschange|p1a: Groudon|Groudon-Primal\n|-primal|p1a: Groudon\n|turn|16\n|choice|move earthquake|move precipiceblades\n|\n|move|p1a: Groudon|Earthquake|p2a: Groudon\n|-supereffective|p2a: Groudon\n|-damage|p2a: Groudon|0 fnt\n|faint|p2a: Groudon\n|\n|-weather|DesolateLand|[upkeep]\n|choice||switch 5\n|\n|switch|p2a: Darkrai|Darkrai|281\/281\n|turn|17\n|choice|move firepunch|move darkvoid\n|\n|move|p2a: Darkrai|Dark Void|p1a: Groudon\n|-status|p1a: Groudon|slp\n|cant|p1a: Groudon|slp\n|\n|-weather|DesolateLand|[upkeep]\n|-damage|p1a: Groudon|354\/404 slp|[from] ability: Bad Dreams|[of] p2a: Darkrai\n|turn|18\n|choice|move swordsdance|move nastyplot\n|\n|move|p2a: Darkrai|Nasty Plot|p2a: Darkrai\n|-boost|p2a: Darkrai|spa|2\n|-curestatus|p1a: Groudon|slp|[msg]\n|move|p1a: Groudon|Swords Dance|p1a: Groudon\n|-boost|p1a: Groudon|atk|2\n|\n|-weather|DesolateLand|[upkeep]\n|turn|19\n|choice|move earthquake|move darkvoid\n|\n|move|p2a: Darkrai|Dark Void|p1a: Groudon\n|-status|p1a: Groudon|slp\n|cant|p1a: Groudon|slp\n|\n|-weather|DesolateLand|[upkeep]\n|-damage|p1a: Groudon|304\/404 slp|[from] ability: Bad Dreams|[of] p2a: Darkrai\n|turn|20\n|choice|move earthquake|move darkpulse\n|\n|move|p2a: Darkrai|Dark Pulse|p1a: Groudon\n|-damage|p1a: Groudon|79\/404 slp\n|cant|p1a: Groudon|slp\n|\n|-weather|DesolateLand|[upkeep]\n|-damage|p1a: Groudon|29\/404 slp|[from] ability: Bad Dreams|[of] p2a: Darkrai\n|turn|21\n|choice|move earthquake|move darkpulse\n|\n|move|p2a: Darkrai|Dark Pulse|p1a: Groudon\n|-damage|p1a: Groudon|0 fnt\n|faint|p1a: Groudon\n|-weather|none\n|\n|choice|switch 4|\n|\n|switch|p1a: Sableye|Sableye, M|304\/304\n|turn|22\n|choice|move knockoff|move sludgebomb\n|\n|move|p2a: Darkrai|Sludge Bomb|p1a: Sableye\n|-resisted|p1a: Sableye\n|-damage|p1a: Sableye|174\/304\n|move|p1a: Sableye|Knock Off|p2a: Darkrai\n|-resisted|p2a: Darkrai\n|-damage|p2a: Darkrai|232\/281\n|-enditem|p2a: Darkrai|Leftovers|[from] move: Knock Off|[of] p1a: Sableye\n|\n|turn|23\n|choice|move snarl mega|move sludgebomb\n|\n|detailschange|p1a: Sableye|Sableye-Mega, M\n|-mega|p1a: Sableye|Sableye|Sablenite\n|move|p2a: Darkrai|Sludge Bomb|p1a: Sableye\n|-resisted|p1a: Sableye\n|-damage|p1a: Sableye|83\/304\n|move|p1a: Sableye|Snarl|p2a: Darkrai\n|-resisted|p2a: Darkrai\n|-crit|p2a: Darkrai\n|-damage|p2a: Darkrai|190\/281\n|-unboost|p2a: Darkrai|spa|1\n|\n|turn|24\n|choice|move recover|move darkpulse\n|\n|move|p2a: Darkrai|Dark Pulse|p1a: Sableye\n|-damage|p1a: Sableye|0 fnt\n|faint|p1a: Sableye\n|\n|choice|switch 5|\n|\n|switch|p1a: Lugia|Lugia|416\/416\n|turn|25\n|choice|move calmmind|move darkvoid\n|\n|move|p2a: Darkrai|Dark Void|p1a: Lugia\n|-status|p1a: Lugia|slp\n|cant|p1a: Lugia|slp\n|\n|-damage|p1a: Lugia|364\/416 slp|[from] ability: Bad Dreams|[of] p2a: Darkrai\n|turn|26\n|choice|move calmmind|move nastyplot\n|\n|move|p2a: Darkrai|Nasty Plot|p2a: Darkrai\n|-boost|p2a: Darkrai|spa|2\n|cant|p1a: Lugia|slp\n|\n|-heal|p1a: Lugia|390\/416 slp|[from] item: Leftovers\n|-damage|p1a: Lugia|338\/416 slp|[from] ability: Bad Dreams|[of] p2a: Darkrai\n|turn|27\n|choice|move calmmind|move darkpulse\n|\n|move|p2a: Darkrai|Dark Pulse|p1a: Lugia\n|-supereffective|p1a: Lugia\n|-damage|p1a: Lugia|0 fnt\n|faint|p1a: Lugia\n|\n|win|KHAZIXSTAN\n|player|p1\n|player|p2\n|l|therockcena","inputlog":null,"uploadtime":1479603970,"views":0,"p1id":"therockcena","p2id":"khazixstan","formatid":"ubers","rating":0,"private":0,"password":null}