{"id":"ubers-254503616","p1":"Aquablaster98","p2":"The Teal Scizor","format":"ubers","log":"|join|Aquablaster98\n|join|The Teal Scizor\n|player|p1|Aquablaster98|163\n|player|p2|The Teal Scizor|270\n|gametype|singles\n|gen|6\n|tier|Ubers\n|rule|Swagger Clause: Swagger is banned\n|clearpoke\n|poke|p1|Charizard, M\n|poke|p1|Mewtwo\n|poke|p1|Tyranitar, M\n|poke|p1|Clawitzer, F\n|poke|p1|Garchomp, M\n|poke|p1|Galvantula, M\n|poke|p2|Garchomp, M, shiny\n|poke|p2|Rotom-Wash\n|poke|p2|Latios, M, shiny\n|poke|p2|Metagross\n|poke|p2|Magnezone, shiny\n|poke|p2|Clefable, F, shiny\n|rule|Mega Rayquaza Clause: You cannot mega evolve Rayquaza\n|rule|Sleep Clause Mod: Limit one foe put to sleep\n|rule|Species Clause: Limit one of each Pok\u00e9mon\n|rule|OHKO Clause: OHKO moves are banned\n|rule|Moody Clause: Moody is banned\n|rule|Evasion Moves Clause: Evasion moves are banned\n|rule|Endless Battle Clause: Forcing endless battles is banned\n|rule|HP Percentage Mod: HP is shown in percentages\n|teampreview\n|\n|start\n|switch|p1a: Galvantula|Galvantula, M|281\/281\n|switch|p2a: FriendZone|Magnezone, shiny|281\/281\n|turn|1\n|\n|move|p2a: FriendZone|Flash Cannon|p1a: Galvantula\n|-resisted|p1a: Galvantula\n|-damage|p1a: Galvantula|173\/281\n|move|p1a: Galvantula|Sticky Web|p2a: FriendZone\n|-sidestart|p2: The Teal Scizor|move: Sticky Web\n|\n|turn|2\n|\n|move|p2a: FriendZone|Flash Cannon|p1a: Galvantula\n|-resisted|p1a: Galvantula\n|-damage|p1a: Galvantula|69\/281\n|move|p1a: Galvantula|Bug Buzz|p2a: FriendZone\n|-crit|p2a: FriendZone\n|-resisted|p2a: FriendZone\n|-damage|p2a: FriendZone|172\/281\n|\n|turn|3\n|\n|switch|p2a: Bubblegum|Clefable, F, shiny|394\/394\n|-activate|p2a: Bubblegum|move: Sticky Web\n|-unboost|p2a: Bubblegum|spe|1\n|move|p1a: Galvantula|Bug Buzz|p2a: Bubblegum\n|-crit|p2a: Bubblegum\n|-resisted|p2a: Bubblegum\n|-damage|p2a: Bubblegum|293\/394\n|\n|-heal|p2a: Bubblegum|317\/394|[from] item: Leftovers\n|turn|4\n|\n|switch|p2a: FriendZone|Magnezone, shiny|172\/281\n|-activate|p2a: FriendZone|move: Sticky Web\n|-unboost|p2a: FriendZone|spe|1\n|move|p1a: Galvantula|Thunder Wave|p2a: FriendZone\n|-immune|p2a: FriendZone|[msg]\n|\n|turn|5\n|\n|move|p1a: Galvantula|Bug Buzz|p2a: FriendZone\n|-resisted|p2a: FriendZone\n|-damage|p2a: FriendZone|94\/281\n|move|p2a: FriendZone|Thunderbolt|p1a: Galvantula\n|-resisted|p1a: Galvantula\n|-damage|p1a: Galvantula|0 fnt\n|faint|p1a: Galvantula\n|\n|\n|switch|p1a: Clawitzer|Clawitzer, F|283\/283\n|turn|6\n|\n|move|p2a: FriendZone|Thunderbolt|p1a: Clawitzer\n|-supereffective|p1a: Clawitzer\n|-damage|p1a: Clawitzer|0 fnt\n|faint|p1a: Clawitzer\n|\n|\n|switch|p1a: Charizard|Charizard, M|315\/315\n|turn|7\n|\n|switch|p2a: TWIN BLADES|Garchomp, M, shiny|420\/420\n|-activate|p2a: TWIN BLADES|move: Sticky Web\n|-unboost|p2a: TWIN BLADES|spe|1\n|detailschange|p1a: Charizard|Charizard-Mega-X, M\n|-mega|p1a: Charizard|Charizard|Charizardite X\n|move|p1a: Charizard|Flare Blitz|p2a: TWIN BLADES\n|-resisted|p2a: TWIN BLADES\n|-damage|p2a: TWIN BLADES|312\/420\n|-damage|p1a: Charizard|276\/315|[from] ability: Rough Skin|[of] p2a: TWIN BLADES\n|-damage|p1a: Charizard|224\/315|[from] item: Rocky Helmet|[of] p2a: TWIN BLADES\n|-damage|p1a: Charizard|188\/315|[from] recoil|[of] p2a: TWIN BLADES\n|\n|turn|8\n|\n|move|p1a: Charizard|Dragon Claw|p2a: TWIN BLADES\n|-supereffective|p2a: TWIN BLADES\n|-damage|p2a: TWIN BLADES|16\/420\n|-damage|p1a: Charizard|149\/315|[from] ability: Rough Skin|[of] p2a: TWIN BLADES\n|-damage|p1a: Charizard|97\/315|[from] item: Rocky Helmet|[of] p2a: TWIN BLADES\n|move|p2a: TWIN BLADES|Stealth Rock|p1a: Charizard\n|-sidestart|p1: Aquablaster98|move: Stealth Rock\n|\n|turn|9\n|\n|move|p1a: Charizard|Dragon Claw|p2a: TWIN BLADES\n|-supereffective|p2a: TWIN BLADES\n|-damage|p2a: TWIN BLADES|0 fnt\n|-damage|p1a: Charizard|58\/315|[from] ability: Rough Skin|[of] p2a: TWIN BLADES\n|-damage|p1a: Charizard|6\/315|[from] item: Rocky Helmet|[of] p2a: TWIN BLADES\n|faint|p2a: TWIN BLADES\n|\n|\n|switch|p2a: Tea|Latios, M, shiny|301\/301\n|turn|10\n|\n|move|p2a: Tea|Psyshock|p1a: Charizard\n|-damage|p1a: Charizard|0 fnt\n|-damage|p2a: Tea|271\/301|[from] item: Life Orb\n|faint|p1a: Charizard\n|\n|\n|switch|p1a: Garchomp|Garchomp, M|358\/358\n|-damage|p1a: Garchomp|336\/358|[from] Stealth Rock\n|turn|11\n|\n|switch|p2a: Bubblegum|Clefable, F, shiny|317\/394\n|-activate|p2a: Bubblegum|move: Sticky Web\n|-unboost|p2a: Bubblegum|spe|1\n|move|p1a: Garchomp|Dragon Claw|p2a: Bubblegum\n|-immune|p2a: Bubblegum|[msg]\n|\n|-heal|p2a: Bubblegum|341\/394|[from] item: Leftovers\n|turn|12\n|\n|move|p1a: Garchomp|Protect|p1a: Garchomp\n|-singleturn|p1a: Garchomp|Protect\n|move|p2a: Bubblegum|Calm Mind|p2a: Bubblegum\n|-boost|p2a: Bubblegum|spa|1\n|-boost|p2a: Bubblegum|spd|1\n|\n|-heal|p2a: Bubblegum|365\/394|[from] item: Leftovers\n|turn|13\n|\n|move|p1a: Garchomp|Earthquake|p2a: Bubblegum\n|-damage|p2a: Bubblegum|194\/394\n|move|p2a: Bubblegum|Moonblast|p1a: Garchomp\n|-supereffective|p1a: Garchomp\n|-damage|p1a: Garchomp|0 fnt\n|faint|p1a: Garchomp\n|\n|-heal|p2a: Bubblegum|218\/394|[from] item: Leftovers\n|\n|switch|p1a: Mewtwo|Mewtwo|353\/353\n|-damage|p1a: Mewtwo|309\/353|[from] Stealth Rock\n|-ability|p1a: Mewtwo|Pressure\n|turn|14\n|\n|move|p1a: Mewtwo|Psystrike|p2a: Bubblegum\n|-damage|p2a: Bubblegum|25\/394\n|move|p2a: Bubblegum|Moonblast|p1a: Mewtwo\n|-damage|p1a: Mewtwo|140\/353\n|\n|-heal|p2a: Bubblegum|49\/394|[from] item: Leftovers\n|turn|15\n|\n|move|p1a: Mewtwo|Fire Blast|p2a: Bubblegum\n|-damage|p2a: Bubblegum|0 fnt\n|faint|p2a: Bubblegum\n|\n|\n|switch|p2a: Tea|Latios, M, shiny|271\/301\n|turn|16\n|\n|move|p1a: Mewtwo|Ice Beam|p2a: Tea\n|-supereffective|p2a: Tea\n|-damage|p2a: Tea|59\/301\n|move|p2a: Tea|Draco Meteor|p1a: Mewtwo\n|-damage|p1a: Mewtwo|0 fnt\n|-unboost|p2a: Tea|spa|2\n|-damage|p2a: Tea|29\/301|[from] item: Life Orb\n|faint|p1a: Mewtwo\n|\n|\n|switch|p1a: Tyranitar|Tyranitar, M|403\/403\n|-damage|p1a: Tyranitar|353\/403|[from] Stealth Rock\n|-weather|Sandstorm\n|turn|17\n|\n|move|p2a: Tea|Defog|p1a: Tyranitar\n|-unboost|p1a: Tyranitar|evasion|1\n|-sideend|p1: Aquablaster98|Stealth Rock|[from] move: Defog|[of] p1a: Tyranitar\n|-sideend|p2: The Teal Scizor|Sticky Web|[from] move: Defog|[of] p2a: Tea\n|move|p1a: Tyranitar|Crunch|p2a: Tea\n|-supereffective|p2a: Tea\n|-damage|p2a: Tea|0 fnt\n|faint|p2a: Tea\n|\n|-weather|Sandstorm|[upkeep]\n|\n|switch|p2a: Error 404|Metagross|301\/301\n|turn|18\n|\n|detailschange|p2a: Error 404|Metagross-Mega\n|-mega|p2a: Error 404|Metagross|Metagrossite\n|move|p2a: Error 404|Meteor Mash|p1a: Tyranitar\n|-supereffective|p1a: Tyranitar\n|-damage|p1a: Tyranitar|0 fnt\n|faint|p1a: Tyranitar\n|\n|win|The Teal Scizor\n|c|\u2605The Teal Scizor|gg\n|c|\u2605Aquablaster98|gg","inputlog":null,"uploadtime":1438291314,"views":2,"p1id":"aquablaster98","p2id":"thetealscizor","formatid":"ubers","rating":0,"private":0,"password":null}