{"id":"uu-106978726","p1":"low ladder champ","p2":"rig@mortus","format":"uu","log":"|join|low ladder champ\n|join|rig@mortus\n|player|p1|low ladder champ|76\n|player|p2|rig@mortus|45\n|gametype|singles\n|gen|6\n|tier|UU\n|rated\n|rule|Sleep Clause Mod: Limit one foe put to sleep\n|rule|Species Clause: Limit one of each Pokemon\n|rule|OHKO Clause: OHKO moves are banned\n|rule|Moody Clause: Moody is banned\n|rule|Evasion Moves Clause: Evasion moves are banned\n|rule|Endless Battle Clause: Forcing endless battles is banned.\n|rule|HP Percentage Mod: HP is reported as percentages\n|clearpoke\n|poke|p1|Porygon-Z\n|poke|p1|Victini\n|poke|p1|Toxicroak, M\n|poke|p1|Flygon, M\n|poke|p1|Swampert, M\n|poke|p1|Florges, F\n|poke|p2|Weavile, M\n|poke|p2|Florges, F\n|poke|p2|Arcanine, F\n|poke|p2|Mew\n|poke|p2|Steelix, M\n|poke|p2|Toxicroak, M\n|teampreview\n|\n|start\n|switch|p1a: Swampert|Swampert, M|401\/401\n|switch|p2a: Steelix|Steelix, M|353\/353\n|turn|1\n|\n|switch|p2a: Mew|Mew|403\/403\n|move|p1a: Swampert|Scald|p2a: Mew\n|-damage|p2a: Mew|325\/403\n|\n|-heal|p2a: Mew|350\/403|[from] item: Leftovers\n|turn|2\n|\n|switch|p1a: Victini|Victini|341\/341\n|move|p2a: Mew|Will-O-Wisp|p1a: Victini\n|-fail|p1a: Victini\n|\n|-heal|p2a: Mew|375\/403|[from] item: Leftovers\n|turn|3\n|\n|switch|p2a: Arcanine|Arcanine, F|383\/383\n|-ability|p2a: Arcanine|Intimidate|[of] p1a: Victini\n|-unboost|p1a: Victini|atk|1\n|move|p1a: Victini|V-create|p2a: Arcanine\n|-resisted|p2a: Arcanine\n|-damage|p2a: Arcanine|261\/383\n|-unboost|p1a: Victini|def|1\n|-unboost|p1a: Victini|spd|1\n|-unboost|p1a: Victini|spe|1\n|\n|-heal|p2a: Arcanine|284\/383|[from] item: Leftovers\n|turn|4\n|\n|switch|p1a: Swampert|Swampert, M|401\/401\n|move|p2a: Arcanine|Will-O-Wisp|p1a: Swampert\n|-status|p1a: Swampert|brn\n|\n|-heal|p2a: Arcanine|307\/383|[from] item: Leftovers\n|-damage|p1a: Swampert|351\/401 brn|[from] brn\n|turn|5\n|\n|switch|p2a: Mew|Mew|375\/403\n|move|p1a: Swampert|Stealth Rock|p2a: Mew\n|-sidestart|p2: rig@mortus|move: Stealth Rock\n|\n|-heal|p2a: Mew|400\/403|[from] item: Leftovers\n|-heal|p1a: Swampert|376\/401 brn|[from] item: Leftovers\n|-damage|p1a: Swampert|326\/401 brn|[from] brn\n|turn|6\n|\n|switch|p1a: Victini|Victini|341\/341\n|move|p2a: Mew|Defog|p1a: Victini\n|-unboost|p1a: Victini|evasion|1\n|-sideend|p2: rig@mortus|Stealth Rock|[from] move: Defog|[of] p2a: Mew\n|\n|-heal|p2a: Mew|403\/403|[from] item: Leftovers\n|turn|7\n|\n|switch|p2a: Arcanine|Arcanine, F|307\/383\n|-ability|p2a: Arcanine|Intimidate|[of] p1a: Victini\n|-unboost|p1a: Victini|atk|1\n|move|p1a: Victini|U-turn|p2a: Arcanine\n|-resisted|p2a: Arcanine\n|-damage|p2a: Arcanine|273\/383\n|\n|switch|p1a: Flygon|Flygon, M|301\/301\n|\n|-heal|p2a: Arcanine|296\/383|[from] item: Leftovers\n|turn|8\n|\n|switch|p2a: Mew|Mew|403\/403\n|move|p1a: Flygon|U-turn|p2a: Mew\n|-supereffective|p2a: Mew\n|-damage|p2a: Mew|253\/403\n|\n|switch|p1a: Victini|Victini|341\/341\n|\n|-heal|p2a: Mew|278\/403|[from] item: Leftovers\n|turn|9\n|\n|switch|p2a: Arcanine|Arcanine, F|296\/383\n|-ability|p2a: Arcanine|Intimidate|[of] p1a: Victini\n|-unboost|p1a: Victini|atk|1\n|move|p1a: Victini|U-turn|p2a: Arcanine\n|-resisted|p2a: Arcanine\n|-damage|p2a: Arcanine|265\/383\n|\n|switch|p1a: Flygon|Flygon, M|301\/301\n|\n|-heal|p2a: Arcanine|288\/383|[from] item: Leftovers\n|turn|10\n|\n|switch|p2a: Florges|Florges, F|359\/359\n|move|p1a: Flygon|Earthquake|p2a: Florges\n|-damage|p2a: Florges|202\/359\n|\n|-heal|p2a: Florges|224\/359|[from] item: Leftovers\n|turn|11\n|\n|switch|p1a: Victini|Victini|341\/341\n|move|p2a: Florges|Wish|p2a: Florges\n|\n|-heal|p2a: Florges|246\/359|[from] item: Leftovers\n|turn|12\n|\n|switch|p1a: Florges|Florges, F|360\/360\n|move|p2a: Florges|Protect|p2a: Florges\n|-fail|p2a: Florges\n|\n|-heal|p2a: Florges|359\/359|[from] move: Wish|[wisher] Florges\n|turn|13\n|\n|switch|p2a: Steelix|Steelix, M|353\/353\n|move|p1a: Florges|Aromatherapy|p1a: Florges\n|-cureteam|p1a: Florges|[from] move: Aromatherapy\n|\n|turn|14\n|\n|switch|p1a: Swampert|Swampert, M|326\/401\n|move|p2a: Steelix|Stealth Rock|p1a: Swampert\n|-sidestart|p1: low ladder champ|move: Stealth Rock\n|\n|-heal|p1a: Swampert|351\/401|[from] item: Leftovers\n|turn|15\n|\n|switch|p2a: Mew|Mew|278\/403\n|move|p1a: Swampert|Stealth Rock|p2a: Mew\n|-sidestart|p2: rig@mortus|move: Stealth Rock\n|\n|-heal|p2a: Mew|303\/403|[from] item: Leftovers\n|-heal|p1a: Swampert|376\/401|[from] item: Leftovers\n|turn|16\n|\n|move|p2a: Mew|Defog|p1a: Swampert\n|-unboost|p1a: Swampert|evasion|1\n|-sideend|p1: low ladder champ|Stealth Rock|[from] move: Defog|[of] p1a: Swampert\n|-sideend|p2: rig@mortus|Stealth Rock|[from] move: Defog|[of] p2a: Mew\n|move|p1a: Swampert|Roar|p2a: Mew\n|drag|p2a: Steelix|Steelix, M|353\/353\n|\n|-heal|p1a: Swampert|401\/401|[from] item: Leftovers\n|turn|17\n|\n|switch|p2a: Mew|Mew|303\/403\n|move|p1a: Swampert|Scald|p2a: Mew\n|-damage|p2a: Mew|225\/403\n|-status|p2a: Mew|brn\n|-status|p1a: Swampert|brn\n|\n|-heal|p2a: Mew|250\/403 brn|[from] item: Leftovers\n|-damage|p2a: Mew|200\/403 brn|[from] brn\n|-damage|p1a: Swampert|351\/401 brn|[from] brn\n|turn|18\n|\n|move|p2a: Mew|Roost|p2a: Mew\n|-heal|p2a: Mew|402\/403 brn\n|move|p1a: Swampert|Stealth Rock|p2a: Mew\n|-sidestart|p2: rig@mortus|move: Stealth Rock\n|\n|-heal|p2a: Mew|403\/403 brn|[from] item: Leftovers\n|-heal|p1a: Swampert|376\/401 brn|[from] item: Leftovers\n|-damage|p2a: Mew|353\/403 brn|[from] brn\n|-damage|p1a: Swampert|326\/401 brn|[from] brn\n|turn|19\n|\n|switch|p1a: Porygon-Z|Porygon-Z|336\/336\n|move|p2a: Mew|Defog|p1a: Porygon-Z\n|-unboost|p1a: Porygon-Z|evasion|1\n|-sideend|p2: rig@mortus|Stealth Rock|[from] move: Defog|[of] p2a: Mew\n|\n|-heal|p2a: Mew|378\/403 brn|[from] item: Leftovers\n|-damage|p2a: Mew|328\/403 brn|[from] brn\n|turn|20\n|\n|switch|p2a: Steelix|Steelix, M|353\/353\n|move|p1a: Porygon-Z|Nasty Plot|p1a: Porygon-Z\n|-boost|p1a: Porygon-Z|spa|2\n|\n|turn|21\n|\n|move|p1a: Porygon-Z|Shadow Ball|p2a: Steelix\n|-damage|p2a: Steelix|131\/353\n|move|p2a: Steelix|Gyro Ball|p1a: Porygon-Z\n|-damage|p1a: Porygon-Z|180\/336\n|\n|-heal|p2a: Steelix|153\/353|[from] item: Leftovers\n|turn|22\n|\n|switch|p2a: Weavile|Weavile, M|281\/281\n|-ability|p2a: Weavile|Pressure\n|move|p1a: Porygon-Z|Tri Attack|p2a: Weavile\n|-damage|p2a: Weavile|0 fnt\n|faint|p2a: Weavile\n|\n|\n|switch|p2a: Toxicroak|Toxicroak, M|307\/307\n|turn|23\n|\n|move|p2a: Toxicroak|Gunk Shot|p1a: Porygon-Z\n|-damage|p1a: Porygon-Z|0 fnt\n|-damage|p2a: Toxicroak|277\/307|[from] item: Life Orb\n|faint|p1a: Porygon-Z\n|\n|\n|switch|p1a: Victini|Victini|341\/341\n|turn|24\n|\n|switch|p2a: Arcanine|Arcanine, F|288\/383\n|-ability|p2a: Arcanine|Intimidate|[of] p1a: Victini\n|-unboost|p1a: Victini|atk|1\n|move|p1a: Victini|Zen Headbutt|p2a: Arcanine\n|-damage|p2a: Arcanine|188\/383\n|\n|-heal|p2a: Arcanine|211\/383|[from] item: Leftovers\n|turn|25\n|\n|switch|p1a: Florges|Florges, F|360\/360\n|move|p2a: Arcanine|Morning Sun|p2a: Arcanine\n|-heal|p2a: Arcanine|383\/383\n|\n|turn|26\n|\n|switch|p2a: Florges|Florges, F|359\/359\n|move|p1a: Florges|Aromatherapy|p1a: Florges\n|-cureteam|p1a: Florges|[from] move: Aromatherapy\n|\n|turn|27\n|\n|switch|p1a: Swampert|Swampert, M|326\/401\n|move|p2a: Florges|Aromatherapy|p2a: Florges\n|-cureteam|p2a: Florges|[from] move: Aromatherapy\n|\n|-heal|p1a: Swampert|351\/401|[from] item: Leftovers\n|turn|28\n|\n|switch|p2a: Mew|Mew|328\/403\n|move|p1a: Swampert|Stealth Rock|p2a: Mew\n|-sidestart|p2: rig@mortus|move: Stealth Rock\n|\n|-heal|p2a: Mew|353\/403|[from] item: Leftovers\n|-heal|p1a: Swampert|376\/401|[from] item: Leftovers\n|turn|29\n|\n|switch|p1a: Victini|Victini|341\/341\n|move|p2a: Mew|Defog|p1a: Victini\n|-unboost|p1a: Victini|evasion|1\n|-sideend|p2: rig@mortus|Stealth Rock|[from] move: Defog|[of] p2a: Mew\n|\n|-heal|p2a: Mew|378\/403|[from] item: Leftovers\n|turn|30\n|\n|switch|p2a: Arcanine|Arcanine, F|383\/383\n|-ability|p2a: Arcanine|Intimidate|[of] p1a: Victini\n|-unboost|p1a: Victini|atk|1\n|move|p1a: Victini|U-turn|p2a: Arcanine\n|-resisted|p2a: Arcanine\n|-damage|p2a: Arcanine|352\/383\n|\n|switch|p1a: Flygon|Flygon, M|301\/301\n|\n|-heal|p2a: Arcanine|375\/383|[from] item: Leftovers\n|turn|31\n|\n|switch|p2a: Mew|Mew|378\/403\n|move|p1a: Flygon|U-turn|p2a: Mew\n|-supereffective|p2a: Mew\n|-damage|p2a: Mew|234\/403\n|\n|switch|p1a: Victini|Victini|341\/341\n|\n|-heal|p2a: Mew|259\/403|[from] item: Leftovers\n|turn|32\n|\n|switch|p2a: Arcanine|Arcanine, F|375\/383\n|-ability|p2a: Arcanine|Intimidate|[of] p1a: Victini\n|-unboost|p1a: Victini|atk|1\n|move|p1a: Victini|U-turn|p2a: Arcanine\n|-crit|p2a: Arcanine\n|-resisted|p2a: Arcanine\n|-damage|p2a: Arcanine|310\/383\n|\n|switch|p1a: Flygon|Flygon, M|301\/301\n|\n|-heal|p2a: Arcanine|333\/383|[from] item: Leftovers\n|turn|33\n|\n|switch|p2a: Florges|Florges, F|359\/359\n|move|p1a: Flygon|U-turn|p2a: Florges\n|-resisted|p2a: Florges\n|-damage|p2a: Florges|325\/359\n|\n|switch|p1a: Toxicroak|Toxicroak, M|333\/333\n|\n|-heal|p2a: Florges|347\/359|[from] item: Leftovers\n|turn|34\n|\n|switch|p2a: Arcanine|Arcanine, F|333\/383\n|-ability|p2a: Arcanine|Intimidate|[of] p1a: Toxicroak\n|-unboost|p1a: Toxicroak|atk|1\n|move|p1a: Toxicroak|Swords Dance|p1a: Toxicroak\n|-boost|p1a: Toxicroak|atk|2\n|\n|-heal|p2a: Arcanine|356\/383|[from] item: Leftovers\n|turn|35\n|\n|switch|p1a: Victini|Victini|341\/341\n|move|p2a: Arcanine|Will-O-Wisp|p1a: Victini\n|-fail|p1a: Victini\n|\n|-heal|p2a: Arcanine|379\/383|[from] item: Leftovers\n|turn|36\n|\n|move|p1a: Victini|Zen Headbutt|p2a: Arcanine\n|-damage|p2a: Arcanine|225\/383\n|cant|p2a: Arcanine|flinch\n|\n|-heal|p2a: Arcanine|248\/383|[from] item: Leftovers\n|turn|37\n|\n|switch|p1a: Swampert|Swampert, M|376\/401\n|move|p2a: Arcanine|Morning Sun|p2a: Arcanine\n|-heal|p2a: Arcanine|383\/383\n|\n|-heal|p1a: Swampert|401\/401|[from] item: Leftovers\n|turn|38\n|\n|switch|p2a: Mew|Mew|259\/403\n|switch|p1a: Victini|Victini|341\/341\n|\n|-heal|p2a: Mew|284\/403|[from] item: Leftovers\n|turn|39\n|\n|switch|p2a: Arcanine|Arcanine, F|383\/383\n|-ability|p2a: Arcanine|Intimidate|[of] p1a: Victini\n|-unboost|p1a: Victini|atk|1\n|move|p1a: Victini|U-turn|p2a: Arcanine\n|-resisted|p2a: Arcanine\n|-damage|p2a: Arcanine|352\/383\n|\n|switch|p1a: Flygon|Flygon, M|301\/301\n|\n|-heal|p2a: Arcanine|375\/383|[from] item: Leftovers\n|turn|40\n|\n|switch|p2a: Florges|Florges, F|347\/359\n|move|p1a: Flygon|U-turn|p2a: Florges\n|-resisted|p2a: Florges\n|-damage|p2a: Florges|308\/359\n|\n|switch|p1a: Toxicroak|Toxicroak, M|333\/333\n|\n|-heal|p2a: Florges|330\/359|[from] item: Leftovers\n|turn|41\n|\n|switch|p2a: Mew|Mew|284\/403\n|move|p1a: Toxicroak|Swords Dance|p1a: Toxicroak\n|-boost|p1a: Toxicroak|atk|2\n|\n|-heal|p2a: Mew|309\/403|[from] item: Leftovers\n|turn|42\n|\n|move|p2a: Mew|Will-O-Wisp|p1a: Toxicroak\n|-status|p1a: Toxicroak|brn\n|move|p1a: Toxicroak|Poison Jab|p2a: Mew\n|-damage|p2a: Mew|132\/403\n|-damage|p1a: Toxicroak|300\/333 brn|[from] item: Life Orb\n|\n|-heal|p2a: Mew|157\/403|[from] item: Leftovers\n|-damage|p1a: Toxicroak|259\/333 brn|[from] brn\n|turn|43\n|\n|move|p2a: Mew|Roost|p2a: Mew\n|-heal|p2a: Mew|359\/403\n|move|p1a: Toxicroak|Poison Jab|p2a: Mew\n|-damage|p2a: Mew|198\/403\n|-damage|p1a: Toxicroak|226\/333 brn|[from] item: Life Orb\n|\n|-heal|p2a: Mew|223\/403|[from] item: Leftovers\n|-damage|p1a: Toxicroak|185\/333 brn|[from] brn\n|turn|44\n|\n|switch|p1a: Victini|Victini|341\/341\n|move|p2a: Mew|Knock Off|p1a: Victini\n|-supereffective|p1a: Victini\n|-damage|p1a: Victini|181\/341\n|-enditem|p1a: Victini|Choice Band|[from] move: Knock Off|[of] p2a: Mew\n|\n|-heal|p2a: Mew|248\/403|[from] item: Leftovers\n|turn|45\n|\n|switch|p2a: Arcanine|Arcanine, F|375\/383\n|-ability|p2a: Arcanine|Intimidate|[of] p1a: Victini\n|-unboost|p1a: Victini|atk|1\n|move|p1a: Victini|U-turn|p2a: Arcanine\n|-resisted|p2a: Arcanine\n|-damage|p2a: Arcanine|355\/383\n|\n|switch|p1a: Florges|Florges, F|360\/360\n|\n|-heal|p2a: Arcanine|378\/383|[from] item: Leftovers\n|turn|46\n|\n|switch|p2a: Mew|Mew|248\/403\n|move|p1a: Florges|Aromatherapy|p1a: Florges\n|-cureteam|p1a: Florges|[from] move: Aromatherapy\n|\n|-heal|p2a: Mew|273\/403|[from] item: Leftovers\n|turn|47\n|\n|switch|p1a: Flygon|Flygon, M|301\/301\n|move|p2a: Mew|Roost|p2a: Mew\n|-heal|p2a: Mew|403\/403\n|\n|turn|48\n|\n|move|p1a: Flygon|Earthquake|p2a: Mew\n|-damage|p2a: Mew|268\/403\n|move|p2a: Mew|Roost|p2a: Mew\n|-heal|p2a: Mew|403\/403\n|\n|turn|49\n|\n|move|p1a: Flygon|Earthquake|p2a: Mew\n|-damage|p2a: Mew|246\/403\n|move|p2a: Mew|Knock Off|p1a: Flygon\n|-damage|p1a: Flygon|206\/301\n|-enditem|p1a: Flygon|Choice Scarf|[from] move: Knock Off|[of] p2a: Mew\n|\n|-heal|p2a: Mew|271\/403|[from] item: Leftovers\n|turn|50\n|\n|move|p1a: Flygon|U-turn|p2a: Mew\n|-supereffective|p2a: Mew\n|-damage|p2a: Mew|119\/403\n|\n|switch|p1a: Florges|Florges, F|360\/360\n|move|p2a: Mew|Roost|p2a: Mew\n|-heal|p2a: Mew|321\/403\n|\n|-heal|p2a: Mew|346\/403|[from] item: Leftovers\n|turn|51\n|\n|move|p2a: Mew|Knock Off|p1a: Florges\n|-resisted|p1a: Florges\n|-damage|p1a: Florges|323\/360\n|-enditem|p1a: Florges|Leftovers|[from] move: Knock Off|[of] p2a: Mew\n|move|p1a: Florges|Wish|p1a: Florges\n|\n|-heal|p2a: Mew|371\/403|[from] item: Leftovers\n|turn|52\n|\n|switch|p2a: Florges|Florges, F|330\/359\n|switch|p1a: Victini|Victini|181\/341\n|\n|-heal|p1a: Victini|341\/341|[from] move: Wish|[wisher] Florges\n|-heal|p2a: Florges|352\/359|[from] item: Leftovers\n|turn|53\n|\n|switch|p2a: Arcanine|Arcanine, F|378\/383\n|-ability|p2a: Arcanine|Intimidate|[of] p1a: Victini\n|-unboost|p1a: Victini|atk|1\n|move|p1a: Victini|U-turn|p2a: Arcanine\n|-resisted|p2a: Arcanine\n|-damage|p2a: Arcanine|356\/383\n|\n|switch|p1a: Flygon|Flygon, M|206\/301\n|\n|-heal|p2a: Arcanine|379\/383|[from] item: Leftovers\n|turn|54\n|\n|switch|p2a: Florges|Florges, F|352\/359\n|move|p1a: Flygon|Earthquake|p2a: Florges\n|-damage|p2a: Florges|207\/359\n|\n|-heal|p2a: Florges|229\/359|[from] item: Leftovers\n|turn|55\n|\n|move|p1a: Flygon|U-turn|p2a: Florges\n|-resisted|p2a: Florges\n|-damage|p2a: Florges|193\/359\n|\n|switch|p1a: Florges|Florges, F|323\/360\n|move|p2a: Florges|Wish|p2a: Florges\n|\n|-heal|p2a: Florges|215\/359|[from] item: Leftovers\n|turn|56\n|\n|switch|p1a: Swampert|Swampert, M|401\/401\n|move|p2a: Florges|Moonblast|p1a: Swampert\n|-crit|p1a: Swampert\n|-damage|p1a: Swampert|211\/401\n|\n|-heal|p2a: Florges|359\/359|[from] move: Wish|[wisher] Florges\n|-heal|p1a: Swampert|236\/401|[from] item: Leftovers\n|turn|57\n|\n|switch|p2a: Mew|Mew|371\/403\n|move|p1a: Swampert|Stealth Rock|p2a: Mew\n|-sidestart|p2: rig@mortus|move: Stealth Rock\n|\n|-heal|p2a: Mew|396\/403|[from] item: Leftovers\n|-heal|p1a: Swampert|261\/401|[from] item: Leftovers\n|turn|58\n|\n|switch|p1a: Florges|Florges, F|323\/360\n|move|p2a: Mew|Defog|p1a: Florges\n|-unboost|p1a: Florges|evasion|1\n|-sideend|p2: rig@mortus|Stealth Rock|[from] move: Defog|[of] p2a: Mew\n|\n|-heal|p2a: Mew|403\/403|[from] item: Leftovers\n|turn|59\n|\n|switch|p2a: Steelix|Steelix, M|153\/353\n|move|p1a: Florges|Wish|p1a: Florges\n|\n|-heal|p2a: Steelix|175\/353|[from] item: Leftovers\n|turn|60\n|\n|switch|p1a: Swampert|Swampert, M|261\/401\n|switch|p2a: Mew|Mew|403\/403\n|\n|-heal|p1a: Swampert|401\/401|[from] move: Wish|[wisher] Florges\n|turn|61\n|\n|switch|p1a: Florges|Florges, F|323\/360\n|move|p2a: Mew|Knock Off|p1a: Florges\n|-resisted|p1a: Florges\n|-damage|p1a: Florges|295\/360\n|\n|turn|62\n|\n|move|p2a: Mew|Will-O-Wisp|p1a: Florges\n|-status|p1a: Florges|brn\n|move|p1a: Florges|Wish|p1a: Florges\n|\n|-damage|p1a: Florges|250\/360 brn|[from] brn\n|turn|63\n|\n|switch|p2a: Steelix|Steelix, M|175\/353\n|switch|p1a: Toxicroak|Toxicroak, M|185\/333\n|\n|-heal|p1a: Toxicroak|333\/333|[from] move: Wish|[wisher] Florges\n|-heal|p2a: Steelix|197\/353|[from] item: Leftovers\n|turn|64\n|\n|switch|p2a: Mew|Mew|403\/403\n|move|p1a: Toxicroak|Drain Punch|p2a: Mew\n|-resisted|p2a: Mew\n|-damage|p2a: Mew|316\/403\n|-damage|p1a: Toxicroak|300\/333|[from] item: Life Orb\n|\n|-heal|p2a: Mew|341\/403|[from] item: Leftovers\n|turn|65\n|\n|switch|p1a: Florges|Florges, F|250\/360 brn\n|move|p2a: Mew|Knock Off|p1a: Florges\n|-resisted|p1a: Florges\n|-damage|p1a: Florges|223\/360 brn\n|\n|-heal|p2a: Mew|366\/403|[from] item: Leftovers\n|-damage|p1a: Florges|178\/360 brn|[from] brn\n|turn|66\n|\n|switch|p2a: Steelix|Steelix, M|197\/353\n|move|p1a: Florges|Aromatherapy|p1a: Florges\n|-cureteam|p1a: Florges|[from] move: Aromatherapy\n|\n|-heal|p2a: Steelix|219\/353|[from] item: Leftovers\n|turn|67\n|\n|switch|p1a: Swampert|Swampert, M|401\/401\n|move|p2a: Steelix|Stealth Rock|p1a: Swampert\n|-sidestart|p1: low ladder champ|move: Stealth Rock\n|\n|-heal|p2a: Steelix|241\/353|[from] item: Leftovers\n|turn|68\n|\n|switch|p2a: Mew|Mew|366\/403\n|move|p1a: Swampert|Stealth Rock|p2a: Mew\n|-sidestart|p2: rig@mortus|move: Stealth Rock\n|\n|-heal|p2a: Mew|391\/403|[from] item: Leftovers\n|turn|69\n|\n|switch|p1a: Florges|Florges, F|178\/360\n|-damage|p1a: Florges|133\/360|[from] Stealth Rock\n|move|p2a: Mew|Defog|p1a: Florges\n|-unboost|p1a: Florges|evasion|1\n|-sideend|p1: low ladder champ|Stealth Rock|[from] move: Defog|[of] p1a: Florges\n|-sideend|p2: rig@mortus|Stealth Rock|[from] move: Defog|[of] p2a: Mew\n|\n|-heal|p2a: Mew|403\/403|[from] item: Leftovers\n|turn|70\n|\n|switch|p2a: Steelix|Steelix, M|241\/353\n|move|p1a: Florges|Wish|p1a: Florges\n|\n|-heal|p2a: Steelix|263\/353|[from] item: Leftovers\n|turn|71\n|\n|move|p1a: Florges|Protect|p1a: Florges\n|-singleturn|p1a: Florges|Protect\n|move|p2a: Steelix|Stealth Rock|p1a: Florges\n|-sidestart|p1: low ladder champ|move: Stealth Rock\n|\n|-heal|p1a: Florges|313\/360|[from] move: Wish|[wisher] Florges\n|-heal|p2a: Steelix|285\/353|[from] item: Leftovers\n|turn|72\n|\n|switch|p1a: Swampert|Swampert, M|401\/401\n|-damage|p1a: Swampert|376\/401|[from] Stealth Rock\n|move|p2a: Steelix|Gyro Ball|p1a: Swampert\n|-resisted|p1a: Swampert\n|-damage|p1a: Swampert|352\/401\n|\n|-heal|p1a: Swampert|377\/401|[from] item: Leftovers\n|-heal|p2a: Steelix|307\/353|[from] item: Leftovers\n|turn|73\n|\n|switch|p2a: Mew|Mew|403\/403\n|move|p1a: Swampert|Stealth Rock|p2a: Mew\n|-sidestart|p2: rig@mortus|move: Stealth Rock\n|\n|-heal|p1a: Swampert|401\/401|[from] item: Leftovers\n|turn|74\n|\n|move|p2a: Mew|Will-O-Wisp|p1a: Swampert\n|-status|p1a: Swampert|brn\n|move|p1a: Swampert|Scald|p2a: Mew\n|-damage|p2a: Mew|324\/403\n|\n|-heal|p2a: Mew|349\/403|[from] item: Leftovers\n|-damage|p1a: Swampert|351\/401 brn|[from] brn\n|turn|75\n|\n|move|p2a: Mew|Will-O-Wisp|p1a: Swampert\n|-fail|p1a: Swampert|brn\n|move|p1a: Swampert|Scald|p2a: Mew\n|-damage|p2a: Mew|276\/403\n|\n|-heal|p2a: Mew|301\/403|[from] item: Leftovers\n|-heal|p1a: Swampert|376\/401 brn|[from] item: Leftovers\n|-damage|p1a: Swampert|326\/401 brn|[from] brn\n|turn|76\n|\n|switch|p1a: Florges|Florges, F|313\/360\n|-damage|p1a: Florges|268\/360|[from] Stealth Rock\n|move|p2a: Mew|Knock Off|p1a: Florges\n|-resisted|p1a: Florges\n|-damage|p1a: Florges|242\/360\n|\n|-heal|p2a: Mew|326\/403|[from] item: Leftovers\n|turn|77\n|\n|move|p2a: Mew|Defog|p1a: Florges\n|-unboost|p1a: Florges|evasion|1\n|-sideend|p1: low ladder champ|Stealth Rock|[from] move: Defog|[of] p1a: Florges\n|-sideend|p2: rig@mortus|Stealth Rock|[from] move: Defog|[of] p2a: Mew\n|move|p1a: Florges|Aromatherapy|p1a: Florges\n|-cureteam|p1a: Florges|[from] move: Aromatherapy\n|\n|-heal|p2a: Mew|351\/403|[from] item: Leftovers\n|turn|78\n|\n|switch|p2a: Toxicroak|Toxicroak, M|277\/307\n|switch|p1a: Victini|Victini|341\/341\n|\n|turn|79\n|\n|switch|p2a: Arcanine|Arcanine, F|379\/383\n|-ability|p2a: Arcanine|Intimidate|[of] p1a: Victini\n|-unboost|p1a: Victini|atk|1\n|move|p1a: Victini|V-create|p2a: Arcanine\n|-resisted|p2a: Arcanine\n|-damage|p2a: Arcanine|295\/383\n|-unboost|p1a: Victini|def|1\n|-unboost|p1a: Victini|spd|1\n|-unboost|p1a: Victini|spe|1\n|\n|-heal|p2a: Arcanine|318\/383|[from] item: Leftovers\n|turn|80\n|\n|move|p2a: Arcanine|Will-O-Wisp|p1a: Victini\n|-fail|p1a: Victini\n|move|p1a: Victini|Zen Headbutt|p2a: Arcanine\n|-damage|p2a: Arcanine|246\/383\n|\n|-heal|p2a: Arcanine|269\/383|[from] item: Leftovers\n|turn|81\n|\n|move|p2a: Arcanine|Extreme Speed|p1a: Victini\n|-damage|p1a: Victini|246\/341\n|move|p1a: Victini|U-turn|p2a: Arcanine\n|-resisted|p2a: Arcanine\n|-damage|p2a: Arcanine|247\/383\n|\n|switch|p1a: Flygon|Flygon, M|206\/301\n|\n|-heal|p2a: Arcanine|270\/383|[from] item: Leftovers\n|turn|82\n|\n|switch|p2a: Florges|Florges, F|359\/359\n|move|p1a: Flygon|U-turn|p2a: Florges\n|-resisted|p2a: Florges\n|-damage|p2a: Florges|326\/359\n|\n|switch|p1a: Victini|Victini|246\/341\n|\n|-heal|p2a: Florges|348\/359|[from] item: Leftovers\n|turn|83\n|\n|move|p2a: Florges|Protect|p2a: Florges\n|-singleturn|p2a: Florges|Protect\n|move|p1a: Victini|Zen Headbutt|p2a: Florges\n|-activate|p2a: Florges|Protect\n|\n|-heal|p2a: Florges|359\/359|[from] item: Leftovers\n|turn|84\n|\n|switch|p2a: Arcanine|Arcanine, F|270\/383\n|-ability|p2a: Arcanine|Intimidate|[of] p1a: Victini\n|-unboost|p1a: Victini|atk|1\n|move|p1a: Victini|U-turn|p2a: Arcanine\n|-resisted|p2a: Arcanine\n|-damage|p2a: Arcanine|251\/383\n|\n|switch|p1a: Flygon|Flygon, M|206\/301\n|\n|-heal|p2a: Arcanine|274\/383|[from] item: Leftovers\n|turn|85\n|\n|switch|p2a: Florges|Florges, F|359\/359\n|move|p1a: Flygon|Earthquake|p2a: Florges\n|-damage|p2a: Florges|200\/359\n|\n|-heal|p2a: Florges|222\/359|[from] item: Leftovers\n|turn|86\n|\n|move|p1a: Flygon|U-turn|p2a: Florges\n|-resisted|p2a: Florges\n|-damage|p2a: Florges|185\/359\n|\n|switch|p1a: Victini|Victini|246\/341\n|move|p2a: Florges|Wish|p2a: Florges\n|\n|-heal|p2a: Florges|207\/359|[from] item: Leftovers\n|turn|87\n|\n|move|p2a: Florges|Protect|p2a: Florges\n|-singleturn|p2a: Florges|Protect\n|move|p1a: Victini|Zen Headbutt|p2a: Florges\n|-activate|p2a: Florges|Protect\n|\n|-heal|p2a: Florges|359\/359|[from] move: Wish|[wisher] Florges\n|turn|88\n|\n|switch|p2a: Arcanine|Arcanine, F|274\/383\n|-ability|p2a: Arcanine|Intimidate|[of] p1a: Victini\n|-unboost|p1a: Victini|atk|1\n|move|p1a: Victini|Zen Headbutt|p2a: Arcanine\n|-damage|p2a: Arcanine|204\/383\n|\n|-heal|p2a: Arcanine|227\/383|[from] item: Leftovers\n|turn|89\n|\n|move|p1a: Victini|Bolt Strike|p2a: Arcanine\n|-damage|p2a: Arcanine|154\/383\n|move|p2a: Arcanine|Morning Sun|p2a: Arcanine\n|-heal|p2a: Arcanine|345\/383\n|\n|-heal|p2a: Arcanine|368\/383|[from] item: Leftovers\n|turn|90\n|\n|switch|p1a: Swampert|Swampert, M|326\/401\n|move|p2a: Arcanine|Extreme Speed|p1a: Swampert\n|-damage|p1a: Swampert|274\/401\n|\n|-heal|p2a: Arcanine|383\/383|[from] item: Leftovers\n|-heal|p1a: Swampert|299\/401|[from] item: Leftovers\n|turn|91\n|\n|switch|p2a: Mew|Mew|351\/403\n|switch|p1a: Victini|Victini|246\/341\n|\n|-heal|p2a: Mew|376\/403|[from] item: Leftovers\n|turn|92\n|\n|move|p2a: Mew|Roost|p2a: Mew\n|-heal|p2a: Mew|403\/403\n|move|p1a: Victini|V-create|p2a: Mew\n|-damage|p2a: Mew|115\/403\n|-unboost|p1a: Victini|def|1\n|-unboost|p1a: Victini|spd|1\n|-unboost|p1a: Victini|spe|1\n|\n|-heal|p2a: Mew|140\/403|[from] item: Leftovers\n|turn|93\n|\n|move|p2a: Mew|Roost|p2a: Mew\n|-heal|p2a: Mew|342\/403\n|move|p1a: Victini|U-turn|p2a: Mew\n|-supereffective|p2a: Mew\n|-damage|p2a: Mew|182\/403\n|\n|switch|p1a: Toxicroak|Toxicroak, M|300\/333\n|\n|-heal|p2a: Mew|207\/403|[from] item: Leftovers\n|turn|94\n|\n|switch|p1a: Victini|Victini|246\/341\n|move|p2a: Mew|Knock Off|p1a: Victini\n|-supereffective|p1a: Victini\n|-damage|p1a: Victini|146\/341\n|\n|-heal|p2a: Mew|232\/403|[from] item: Leftovers\n|turn|95\n|\n|switch|p2a: Arcanine|Arcanine, F|383\/383\n|-ability|p2a: Arcanine|Intimidate|[of] p1a: Victini\n|-unboost|p1a: Victini|atk|1\n|move|p1a: Victini|U-turn|p2a: Arcanine\n|-resisted|p2a: Arcanine\n|-damage|p2a: Arcanine|360\/383\n|\n|switch|p1a: Flygon|Flygon, M|206\/301\n|\n|-heal|p2a: Arcanine|383\/383|[from] item: Leftovers\n|turn|96\n|\n|move|p1a: Flygon|Earthquake|p2a: Arcanine\n|-supereffective|p2a: Arcanine\n|-damage|p2a: Arcanine|131\/383\n|move|p2a: Arcanine|Will-O-Wisp|p1a: Flygon\n|-status|p1a: Flygon|brn\n|\n|-heal|p2a: Arcanine|154\/383|[from] item: Leftovers\n|-damage|p1a: Flygon|169\/301 brn|[from] brn\n|turn|97\n|\n|switch|p1a: Florges|Florges, F|242\/360\n|move|p2a: Arcanine|Morning Sun|p2a: Arcanine\n|-heal|p2a: Arcanine|345\/383\n|\n|-heal|p2a: Arcanine|368\/383|[from] item: Leftovers\n|turn|98\n|\n|move|p2a: Arcanine|Flare Blitz|p1a: Florges\n|-damage|p1a: Florges|71\/360\n|-damage|p2a: Arcanine|312\/383|[from] recoil|[of] p1a: Florges\n|move|p1a: Florges|Wish|p1a: Florges\n|\n|-heal|p2a: Arcanine|335\/383|[from] item: Leftovers\n|turn|99\n|\n|switch|p2a: Toxicroak|Toxicroak, M|277\/307\n|move|p1a: Florges|Protect|p1a: Florges\n|-fail|p1a: Florges\n|\n|-heal|p1a: Florges|251\/360|[from] move: Wish|[wisher] Florges\n|turn|100\n|\n|switch|p1a: Swampert|Swampert, M|299\/401\n|move|p2a: Toxicroak|Drain Punch|p1a: Swampert\n|-crit|p1a: Swampert\n|-damage|p1a: Swampert|91\/401\n|-heal|p2a: Toxicroak|307\/307|[from] drain|[of] p1a: Swampert\n|-damage|p2a: Toxicroak|277\/307|[from] item: Life Orb\n|\n|-heal|p1a: Swampert|116\/401|[from] item: Leftovers\n|turn|101\n|\n|move|p2a: Toxicroak|Drain Punch|p1a: Swampert\n|-damage|p1a: Swampert|0 fnt\n|-heal|p2a: Toxicroak|307\/307|[from] drain|[of] p1a: Swampert\n|-damage|p2a: Toxicroak|277\/307|[from] item: Life Orb\n|faint|p1a: Swampert\n|\n|\n|switch|p1a: Toxicroak|Toxicroak, M|300\/333\n|turn|102\n|\n|switch|p2a: Arcanine|Arcanine, F|335\/383\n|-ability|p2a: Arcanine|Intimidate|[of] p1a: Toxicroak\n|-unboost|p1a: Toxicroak|atk|1\n|move|p1a: Toxicroak|Swords Dance|p1a: Toxicroak\n|-boost|p1a: Toxicroak|atk|2\n|\n|-heal|p2a: Arcanine|358\/383|[from] item: Leftovers\n|turn|103\n|\n|move|p1a: Toxicroak|Poison Jab|p2a: Arcanine\n|-damage|p2a: Arcanine|144\/383\n|-status|p2a: Arcanine|psn\n|-damage|p1a: Toxicroak|267\/333|[from] item: Life Orb\n|move|p2a: Arcanine|Will-O-Wisp|p1a: Toxicroak\n|-status|p1a: Toxicroak|brn\n|\n|-heal|p2a: Arcanine|167\/383 psn|[from] item: Leftovers\n|-damage|p1a: Toxicroak|226\/333 brn|[from] brn\n|-damage|p2a: Arcanine|120\/383 psn|[from] psn\n|turn|104\n|\n|switch|p1a: Florges|Florges, F|251\/360\n|move|p2a: Arcanine|Morning Sun|p2a: Arcanine\n|-heal|p2a: Arcanine|311\/383 psn\n|\n|-heal|p2a: Arcanine|334\/383 psn|[from] item: Leftovers\n|-damage|p2a: Arcanine|287\/383 psn|[from] psn\n|turn|105\n|\n|switch|p2a: Steelix|Steelix, M|307\/353\n|move|p1a: Florges|Aromatherapy|p1a: Florges\n|-cureteam|p1a: Florges|[from] move: Aromatherapy\n|\n|-heal|p2a: Steelix|329\/353|[from] item: Leftovers\n|turn|106\n|\n|switch|p1a: Flygon|Flygon, M|169\/301\n|move|p2a: Steelix|Stealth Rock|p1a: Flygon\n|-sidestart|p1: low ladder champ|move: Stealth Rock\n|\n|-heal|p2a: Steelix|351\/353|[from] item: Leftovers\n|turn|107\n|\n|move|p1a: Flygon|Defog|p2a: Steelix\n|-unboost|p2a: Steelix|evasion|1\n|-sideend|p1: low ladder champ|Stealth Rock|[from] move: Defog|[of] p1a: Flygon\n|move|p2a: Steelix|Gyro Ball|p1a: Flygon\n|-crit|p1a: Flygon\n|-damage|p1a: Flygon|0 fnt\n|faint|p1a: Flygon\n|\n|-heal|p2a: Steelix|353\/353|[from] item: Leftovers\n|\n|switch|p1a: Victini|Victini|146\/341\n|turn|108\n|\n|move|p1a: Victini|V-create|p2a: Steelix\n|-supereffective|p2a: Steelix\n|-damage|p2a: Steelix|63\/353\n|-unboost|p1a: Victini|def|1\n|-unboost|p1a: Victini|spd|1\n|-unboost|p1a: Victini|spe|1\n|move|p2a: Steelix|Stealth Rock|p1a: Victini\n|-sidestart|p1: low ladder champ|move: Stealth Rock\n|\n|-heal|p2a: Steelix|85\/353|[from] item: Leftovers\n|turn|109\n|\n|move|p2a: Steelix|Protect|p2a: Steelix\n|-singleturn|p2a: Steelix|Protect\n|move|p1a: Victini|V-create|p2a: Steelix\n|-activate|p2a: Steelix|Protect\n|\n|-heal|p2a: Steelix|107\/353|[from] item: Leftovers\n|turn|110\n|\n|move|p1a: Victini|U-turn|p2a: Steelix\n|-resisted|p2a: Steelix\n|-damage|p2a: Steelix|89\/353\n|\n|switch|p1a: Florges|Florges, F|251\/360\n|-damage|p1a: Florges|206\/360|[from] Stealth Rock\n|move|p2a: Steelix|Gyro Ball|p1a: Florges\n|-supereffective|p1a: Florges\n|-damage|p1a: Florges|50\/360\n|\n|-heal|p2a: Steelix|111\/353|[from] item: Leftovers\n|turn|111\n|\n|move|p1a: Florges|Wish|p1a: Florges\n|move|p2a: Steelix|Gyro Ball|p1a: Florges\n|-supereffective|p1a: Florges\n|-damage|p1a: Florges|0 fnt\n|faint|p1a: Florges\n|\n|-heal|p2a: Steelix|133\/353|[from] item: Leftovers\n|\n|switch|p1a: Toxicroak|Toxicroak, M|226\/333\n|-damage|p1a: Toxicroak|206\/333|[from] Stealth Rock\n|turn|112\n|\n|move|p1a: Toxicroak|Drain Punch|p2a: Steelix\n|-supereffective|p2a: Steelix\n|-damage|p2a: Steelix|0 fnt\n|-heal|p1a: Toxicroak|273\/333|[from] drain|[of] p2a: Steelix\n|-damage|p1a: Toxicroak|240\/333|[from] item: Life Orb\n|faint|p2a: Steelix\n|\n|-heal|p1a: Toxicroak|333\/333|[from] move: Wish|[wisher] Florges\n|\n|switch|p2a: Mew|Mew|232\/403\n|turn|113\n|\n|switch|p1a: Victini|Victini|146\/341\n|-damage|p1a: Victini|61\/341|[from] Stealth Rock\n|move|p2a: Mew|Roost|p2a: Mew\n|-heal|p2a: Mew|403\/403\n|\n|turn|114\n|\n|move|p2a: Mew|Knock Off|p1a: Victini\n|-supereffective|p1a: Victini\n|-damage|p1a: Victini|0 fnt\n|faint|p1a: Victini\n|\n|\n|switch|p1a: Toxicroak|Toxicroak, M|333\/333\n|-damage|p1a: Toxicroak|313\/333|[from] Stealth Rock\n|turn|115\n|\n|move|p2a: Mew|Will-O-Wisp|p1a: Toxicroak\n|-status|p1a: Toxicroak|brn\n|move|p1a: Toxicroak|Swords Dance|p1a: Toxicroak\n|-boost|p1a: Toxicroak|atk|2\n|\n|-damage|p1a: Toxicroak|272\/333 brn|[from] brn\n|turn|116\n|\n|move|p2a: Mew|Knock Off|p1a: Toxicroak\n|-resisted|p1a: Toxicroak\n|-damage|p1a: Toxicroak|222\/333 brn\n|-enditem|p1a: Toxicroak|Life Orb|[from] move: Knock Off|[of] p2a: Mew\n|move|p1a: Toxicroak|Swords Dance|p1a: Toxicroak\n|-boost|p1a: Toxicroak|atk|2\n|\n|-damage|p1a: Toxicroak|181\/333 brn|[from] brn\n|turn|117\n|\n|switch|p2a: Arcanine|Arcanine, F|287\/383 psn\n|-ability|p2a: Arcanine|Intimidate|[of] p1a: Toxicroak\n|-unboost|p1a: Toxicroak|atk|1\n|move|p1a: Toxicroak|Swords Dance|p1a: Toxicroak\n|-boost|p1a: Toxicroak|atk|2\n|\n|-heal|p2a: Arcanine|310\/383 psn|[from] item: Leftovers\n|-damage|p1a: Toxicroak|140\/333 brn|[from] brn\n|-damage|p2a: Arcanine|263\/383 psn|[from] psn\n|turn|118\n|\n|switch|p2a: Florges|Florges, F|359\/359\n|move|p1a: Toxicroak|Drain Punch|p2a: Florges\n|-resisted|p2a: Florges\n|-damage|p2a: Florges|248\/359\n|-heal|p1a: Toxicroak|196\/333 brn|[from] drain|[of] p2a: Florges\n|\n|-heal|p2a: Florges|270\/359|[from] item: Leftovers\n|-damage|p1a: Toxicroak|155\/333 brn|[from] brn\n|turn|119\n|\n|move|p2a: Florges|Protect|p2a: Florges\n|-singleturn|p2a: Florges|Protect\n|move|p1a: Toxicroak|Poison Jab|p2a: Florges\n|-activate|p2a: Florges|Protect\n|\n|-heal|p2a: Florges|292\/359|[from] item: Leftovers\n|-damage|p1a: Toxicroak|114\/333 brn|[from] brn\n|turn|120\n|\n|move|p1a: Toxicroak|Drain Punch|p2a: Florges\n|-resisted|p2a: Florges\n|-damage|p2a: Florges|178\/359\n|-heal|p1a: Toxicroak|171\/333 brn|[from] drain|[of] p2a: Florges\n|move|p2a: Florges|Moonblast|p1a: Toxicroak\n|-damage|p1a: Toxicroak|0 fnt\n|faint|p1a: Toxicroak\n|\n|win|rig@mortus\n|raw|Ladder updating...\n|chat|rig@mortus|gg\n|leave|low ladder champ\n|player|p1\n|raw|low ladder champ's rating: 1580 &rarr; <strong>1558<\/strong><br \/>(-22 for losing)\n|raw|rig@mortus's rating: 1551 &rarr; <strong>1573<\/strong><br \/>(+22 for winning)","inputlog":null,"uploadtime":1396827011,"views":15,"p1id":"lowladderchamp","p2id":"rigmortus","formatid":"uu","rating":1558,"private":0,"password":null}