{"id":"uu-103865170","p1":"shadow_phoenix_604","p2":"rig@mortus","format":"uu","log":"|join|shadow_phoenix_604\n|join|rig@mortus\n|player|p1|shadow_phoenix_604|52\n|player|p2|rig@mortus|102\n|gametype|singles\n|gen|6\n|tier|UU\n|rated\n|clearpoke\n|poke|p1|Slowbro, M\n|poke|p1|Darmanitan, M\n|poke|p1|Jolteon, F\n|poke|p1|Mienshao, M\n|poke|p1|Absol, M\n|poke|p1|Amoonguss, M\n|poke|p2|Porygon-Z\n|poke|p2|Victini\n|poke|p2|Starmie\n|poke|p2|Flygon, M\n|poke|p2|Aggron, F\n|poke|p2|Honchkrow, F\n|rule|Sleep Clause Mod: Limit one foe put to sleep\n|rule|Species Clause: Limit one of each Pokemon\n|rule|OHKO Clause: OHKO moves are banned\n|rule|Moody Clause: Moody is banned\n|rule|Evasion Moves Clause: Evasion moves are banned\n|rule|Endless Battle Clause: Forcing endless battles is banned.\n|rule|HP Percentage Mod: HP is reported as percentages\n|teampreview\n|\n|start\n|switch|p1a: Mienshao|Mienshao, M|271\/271\n|switch|p2a: Flygon|Flygon, M|301\/301\n|turn|1\n|\n|move|p2a: Flygon|U-turn|p1a: Mienshao\n|-resisted|p1a: Mienshao\n|-damage|p1a: Mienshao|214\/271\n|\n|switch|p2a: Aggron|Aggron, F|343\/343\n|move|p1a: Mienshao|High Jump Kick|p2a: Aggron\n|-supereffective|p2a: Aggron\n|-activate|p2a: Aggron|Sturdy\n|-damage|p2a: Aggron|1\/343\n|\n|turn|2\n|\n|-formechange|p2a: Aggron|Aggron-Mega\n|message|Aggron has Mega Evolved into Mega Aggron!\n|move|p1a: Mienshao|High Jump Kick|p2a: Aggron\n|-supereffective|p2a: Aggron\n|-damage|p2a: Aggron|0 fnt\n|faint|p2a: Aggron\n|\n|\n|switch|p2a: Starmie|Starmie|261\/261\n|turn|3\n|\n|switch|p1a: Amoonguss|Amoonguss, M|431\/431\n|move|p2a: Starmie|Ice Beam|p1a: Amoonguss\n|-supereffective|p1a: Amoonguss\n|-damage|p1a: Amoonguss|244\/431\n|-damage|p2a: Starmie|235\/261|[from] item: Life Orb\n|\n|-heal|p1a: Amoonguss|270\/431|[from] item: Black Sludge\n|turn|4\n|\n|switch|p2a: Victini|Victini|341\/341\n|move|p1a: Amoonguss|Spore|p2a: Victini\n|-status|p2a: Victini|slp\n|\n|-heal|p1a: Amoonguss|296\/431|[from] item: Black Sludge\n|turn|5\n|\n|switch|p1a: Slowbro|Slowbro, M|394\/394\n|cant|p2a: Victini|slp\n|\n|turn|6\n|\n|-curestatus|p2a: Victini|slp\n|move|p2a: Victini|U-turn|p1a: Slowbro\n|-crit|p1a: Slowbro\n|-supereffective|p1a: Slowbro\n|-damage|p1a: Slowbro|188\/394\n|\n|switch|p2a: Starmie|Starmie|235\/261\n|move|p1a: Slowbro|Scald|p2a: Starmie\n|-resisted|p2a: Starmie\n|-damage|p2a: Starmie|183\/261\n|-status|p2a: Starmie|brn\n|\n|-heal|p1a: Slowbro|212\/394|[from] item: Leftovers\n|-damage|p2a: Starmie|151\/261 brn|[from] brn\n|turn|7\n|\n|switch|p2a: Victini|Victini|341\/341\n|switch|p1a: Amoonguss|Amoonguss, M|431\/431\n|\n|turn|8\n|\n|switch|p1a: Slowbro|Slowbro, M|343\/394\n|move|p2a: Victini|Bolt Strike|p1a: Slowbro\n|-supereffective|p1a: Slowbro\n|-damage|p1a: Slowbro|93\/394\n|\n|-heal|p1a: Slowbro|117\/394|[from] item: Leftovers\n|turn|9\n|\n|switch|p2a: Flygon|Flygon, M|301\/301\n|switch|p1a: Jolteon|Jolteon, F|272\/272\n|\n|turn|10\n|\n|switch|p1a: Slowbro|Slowbro, M|248\/394\n|move|p2a: Flygon|U-turn|p1a: Slowbro\n|-supereffective|p1a: Slowbro\n|-damage|p1a: Slowbro|150\/394\n|\n|switch|p2a: Honchkrow|Honchkrow, F|341\/341\n|\n|-heal|p1a: Slowbro|174\/394|[from] item: Leftovers\n|turn|11\n|\n|move|p2a: Honchkrow|Pursuit|p1a: Slowbro|[from]Pursuit\n|-supereffective|p1a: Slowbro\n|-damage|p1a: Slowbro|0 fnt\n|-damage|p2a: Honchkrow|307\/341|[from] item: Life Orb\n|faint|p1a: Slowbro\n|-boost|p2a: Honchkrow|atk|1|[from] ability: Moxie\n|\n|\n|switch|p1a: Mienshao|Mienshao, M|214\/271\n|turn|12\n|\n|move|p2a: Honchkrow|Sucker Punch|p1a: Mienshao\n|-resisted|p1a: Mienshao\n|-damage|p1a: Mienshao|0 fnt\n|-damage|p2a: Honchkrow|273\/341|[from] item: Life Orb\n|faint|p1a: Mienshao\n|-boost|p2a: Honchkrow|atk|1|[from] ability: Moxie\n|\n|\n|switch|p1a: Absol|Absol, M|271\/271\n|turn|13\n|\n|-formechange|p1a: Absol|Absol-Mega\n|message|Absol has Mega Evolved into Mega Absol!\n|move|p1a: Absol|Sucker Punch|p2a: Honchkrow\n|-resisted|p2a: Honchkrow\n|-damage|p2a: Honchkrow|130\/341\n|move|p2a: Honchkrow|Superpower|p1a: Absol\n|-crit|p1a: Absol\n|-supereffective|p1a: Absol\n|-damage|p1a: Absol|0 fnt\n|-unboost|p2a: Honchkrow|atk|1\n|-unboost|p2a: Honchkrow|def|1\n|-damage|p2a: Honchkrow|96\/341|[from] item: Life Orb\n|faint|p1a: Absol\n|-boost|p2a: Honchkrow|atk|1|[from] ability: Moxie\n|\n|-message|shadow_phoenix_604 forfeited.\n|\n|win|rig@mortus\n|raw|Ladder updating...\n|leave|shadow_phoenix_604\n|player|p1\n|raw|shadow_phoenix_604's rating: 1323 &rarr; <strong>1297<\/strong><br \/>(-26 for losing)\n|raw|rig@mortus's rating: 1224 &rarr; <strong>1256<\/strong><br \/>(+32 for winning)","inputlog":null,"uploadtime":1396075375,"views":7,"p1id":"shadowphoenix604","p2id":"rigmortus","formatid":"uu","rating":1256,"private":0,"password":null}