{"id":"uu-104004442","p1":"rig@mortus","p2":"Blakia","format":"uu","log":"|join|rig@mortus\n|join|Blakia\n|player|p1|rig@mortus|102\n|player|p2|Blakia|184\n|gametype|singles\n|gen|6\n|tier|UU\n|rated\n|clearpoke\n|poke|p1|Porygon-Z\n|poke|p1|Victini\n|poke|p1|Starmie\n|poke|p1|Flygon, M\n|poke|p1|Aggron, M\n|poke|p1|Honchkrow, M\n|poke|p2|Florges, F\n|poke|p2|Blastoise, M\n|poke|p2|Heracross, M\n|poke|p2|Weavile, M\n|poke|p2|Crobat, F\n|poke|p2|Chandelure, F\n|rule|Sleep Clause Mod: Limit one foe put to sleep\n|rule|Species Clause: Limit one of each Pokemon\n|rule|OHKO Clause: OHKO moves are banned\n|rule|Moody Clause: Moody is banned\n|rule|Evasion Moves Clause: Evasion moves are banned\n|rule|Endless Battle Clause: Forcing endless battles is banned.\n|rule|HP Percentage Mod: HP is reported as percentages\n|teampreview\n|\n|start\n|switch|p1a: Victini|Victini|341\/341\n|switch|p2a: Chandelure|Chandelure, F|261\/261\n|turn|1\n|\n|move|p1a: Victini|U-turn|p2a: Chandelure\n|-resisted|p2a: Chandelure\n|-damage|p2a: Chandelure|240\/261\n|\n|switch|p1a: Honchkrow|Honchkrow, M|341\/341\n|move|p2a: Chandelure|Shadow Ball|p1a: Honchkrow\n|-resisted|p1a: Honchkrow\n|-damage|p1a: Honchkrow|183\/341\n|\n|turn|2\n|\n|switch|p2a: Weavile|Weavile, M|282\/282\n|-ability|p2a: Weavile|Pressure\n|move|p1a: Honchkrow|Brave Bird|p2a: Weavile\n|-damage|p2a: Weavile|0 fnt\n|-damage|p1a: Honchkrow|90\/341|[from] recoil|[of] p2a: Weavile\n|-damage|p1a: Honchkrow|56\/341|[from] item: Life Orb\n|faint|p2a: Weavile\n|-boost|p1a: Honchkrow|atk|1|[from] ability: Moxie\n|\n|\n|switch|p2a: Crobat|Crobat, F|312\/312\n|turn|3\n|\n|move|p1a: Honchkrow|Sucker Punch|p2a: Crobat\n|-damage|p2a: Crobat|0 fnt\n|-damage|p1a: Honchkrow|22\/341|[from] item: Life Orb\n|faint|p2a: Crobat\n|-boost|p1a: Honchkrow|atk|1|[from] ability: Moxie\n|\n|\n|switch|p2a: Florges|Florges, F|360\/360\n|turn|4\n|\n|move|p1a: Honchkrow|Brave Bird|p2a: Florges\n|-damage|p2a: Florges|0 fnt\n|-damage|p1a: Honchkrow|0 fnt|[from] recoil|[of] p2a: Florges\n|faint|p2a: Florges\n|faint|p1a: Honchkrow\n|\n|\n|switch|p1a: Victini|Victini|341\/341\n|switch|p2a: Chandelure|Chandelure, F|240\/261\n|turn|5\n|\n|move|p1a: Victini|Zen Headbutt|p2a: Chandelure\n|-damage|p2a: Chandelure|90\/261\n|move|p2a: Chandelure|Shadow Ball|p1a: Victini\n|-supereffective|p1a: Victini\n|-damage|p1a: Victini|11\/341\n|\n|turn|6\n|\n|switch|p2a: Blastoise|Blastoise, M|362\/362\n|move|p1a: Victini|Zen Headbutt|p2a: Blastoise\n|-damage|p2a: Blastoise|173\/362\n|\n|turn|7\n|\n|-formechange|p2a: Blastoise|Blastoise-Mega\n|message|Blastoise has Mega Evolved into Mega Blastoise!\n|move|p1a: Victini|Zen Headbutt|p2a: Blastoise\n|-damage|p2a: Blastoise|31\/362\n|move|p2a: Blastoise|Dark Pulse|p1a: Victini\n|-supereffective|p1a: Victini\n|-damage|p1a: Victini|0 fnt\n|faint|p1a: Victini\n|\n|\n|switch|p1a: Flygon|Flygon, M|301\/301\n|turn|8\n|\n|move|p1a: Flygon|U-turn|p2a: Blastoise\n|-damage|p2a: Blastoise|0 fnt\n|faint|p2a: Blastoise\n|\n|switch|p1a: Aggron|Aggron, M|343\/343\n|\n|\n|switch|p2a: Heracross|Heracross, M|302\/302\n|turn|9\n|\n|move|p2a: Heracross|Close Combat|p1a: Aggron\n|-supereffective|p1a: Aggron\n|-activate|p1a: Aggron|Sturdy\n|-damage|p1a: Aggron|1\/343\n|-unboost|p2a: Heracross|def|1\n|-unboost|p2a: Heracross|spd|1\n|move|p1a: Aggron|Stealth Rock|p2a: Heracross\n|-sidestart|p2: Blakia|move: Stealth Rock\n|\n|turn|10\n|\n|move|p2a: Heracross|Close Combat|p1a: Aggron\n|-supereffective|p1a: Aggron\n|-damage|p1a: Aggron|0 fnt\n|-unboost|p2a: Heracross|def|1\n|-unboost|p2a: Heracross|spd|1\n|faint|p1a: Aggron\n|\n|\n|switch|p1a: Starmie|Starmie|261\/261\n|turn|11\n|\n|switch|p2a: Chandelure|Chandelure, F|90\/261\n|-damage|p2a: Chandelure|25\/261|[from] Stealth Rock\n|move|p1a: Starmie|Surf|p2a: Chandelure\n|-supereffective|p2a: Chandelure\n|-damage|p2a: Chandelure|0 fnt\n|-damage|p1a: Starmie|235\/261|[from] item: Life Orb\n|faint|p2a: Chandelure\n|\n|\n|switch|p2a: Heracross|Heracross, M|302\/302\n|-damage|p2a: Heracross|265\/302|[from] Stealth Rock\n|turn|12\n|\n|move|p1a: Starmie|Surf|p2a: Heracross\n|-damage|p2a: Heracross|66\/302\n|-damage|p1a: Starmie|209\/261|[from] item: Life Orb\n|move|p2a: Heracross|Megahorn|p1a: Starmie\n|-supereffective|p1a: Starmie\n|-damage|p1a: Starmie|0 fnt\n|faint|p1a: Starmie\n|\n|\n|switch|p1a: Flygon|Flygon, M|301\/301\n|turn|13\n|\n|move|p1a: Flygon|Outrage|p2a: Heracross\n|-damage|p2a: Heracross|0 fnt\n|faint|p2a: Heracross\n|\n|win|rig@mortus\n|raw|Ladder updating...\n|raw|rig@mortus's rating: 1256 &rarr; <strong>1279<\/strong><br \/>(+23 for winning)\n|raw|Blakia's rating: 1231 &rarr; <strong>1208<\/strong><br \/>(-23 for losing)","inputlog":null,"uploadtime":1396115425,"views":5,"p1id":"rigmortus","p2id":"blakia","formatid":"uu","rating":1208,"private":0,"password":null}