{"id":"uu-105845458","p1":"rig@mortus","p2":"mcts","format":"uu","log":"|join|rig@mortus\n|join|mcts\n|player|p1|rig@mortus|1\n|player|p2|mcts|147\n|gametype|singles\n|gen|6\n|tier|UU\n|rated\n|clearpoke\n|poke|p1|Heracross, F\n|poke|p1|Starmie\n|poke|p1|Rotom-Heat\n|poke|p1|Absol, F\n|poke|p1|Metagross\n|poke|p1|Celebi\n|poke|p2|Raikou\n|poke|p2|Darmanitan, M\n|poke|p2|Suicune\n|poke|p2|Florges, F\n|poke|p2|Roserade, M\n|poke|p2|Forretress, F\n|rule|Sleep Clause Mod: Limit one foe put to sleep\n|rule|Species Clause: Limit one of each Pokemon\n|rule|OHKO Clause: OHKO moves are banned\n|rule|Moody Clause: Moody is banned\n|rule|Evasion Moves Clause: Evasion moves are banned\n|rule|Endless Battle Clause: Forcing endless battles is banned.\n|rule|HP Percentage Mod: HP is reported as percentages\n|teampreview\n|\n|start\n|switch|p1a: Rotom-Heat|Rotom-Heat|241\/241\n|switch|p2a: Darmanitan|Darmanitan, M|352\/352\n|turn|1\n|\n|switch|p1a: Metagross|Metagross|363\/363\n|move|p2a: Darmanitan|Stone Edge|p1a: Metagross\n|-resisted|p1a: Metagross\n|-damage|p1a: Metagross|310\/363\n|\n|-heal|p1a: Metagross|332\/363|[from] item: Leftovers\n|turn|2\n|\n|switch|p2a: Suicune|Suicune|404\/404\n|-ability|p2a: Suicune|Pressure\n|move|p1a: Metagross|Stealth Rock|p2a: Suicune\n|-sidestart|p2: mcts|move: Stealth Rock\n|\n|-heal|p1a: Metagross|354\/363|[from] item: Leftovers\n|turn|3\n|\n|switch|p1a: Celebi|Celebi|341\/341\n|move|p2a: Suicune|Scald|p1a: Celebi\n|-resisted|p1a: Celebi\n|-damage|p1a: Celebi|297\/341\n|\n|turn|4\n|\n|switch|p2a: Forretress|Forretress, F|354\/354\n|-damage|p2a: Forretress|310\/354|[from] Stealth Rock\n|move|p1a: Celebi|Nasty Plot|p1a: Celebi\n|-boost|p1a: Celebi|spa|2\n|\n|-heal|p2a: Forretress|332\/354|[from] item: Leftovers\n|turn|5\n|\n|move|p1a: Celebi|Earth Power|p2a: Forretress\n|-damage|p2a: Forretress|0 fnt\n|-damage|p1a: Celebi|263\/341|[from] item: Life Orb\n|faint|p2a: Forretress\n|\n|\n|switch|p2a: Darmanitan|Darmanitan, M|352\/352\n|-damage|p2a: Darmanitan|264\/352|[from] Stealth Rock\n|turn|6\n|\n|switch|p1a: Starmie|Starmie|263\/263\n|move|p2a: Darmanitan|U-turn|p1a: Starmie\n|-supereffective|p1a: Starmie\n|-damage|p1a: Starmie|61\/263\n|\n|switch|p2a: Raikou|Raikou|322\/322\n|-damage|p2a: Raikou|282\/322|[from] Stealth Rock\n|-ability|p2a: Raikou|Pressure\n|\n|-heal|p2a: Raikou|302\/322|[from] item: Leftovers\n|turn|7\n|\n|move|p2a: Raikou|Thunderbolt|p1a: Starmie\n|-supereffective|p1a: Starmie\n|-damage|p1a: Starmie|0 fnt\n|faint|p1a: Starmie\n|\n|-heal|p2a: Raikou|322\/322|[from] item: Leftovers\n|\n|switch|p1a: Heracross|Heracross, F|301\/301\n|turn|8\n|\n|switch|p2a: Suicune|Suicune|404\/404\n|-damage|p2a: Suicune|354\/404|[from] Stealth Rock\n|-ability|p2a: Suicune|Pressure\n|move|p1a: Heracross|Megahorn|p2a: Suicune\n|-damage|p2a: Suicune|119\/404\n|\n|-heal|p2a: Suicune|144\/404|[from] item: Leftovers\n|turn|9\n|\n|move|p1a: Heracross|Megahorn|p2a: Suicune\n|-damage|p2a: Suicune|0 fnt\n|faint|p2a: Suicune\n|\n|\n|switch|p2a: Darmanitan|Darmanitan, M|264\/352\n|-damage|p2a: Darmanitan|176\/352|[from] Stealth Rock\n|turn|10\n|\n|switch|p1a: Absol|Absol, F|271\/271\n|move|p2a: Darmanitan|Stone Edge|p1a: Absol\n|-damage|p1a: Absol|76\/271\n|\n|turn|11\n|\n|switch|p2a: Raikou|Raikou|322\/322\n|-damage|p2a: Raikou|282\/322|[from] Stealth Rock\n|-ability|p2a: Raikou|Pressure\n|-formechange|p1a: Absol|Absol-Mega\n|message|Absol has Mega Evolved into Mega Absol!\n|move|p1a: Absol|Swords Dance|p1a: Absol\n|-boost|p1a: Absol|atk|2\n|\n|-heal|p2a: Raikou|302\/322|[from] item: Leftovers\n|turn|12\n|\n|move|p1a: Absol|Night Slash|p2a: Raikou\n|-damage|p2a: Raikou|0 fnt\n|faint|p2a: Raikou\n|\n|-message|mcts forfeited.\n|\n|win|rig@mortus\n|raw|Ladder updating...\n|leave|mcts\n|player|p2\n|raw|rig@mortus's rating: 1473 &rarr; <strong>1495<\/strong><br \/>(+22 for winning)\n|raw|mcts's rating: 1509 &rarr; <strong>1487<\/strong><br \/>(-22 for losing)","inputlog":null,"uploadtime":1396562854,"views":5,"p1id":"rigmortus","p2id":"mcts","formatid":"uu","rating":1487,"private":0,"password":null}