{"id":"uu-105868339","p1":"King UU","p2":"rig@mortus","format":"uu","log":"|join|King UU\n|join|rig@mortus\n|player|p1|King UU|10\n|player|p2|rig@mortus|1\n|gametype|singles\n|gen|6\n|tier|UU\n|rated\n|clearpoke\n|poke|p1|Victini\n|poke|p1|Manectric, M\n|poke|p1|Forretress, M\n|poke|p1|Swampert, M\n|poke|p1|Snorlax, F\n|poke|p1|Crobat, M\n|poke|p2|Heracross, M\n|poke|p2|Starmie\n|poke|p2|Rotom-Heat\n|poke|p2|Absol, M\n|poke|p2|Metagross\n|poke|p2|Celebi\n|rule|Sleep Clause Mod: Limit one foe put to sleep\n|rule|Species Clause: Limit one of each Pokemon\n|rule|OHKO Clause: OHKO moves are banned\n|rule|Moody Clause: Moody is banned\n|rule|Evasion Moves Clause: Evasion moves are banned\n|rule|Endless Battle Clause: Forcing endless battles is banned.\n|rule|HP Percentage Mod: HP is reported as percentages\n|teampreview\n|\n|start\n|switch|p1a: Victini|Victini|341\/341\n|switch|p2a: Rotom-Heat|Rotom-Heat|241\/241\n|turn|1\n|\n|move|p2a: Rotom-Heat|Volt Switch|p1a: Victini\n|-damage|p1a: Victini|235\/341\n|join|Bandy Chandy imo\n|\n|switch|p2a: Metagross|Metagross|363\/363\n|move|p1a: Victini|U-turn|p2a: Metagross\n|-damage|p2a: Metagross|281\/363\n|\n|switch|p1a: Swampert|Swampert, M|404\/404\n|\n|-heal|p2a: Metagross|303\/363|[from] item: Leftovers\n|turn|2\n|\n|move|p2a: Metagross|Stealth Rock|p1a: Swampert\n|-sidestart|p1: King UU|move: Stealth Rock\n|move|p1a: Swampert|Stealth Rock|p2a: Metagross\n|-sidestart|p2: rig@mortus|move: Stealth Rock\n|\n|-heal|p2a: Metagross|325\/363|[from] item: Leftovers\n|turn|3\n|\n|switch|p2a: Celebi|Celebi|341\/341\n|-damage|p2a: Celebi|299\/341|[from] Stealth Rock\n|move|p1a: Swampert|Earthquake|p2a: Celebi\n|-resisted|p2a: Celebi\n|-damage|p2a: Celebi|236\/341\n|\n|turn|4\n|\n|switch|p1a: Forretress|Forretress, M|354\/354\n|-damage|p1a: Forretress|310\/354|[from] Stealth Rock\n|move|p2a: Celebi|Psychic|p1a: Forretress\n|-resisted|p1a: Forretress\n|-damage|p1a: Forretress|157\/354\n|-damage|p2a: Celebi|202\/341|[from] item: Life Orb\n|\n|-heal|p1a: Forretress|179\/354|[from] item: Leftovers\n|turn|5\n|\n|move|p2a: Celebi|Earth Power|p1a: Forretress\n|-damage|p1a: Forretress|0 fnt\n|-damage|p2a: Celebi|168\/341|[from] item: Life Orb\n|faint|p1a: Forretress\n|\n|\n|switch|p1a: Crobat|Crobat, M|311\/311\n|-damage|p1a: Crobat|234\/311|[from] Stealth Rock\n|turn|6\n|leave|Bandy Chandy imo\n|\n|switch|p2a: Metagross|Metagross|325\/363\n|-damage|p2a: Metagross|303\/363|[from] Stealth Rock\n|move|p1a: Crobat|U-turn|p2a: Metagross\n|-damage|p2a: Metagross|250\/363\n|\n|switch|p1a: Victini|Victini|235\/341\n|-damage|p1a: Victini|150\/341|[from] Stealth Rock\n|\n|-heal|p2a: Metagross|272\/363|[from] item: Leftovers\n|turn|7\n|join|fbc\n|\n|move|p1a: Victini|V-create|p2a: Metagross\n|-supereffective|p2a: Metagross\n|-damage|p2a: Metagross|0 fnt\n|-unboost|p1a: Victini|def|1\n|-unboost|p1a: Victini|spd|1\n|-unboost|p1a: Victini|spe|1\n|faint|p2a: Metagross\n|\n|chat|fbc|kink\n|chat|fbc|volc goodra and luke\n|chat|King UU|mm?\n|\n|switch|p2a: Starmie|Starmie|263\/263\n|-damage|p2a: Starmie|231\/263|[from] Stealth Rock\n|turn|8\n|chat|fbc|aren't u excited\n|chat|King UU|really?\n|chat|fbc|y\n|chat|King UU|Volc is coming to UU\n|chat|King UU|wat\n|chat|King UU|wat\n|chat|King UU|wat goodra\n|chat|King UU|WAT\n|chat|King UU|WAT\n|\n|move|p2a: Starmie|Rapid Spin|p1a: Victini\n|-damage|p1a: Victini|129\/341\n|-sideend|p2: rig@mortus|Stealth Rock|[from] move: Rapid Spin|[of] p2a: Starmie\n|-damage|p2a: Starmie|205\/263|[from] item: Life Orb\n|move|p1a: Victini|V-create|p2a: Starmie\n|-resisted|p2a: Starmie\n|-damage|p2a: Starmie|0 fnt\n|-unboost|p1a: Victini|def|1\n|-unboost|p1a: Victini|spd|1\n|-unboost|p1a: Victini|spe|1\n|faint|p2a: Starmie\n|\n|\n|switch|p2a: Absol|Absol, M|271\/271\n|turn|9\n|\n|-formechange|p2a: Absol|Absol-Mega\n|message|Absol has Mega Evolved into Mega Absol!\n|move|p2a: Absol|Night Slash|p1a: Victini\n|-supereffective|p1a: Victini\n|-damage|p1a: Victini|0 fnt\n|faint|p1a: Victini\n|\n|join|Fook Me\n|\n|switch|p1a: Swampert|Swampert, M|404\/404\n|-damage|p1a: Swampert|379\/404|[from] Stealth Rock\n|turn|10\n|\n|switch|p2a: Celebi|Celebi|168\/341\n|move|p1a: Swampert|Scald|p2a: Celebi\n|-resisted|p2a: Celebi\n|-damage|p2a: Celebi|125\/341\n|-status|p2a: Celebi|brn\n|\n|-heal|p1a: Swampert|404\/404|[from] item: Leftovers\n|-damage|p2a: Celebi|83\/341 brn|[from] brn\n|turn|11\n|\n|switch|p1a: Crobat|Crobat, M|234\/311\n|-damage|p1a: Crobat|157\/311|[from] Stealth Rock\n|move|p2a: Celebi|Psychic|p1a: Crobat\n|-supereffective|p1a: Crobat\n|-damage|p1a: Crobat|0 fnt\n|-damage|p2a: Celebi|49\/341 brn|[from] item: Life Orb\n|faint|p1a: Crobat\n|\n|-damage|p2a: Celebi|7\/341 brn|[from] brn\n|\n|switch|p1a: Manectric|Manectric, M|281\/281\n|-damage|p1a: Manectric|246\/281|[from] Stealth Rock\n|turn|12\n|\n|move|p1a: Manectric|Thunderbolt|p2a: Celebi\n|-resisted|p2a: Celebi\n|-damage|p2a: Celebi|0 fnt\n|faint|p2a: Celebi\n|\n|\n|switch|p2a: Absol|Absol, M|271\/271\n|-formechange|p2a: Absol|Absol-Mega\n|turn|13\n|\n|-formechange|p1a: Manectric|Manectric-Mega\n|message|Manectric has Mega Evolved into Mega Manectric!\n|-ability|p1a: Manectric|Intimidate|[of] p2a: Absol\n|-unboost|p2a: Absol|atk|1\n|move|p2a: Absol|Swords Dance|p2a: Absol\n|-boost|p2a: Absol|atk|2\n|move|p1a: Manectric|Thunderbolt|p2a: Absol\n|-damage|p2a: Absol|0 fnt\n|faint|p2a: Absol\n|\n|\n|switch|p2a: Rotom-Heat|Rotom-Heat|241\/241\n|turn|14\n|join|LzrGunPewPew\n|leave|LzrGunPewPew\n|\n|switch|p2a: Heracross|Heracross, M|301\/301\n|switch|p1a: Swampert|Swampert, M|404\/404\n|-damage|p1a: Swampert|379\/404|[from] Stealth Rock\n|\n|-heal|p1a: Swampert|404\/404|[from] item: Leftovers\n|turn|15\n|\n|move|p2a: Heracross|Close Combat|p1a: Swampert\n|-damage|p1a: Swampert|82\/404\n|-unboost|p2a: Heracross|def|1\n|-unboost|p2a: Heracross|spd|1\n|move|p1a: Swampert|Stealth Rock|p2a: Heracross\n|-sidestart|p2: rig@mortus|move: Stealth Rock\n|\n|-heal|p1a: Swampert|107\/404|[from] item: Leftovers\n|turn|16\n|\n|move|p2a: Heracross|Close Combat|p1a: Swampert\n|-damage|p1a: Swampert|0 fnt\n|-unboost|p2a: Heracross|def|1\n|-unboost|p2a: Heracross|spd|1\n|faint|p1a: Swampert\n|\n|\n|switch|p1a: Manectric|Manectric, M|246\/281\n|-formechange|p1a: Manectric|Manectric-Mega\n|-damage|p1a: Manectric|211\/281|[from] Stealth Rock\n|-ability|p1a: Manectric|Intimidate|[of] p2a: Heracross\n|-unboost|p2a: Heracross|atk|1\n|turn|17\n|\n|switch|p2a: Rotom-Heat|Rotom-Heat|241\/241\n|-damage|p2a: Rotom-Heat|181\/241|[from] Stealth Rock\n|move|p1a: Manectric|Thunderbolt|p2a: Rotom-Heat\n|-resisted|p2a: Rotom-Heat\n|-damage|p2a: Rotom-Heat|91\/241\n|\n|turn|18\n|join|Pleasure Kitten\n|\n|switch|p1a: Snorlax|Snorlax, F|497\/497\n|-damage|p1a: Snorlax|435\/497|[from] Stealth Rock\n|move|p2a: Rotom-Heat|Volt Switch|p1a: Snorlax\n|-damage|p1a: Snorlax|362\/497\n|\n|switch|p2a: Heracross|Heracross, M|301\/301\n|-damage|p2a: Heracross|264\/301|[from] Stealth Rock\n|\n|-heal|p1a: Snorlax|393\/497|[from] item: Leftovers\n|turn|19\n|\n|move|p2a: Heracross|Close Combat|p1a: Snorlax\n|-supereffective|p1a: Snorlax\n|-damage|p1a: Snorlax|0 fnt\n|-unboost|p2a: Heracross|def|1\n|-unboost|p2a: Heracross|spd|1\n|faint|p1a: Snorlax\n|\n|\n|switch|p1a: Manectric|Manectric, M|211\/281\n|-formechange|p1a: Manectric|Manectric-Mega\n|-damage|p1a: Manectric|176\/281|[from] Stealth Rock\n|-ability|p1a: Manectric|Intimidate|[of] p2a: Heracross\n|-unboost|p2a: Heracross|atk|1\n|turn|20\n|\n|move|p1a: Manectric|Thunderbolt|p2a: Heracross\n|-damage|p2a: Heracross|0 fnt\n|faint|p2a: Heracross\n|\n|\n|switch|p2a: Rotom-Heat|Rotom-Heat|91\/241\n|-damage|p2a: Rotom-Heat|31\/241|[from] Stealth Rock\n|turn|21\n|\n|move|p2a: Rotom-Heat|Overheat|p1a: Manectric\n|-damage|p1a: Manectric|0 fnt\n|-unboost|p2a: Rotom-Heat|spa|2\n|faint|p1a: Manectric\n|\n|win|rig@mortus\n|raw|Ladder updating...\n|raw|King UU's rating: 1580 &rarr; <strong>1555<\/strong><br \/>(-25 for losing)\n|raw|rig@mortus's rating: 1495 &rarr; <strong>1520<\/strong><br \/>(+25 for winning)\n|chat|rig@mortus|gg\n|leave|King UU\n|player|p1\n|leave|Pleasure Kitten","inputlog":null,"uploadtime":1396567312,"views":8,"p1id":"kinguu","p2id":"rigmortus","formatid":"uu","rating":1520,"private":0,"password":null}