{"id":"vgc2015-195668940","p1":"sayasasori","p2":"testingtesting1","format":"vgc2015","log":"|join|sayasasori\n|join|testingtesting1\n|player|p1|sayasasori|102\n|player|p2|testingtesting1|80\n|gametype|doubles\n|gen|6\n|tier|VGC 2015\n|rated\n|clearpoke\n|poke|p1|Manectric, L50, M\n|poke|p1|Ferrothorn, L50, F\n|poke|p1|Talonflame, L50, M\n|poke|p1|Rotom-Wash, L50\n|poke|p1|Aegislash, L50, M\n|poke|p1|Tyranitar, L50, F\n|poke|p2|Torterra, L50, F\n|poke|p2|Blaziken, L50, M\n|poke|p2|Clefairy, L50, M\n|poke|p2|Salamence, L50, F\n|poke|p2|Tyranitar, L50, F\n|rule|Species Clause: Limit one of each Pok\u00e9mon\n|rule|Item Clause: Limit one of each item\n|teampreview|4\n|\n|start\n|switch|p1a: Talonflame|Talonflame, L50, M|154\/154\n|switch|p1b: Manectric|Manectric, L50, M|148\/148\n|switch|p2a: Blaziken|Blaziken, L50, M|155\/155\n|switch|p2b: Salamence|Salamence, L50, F|181\/181\n|-ability|p2b: Salamence|Intimidate|[of] p1a: Talonflame\n|-unboost|p1a: Talonflame|atk|1\n|-ability|p2b: Salamence|Intimidate|[of] p1b: Manectric\n|-unboost|p1b: Manectric|atk|1\n|turn|1\n|\n|detailschange|p1b: Manectric|Manectric-Mega, L50, M\n|message|Manectric has Mega Evolved into Mega Manectric!\n|-ability|p1b: Manectric|Intimidate|[of] p2a: Blaziken\n|-unboost|p2a: Blaziken|atk|1\n|-ability|p1b: Manectric|Intimidate|[of] p2b: Salamence\n|-unboost|p2b: Salamence|atk|1\n|detailschange|p2b: Salamence|Salamence-Mega, L50, F\n|message|Salamence has Mega Evolved into Mega Salamence!\n|move|p2a: Blaziken|Protect|p2a: Blaziken\n|-singleturn|p2a: Blaziken|Protect\n|move|p1a: Talonflame|Tailwind|p1a: Talonflame\n|-sidestart|p1: sayasasori|move: Tailwind\n|move|p1b: Manectric|Volt Switch|p2b: Salamence\n|-damage|p2b: Salamence|108\/181\n|\n|switch|p1b: Tyranitar|Tyranitar, L50, F|207\/207\n|-weather|Sandstorm\n|move|p2b: Salamence|Dragon Claw|p1b: Tyranitar\n|-damage|p1b: Tyranitar|155\/207\n|\n|-weather|Sandstorm|[upkeep]\n|-damage|p1a: Talonflame|145\/154|[from] sandstorm\n|-damage|p2b: Salamence|97\/181|[from] sandstorm\n|-damage|p2a: Blaziken|146\/155|[from] sandstorm\n|-boost|p2a: Blaziken|spe|1|[from] ability: Speed Boost\n|turn|2\n|\n|switch|p2b: Torterra|Torterra, L50, F|170\/170\n|switch|p2a: Clefairy|Clefairy, L50, M|177\/177\n|move|p1a: Talonflame|U-turn|p2a: Clefairy\n|-resisted|p2a: Clefairy\n|-damage|p2a: Clefairy|167\/177\n|\n|switch|p1a: Manectric|Manectric-Mega, L50, M|148\/148\n|-ability|p1a: Manectric|Intimidate|[of] p2a: Clefairy\n|-unboost|p2a: Clefairy|atk|1\n|-ability|p1a: Manectric|Intimidate|[of] p2b: Torterra\n|-unboost|p2b: Torterra|atk|1\n|move|p1b: Tyranitar|Rock Slide|p2b: Torterra\n|-damage|p2a: Clefairy|134\/177\n|-miss|p1b: Tyranitar|p2b: Torterra\n|\n|-weather|Sandstorm|[upkeep]\n|-damage|p1a: Manectric|139\/148|[from] sandstorm\n|-damage|p2a: Clefairy|123\/177|[from] sandstorm\n|turn|3\n|\n|move|p2a: Clefairy|Follow Me|p2a: Clefairy\n|move|p1a: Manectric|Volt Switch|p2a: Clefairy\n|-damage|p2a: Clefairy|71\/177\n|\n|switch|p1a: Aegislash|Aegislash, L50, M|167\/167\n|move|p1b: Tyranitar|Ice Beam|p2b: Torterra\n|-damage|p2a: Clefairy|31\/177\n|move|p2b: Torterra|Wood Hammer|p1b: Tyranitar\n|-supereffective|p1b: Tyranitar\n|-damage|p1b: Tyranitar|21\/207\n|-damage|p2b: Torterra|126\/170|[from] recoil|[of] p1b: Tyranitar\n|\n|-weather|Sandstorm|[upkeep]\n|-damage|p2a: Clefairy|20\/177|[from] sandstorm\n|turn|4\n|\n|move|p2a: Clefairy|Follow Me|p2a: Clefairy\n|move|p1b: Tyranitar|Ice Beam|p2b: Torterra\n|-damage|p2a: Clefairy|0 fnt\n|faint|p2a: Clefairy\n|-formechange|p1a: Aegislash|Aegislash-Blade\n|move|p1a: Aegislash|Flash Cannon|p2b: Torterra\n|-damage|p2b: Torterra|29\/170\n|move|p2b: Torterra|Earthquake|p1b: Tyranitar\n|-supereffective|p1a: Aegislash\n|-damage|p1a: Aegislash|21\/167\n|-enditem|p1a: Aegislash|Weakness Policy\n|-boost|p1a: Aegislash|atk|2|[from] item: Weakness Policy\n|-boost|p1a: Aegislash|spa|2|[from] item: Weakness Policy\n|-supereffective|p1b: Tyranitar\n|-damage|p1b: Tyranitar|0 fnt\n|faint|p1b: Tyranitar\n|\n|-weather|Sandstorm|[upkeep]\n|-sideend|p1: sayasasori|move: Tailwind\n|\n|switch|p1b: Talonflame|Talonflame, L50, M|145\/154\n|switch|p2a: Blaziken|Blaziken, L50, M|146\/155\n|turn|5\n|\n|move|p2a: Blaziken|Protect|p2a: Blaziken\n|-singleturn|p2a: Blaziken|Protect\n|-formechange|p1a: Aegislash|Aegislash\n|move|p1a: Aegislash|King's Shield|p1a: Aegislash\n|-singleturn|p1a: Aegislash|Protect\n|move|p1b: Talonflame|U-turn|p2b: Torterra\n|-supereffective|p2b: Torterra\n|-damage|p2b: Torterra|0 fnt\n|faint|p2b: Torterra\n|\n|switch|p1b: Manectric|Manectric-Mega, L50, M|139\/148\n|-ability|p1b: Manectric|Intimidate|[of] p2a: Blaziken\n|-unboost|p2a: Blaziken|atk|1\n|\n|-weather|none\n|-boost|p2a: Blaziken|spe|1|[from] ability: Speed Boost\n|\n|switch|p2b: Salamence|Salamence-Mega, L50, F|97\/181\n|turn|6\n|\n|-formechange|p1a: Aegislash|Aegislash-Blade\n|move|p1a: Aegislash|Shadow Sneak|p2a: Blaziken\n|-damage|p2a: Blaziken|53\/155\n|move|p1b: Manectric|Hidden Power|p2b: Salamence\n|-supereffective|p2b: Salamence\n|-damage|p2b: Salamence|0 fnt\n|faint|p2b: Salamence\n|move|p2a: Blaziken|Overheat|p1a: Aegislash\n|-supereffective|p1a: Aegislash\n|-damage|p1a: Aegislash|0 fnt\n|-unboost|p2a: Blaziken|spa|2\n|-damage|p2a: Blaziken|38\/155|[from] item: Life Orb\n|faint|p1a: Aegislash\n|\n|-boost|p2a: Blaziken|spe|1|[from] ability: Speed Boost\n|\n|switch|p1a: Talonflame|Talonflame, L50, M|145\/154\n|turn|7\n|-message|testingtesting1 forfeited.\n|\n|win|sayasasori\n|raw|Ladder updating...\n|leave|testingtesting1\n|player|p2\n|c|\u2605sayasasori|gg\n|raw|sayasasori's rating: 1116 &rarr; <strong>1135<\/strong><br \/>(+19 for winning)\n|raw|testingtesting1's rating: 1031 &rarr; <strong>1020<\/strong><br \/>(-11 for losing)","inputlog":null,"uploadtime":1419143476,"views":0,"p1id":"sayasasori","p2id":"testingtesting1","formatid":"vgc2015","rating":1020,"private":0,"password":null}